3357 4995
628 297 758 362 2:18
1248 313 1327 359 nr:
1375 313 1466 360 ss.
1522 312 1635 359 uu.
1692 310 1883 360 ramo
1934 312 2007 359 ar
2055 309 2386 360 numano
2775 297 2814 360 J
2825 295 2995 362 UNII
3044 298 3087 362 9

534 398 835 469 vinculis
866 397 1124 486 quibus
1171 410 1367 466 erant
1397 397 1775 467 constricti.
1817 395 1927 464 Illi
1965 416 2120 465 vero
2154 395 2653 466 benedixerunt
2685 401 2921 478 Deum,
2964 399 3089 485 qui

534 510 652 558 eos
692 488 869 557 sicut
915 486 1083 556 olim
1132 490 1407 555 Petrum
1458 486 1883 577 Apostolum,
1946 506 2064 574 per
2111 484 2437 575 angelum
2474 505 2683 555 suum
2715 508 2756 555 a
2788 486 3089 558 vinculis

526 575 932 647 liberasset:
987 574 1503 666 rogabantque,
1558 586 1634 644 ut
1688 575 1775 645 ab
1839 572 2149 663 eiusdem
2217 573 2517 665 Apostoli
2571 575 2833 645 meritis
2901 576 3089 666 ipsos

536 687 674 735 non
727 664 996 736 sineret'
1027 685 1176 733 esse
1225 663 1515 733 alienos.
1762 671 1772 682 “

626 757 662 840 ἓ
707 760 796 825 2.
836 758 992 824 Post
1030 752 1180 822 dies
1208 751 1470 839 aliquot
1507 753 1874 842 jusserunt
1899 772 2017 822 eos
2047 751 2401 841 Principes
2433 773 2662 821 coram
2701 773 2774 822 se
2806 751 3084 823 adduci.

538 842 689 914 Illis
723 841 1167 923 intromissis,
1194 841 1456 911 dictum
1487 854 1591 912 est
1616 841 1703 911 ab
1723 840 1985 913 officio:
2019 844 2355 909 «Astant.»
2388 840 2711 910 Dixerunt
2734 841 2834 911 eis
2864 845 3093 932 Impe-

537 943 836 1002 ratores:
876 935 1051 1000 «Vos
1075 930 1263 1011 estiS,
1298 929 1421 1018 qui
1441 929 1643 1019 jussa
1674 943 1905 1000 nostra
1931 929 2371 999 contemnitis
2388 932 2460 998 t»
2490 931 2720 999 Sancti
2753 940 3092 1020 martyres
3197 978 3203 984 -

536 1020 1068 1111 responderunt:
1131 1023 1300 1088 «Nos
1346 1040 1428 1088 ea
1475 1039 1748 1109 semper
1784 1040 1906 1110 pro
1941 1016 2159 1087 nihilo
2190 1018 2600 1088 ducemus.»
2633 1024 2732 1089 Im
2831 1031 3091 1090 ratores

537 1109 890 1179 dixerunt:
924 1108 1306 1177 «Patienter
1345 1107 1618 1177 interim
1660 1106 1948 1177 ferimus
1981 1106 2276 1194 injurias
2307 1119 2611 1177 nostras:
2652 1129 2724 1178 se
2800 1130 2919 1178 vos
2939 1109 3089 1198 jam

539 1198 921 1269 sacrificate
951 1198 1103 1266 Jovi
1139 1210 1205 1266 et
1259 1195 1562 1276 Herculi,
1593 1217 1678 1265 ne
1713 1195 2013 1287 perdatis
2050 1195 2324 1287 generis
2358 1197 2563 1265 vestri
2602 1196 2673 1265 di
2728 1197 3088 1267 nitatem.»

538 1287 726 1357 Beati
762 1298 1098 1374 martyres
1149 1284 1689 1385 responderunt:
1751 1311 1777 1348 ι
1810 1291 1941 1355 Nos
1992 1289 2122 1354 Deo
2172 1283 2576 1374 placationis
2609 1298 2692 1354 ev
2730 1286 2932 1356 audis
2966 1286 3093 1356 ho-

541 1378 741 1445 stiam
780 1372 1228 1444 immolamus
1262 1396 1331 1443 m
1381 1373 1658 1444 odorem
1712 1373 2089 1455 suavitatiS,
2145 1394 2366 1459 neque
2405 1374 2876 1444 consentimus
2923 1397 3090 1465 ope-

542 1465 740 1535 ribus
763 1463 1228 1543 tenebrarum,
1265 1462 1522 1550 quibus
1553 1485 1670 1532 vos
1700 1462 1959 1532 addicti
1984 1463 2219 1532 estis.»
2255 1466 2707 1552 Imperatores
2739 1463 3086 1533 dixerunt:

543 1576 578 1619 «
604 1553 826 1622 Facite
865 1551 1286 1621 sacrificium
1320 1551 1455 1620 diis
1491 1552 1967 1622 invictissimis
1997 1549 2275 1620 Herculi
2308 1564 2373 1620 et
2404 1551 2556 1621 Jovi
2585 1576 2599 1619 :
2645 1551 2907 1639 alioqui
2938 1574 3095 1622 car-

541 1641 781 1711 nifices
809 1663 926 1710 vos
952 1639 1268 1709 atrociter
1303 1639 1739 1710 laniabunt.»
1764 1640 1944 1710 Beati
1980 1652 2312 1729 martyres
2345 1640 2875 1730 responderunt:
2917 1663 2953 1707 «
2979 1641 3092 1711 Sic
3191 1660 3196 1664 ’

544 1751 937 1800 mereamur
978 1751 1102 1819 pro
1151 1729 1398 1798 Christi
1447 1729 1727 1798 nomine
1763 1729 1929 1798 haec
1964 1728 2125 1818 pati,
2166 1742 2244 1798 ut
2278 1729 2363 1798 ad
2405 1729 2717 1819 martyrii
2765 1751 3093 1809 coronam

542 1818 744 1889 liceat
811 1819 1187 1908 pervenire,
1240 1831 1304 1886 et
1351 1818 1573 1888 simus
1637 1818 2009 1908 participes
2070 1817 2609 1908 promissionum
2661 1819 2836 1908 ejus,
2872 1831 2937 1888 et
2978 1820 3098 1889 bo—

542 1930 792 1978 norum
845 1906 1122 1976 illorum
1174 1927 1350 1993 quae
1403 1906 1718 1996 promisit
1789 1927 1860 1975 se
1925 1905 2252 1976 daturum
2306 1905 2445 1976 illis
2508 1906 2629 1994 qui
2682 1929 2803 1997 pro
2868 1907 3096 1997 ipsius

545 1996 824 2066 nomine
866 2007 1278 2085 respuerunt
1307 1995 1540 2064 omnia
1583 1995 1828 2064 mundi
1878 1994 2089 2085 hujus
2138 1994 2636 2076 blandimenta,
2675 2009 2740 2065 et
2787 2017 3094 2084 sequun-

541 2100 654 2155 tur
693 2091 960 2176 Agnum
1003 2105 1445 2171 quocumque
1495 2084 1668 2152 ierit.
1726 2088 1872 2166 Qua
1919 2096 2149 2154 autem
2202 2083 2466 2153 ratione
2517 2105 2890 2174 possumus
2923 2106 2962 2154 a
2995 2084 3095 2154 la-

544 2173 829 2264 pidibus
880 2187 945 2243 et
999 2173 1210 2262 lignis
1252 2194 1453 2262 opem
1506 2183 1753 2262 petere,
1809 2185 2202 2259 vestrosque
2250 2193 2386 2241 non
2436 2173 2599 2245 deos
2647 2172 2765 2242 sed
2815 2173 3096 2243 daemo-

541 2285 665 2331 nes
704 2264 1074 2334 invocare?
1119 2262 1240 2347 qui
1280 2282 1444 2331 sane
1502 2260 1583 2329 ad
1652 2274 1912 2331 tantam
1972 2274 2135 2331 sunt
2191 2260 2449 2332 redacti
2491 2263 2507 2330 i
2566 2262 2973 2343 nominiam,
3020 2274 3095 2331 ut

542 2352 675 2421 nisi
726 2350 901 2420 ferro
950 2363 1016 2420 et
1049 2349 1337 2440 plumbo
1377 2348 1898 2431 confirmentur,
1934 2362 2114 2420 stare
2144 2350 2335 2421 nullo
2387 2372 2497 2419 mo
2549 2374 2589 2421 o
2626 2351 2928 2440 possint:
2963 2349 3096 2420 eis-

539 2462 673 2528 que
712 2438 1183 2511 custodiendis
1230 2459 1436 2509 canes
1485 2438 1813 2509 adhibere
1865 2460 2139 2511 necesse
2199 2440 2310 2510 sit.
2363 2442 2548 2521 Quae
2599 2439 2874 2510 tandem
2926 2438 3095 2510 haec

541 2544 763 2601 vestra
811 2527 1113 2599 amentia
1150 2533 1301 2597 est?
1330 2552 1364 2594 »
1393 2533 1562 2597 Tum
1601 2551 1757 2599 vero
1789 2529 1890 2597 ira
1922 2528 2160 2618 perciti
2208 2533 2690 2618 Imperatores,
2734 2530 3099 2620 jusserunt

540 2642 656 2689 eos
703 2619 867 2689 duci
910 2619 996 2687 ad
1048 2616 1288 2686 sanum
1330 2616 1683 2687 Herculis:
1738 2632 1826 2698 et,
1899 2617 1957 2685 si
2008 2616 2268 2687 nollent
2315 2617 2730 2699 sacrificare,
2784 2618 2934 2687 dire
2982 2639 3099 2686 ex-

541 2709 861 2777 cruciari.
919 2712 1250 2776 Fecerunt
1300 2706 1576 2785 militeS,
1631 2720 1709 2776 ut
1754 2719 1950 2776 erant
1990 2706 2216 2794 jussi:
2275 2706 2389 2777 sed
2441 2729 2601 2777 cum
2654 2705 2848 2775 nullo
2946 2719 3098 2776 acto

543 2808 819 2868 sanctos
856 2809 1132 2886 possent
1157 2818 1197 2863 a
1236 2796 1572 2864 sententia
1599 2795 1963 2875 deducere,
2008 2808 2505 2882 cernerentque
2537 2817 2653 2865 eos
2690 2816 2812 2885 pro
2846 2799 2888 2864 C
2949 2795 3100 2864 risti

542 2886 824 2954 nomine
875 2884 1046 2954 mori
1100 2882 1327 2965 malle,
1380 2906 1589 2970 quam
1643 2884 1889 2964 vivere,
1942 2883 2154 2974 virgis
2206 2905 2322 2953 eos
2366 2884 2741 2954 crudeliter
2784 2883 3099 2953 caecide-

543 2986 728 3053 runt,
800 2972 1294 3058 dixeruntque:
1346 2977 1539 3041 «Cur
1595 2993 1731 3042 non
1790 2971 2084 3043 obedltis
2123 2971 2416 3043 decretis
2450 2978 2977 3062 Imperatorum,
3032 2984 3101 3041 et

431 3087 436 3093 ·
533 3063 680 3131 diis
726 3061 1317 3151 omnipotentibus
1365 3060 1621 3129 offertis
1654 3060 2101 3141 sacrificium,
2134 3060 2218 3130 ad
2270 3061 2454 3149 quod
2494 3085 2610 3133 vos
2641 3064 2791 3152 ipsa
2821 3081 3100 3147 quoque

546 3162 794 3221 natura
821 3149 1215 3219 hortaturi»
1243 3149 1772 3239 Responderunt
1804 3163 2165 3238 martyres:
2204 3155 2375 3220 «Par
2411 3163 2514 3220 est
2546 3150 2649 3219 illi
2681 3171 2805 3220 nos
2820 3148 3101 3219 obedire

545 3239 972 3330 Imperatori,
1027 3238 1148 3326 qui
1199 3251 1416 3328 potest
1469 3250 1534 3308 et
1581 3260 1836 3329 corpus
1891 3250 1957 3308 et
2015 3239 2320 3308 animam
2374 3239 2659 3329 perdere
2707 3241 2776 3308 in
2840 3238 3100 3329 gehen-

546 3351 733 3398 nam.
789 3332 1056 3397 vestros
1088 3339 1315 3397 autem
1361 3332 1838 3427 Imperatores,
1883 3327 2003 3415 qui
2054 3349 2229 3396 vana
2276 3326 2511 3398 colunt
2541 3326 2942 3409 simulacra,
2981 3348 3099 3418 ge-

546 3417 814 3486 hennae
872 3416 1054 3506 ignis
1103 3416 1652 3507 inextingmbilis
1701 3416 2127 3507 suscipiet.»
2188 3416 2431 3487 Milites
2480 3418 2648 3487 haec
2715 3416 3102 3486 retulerunt

545 3505 631 3576 ad
697 3510 796 3574 Im
854 3520 1183 3575 eratores:
1229 3504 1345 3593 qui
1401 3505 1594 3574 valde
1644 3505 1823 3584 irati,
1883 3518 2380 3596 praeceperunt
2410 3527 2527 3576 eos
2552 3505 2745 3596 ,tradi
2784 3508 3101 3575 Promoto

546 3594 774 3685 praesi
832 3594 853 3662 i
900 3594 1195 3664 civitatis
1243 3597 1754 3673 Numentanae,
1813 3607 1890 3664 ut
1935 3615 2053 3663 eos
2107 3595 2380 3685 egregie
2435 3592 2986 3674 excarnificaret,
3042 3594 3101 3663 si

547 3682 810 3753 nollent
871 3682 1086 3753 libare
1132 3683 1292 3753 diis.

636 3774 672 3859 ἓ
719 3776 811 3843 8.
865 3772 1199 3843 Tulerunt
1222 3793 1384 3861 ergo
1413 3782 1529 3841 eo‘s
1557 3770 1810 3842 milites
1839 3770 2017 3841 ferro
2042 3771 2328 3852 vinctos,
2361 3784 2427 3842 et
2454 3771 2921 3842 tertiodecimo
2945 3770 3102 3840 mil-

548 3859 748 3930 liario
778 3861 883 3931 via
910 3866 959 3931 N
970 3874 1341 3931 umentana
1369 3861 1711 3929 miserunt
1756 3882 1873 3930 eos
1902 3860 1971 3929 in
2003 3882 2348 3931 carcerem
2381 3860 2566 3950 apud
2608 3860 2833 3930 sorum
2862 3859 3103 3930 civita-

551 3951 657 4018 tis,
695 3955 771 4019 At
797 3951 1015 4022 sancti
1058 3961 1394 4038 martyres
1415 3971 1454 4017 a
1481 3948 1805 4037 precibus
1837 3960 1903 4018 et
1932 3948 2213 4038 hymnis
2241 3970 2601 4037 nunquam
2623 3950 3009 4030 cessabant,
3040 3960 3107 4018 et

545 4039 856 4126 quotidie
890 4040 976 4110 ab
1024 4037 1278 4129 Angelo
1324 4036 1912 4107 refocillabantur.
1945 4041 2099 4107 Post
2135 4038 2430 4108 multum
2468 4037 2796 4128 temporis
2828 4041 3106 4106 Promo-

549 4140 659 4198 tus
702 4149 977 4218 praeses
1013 4127 1212 4196 'ussit
1240 4127 1311 4195 in
1338 4125 1485 4196 foro
1515 4126 1712 4203 urbis
1745 4131 2216 4196 Numentanae
2248 4126 2383 4196 sibi
2411 4125 2713 4197 tribunal
2749 4125 3101 4217 apparari,

550 4217 932 4316 sedensque
956 4149 1122 4295 illic,
1141 4214 1337 4284 dixit:
1357 4215 1956 4285 «Intromittantur
1977 4236 2381 4304 personae.»
2396 4215 2822 4287 Intromissis
2844 4214 3105 4284 sanctis

551 4303 998 4394 martyribus,
1018 4303 1136 4372 ait:
1164 4308 1298 4373 «Ex
1321 4315 1683 4395 praecepto
1709 4304 2108 4393 Principum
2135 4315 2202 4373 et
2230 4303 2675 4374 dominorum
2705 4316 3104 4374 nostrorum

559 4392 909 4464 immolate
939 4391 1097 4473 diis,
1149 4414 1323 4480 quos
1366 4414 1654 4484 magnos
1687 4414 1836 4462 esse
1865 4392 2107 4483 probat
2140 4392 2538 4463 divinitas.»
2572 4391 3107 4483 Responderunt
