3357 4995
706 339 836 402 610
1325 353 1405 400 ΒΕ
1451 353 1505 398 s.
1562 351 1896 401 Aurussnuo
1944 352 2182 401 nuuc.
2233 352 2433 401 musc-
2809 336 3030 403 JUNII
3079 337 3163 402 26

612 460 911 527 eumque
945 459 1017 508 se
1063 448 1634 528 recuperaturum
1684 436 2092 528 desperavit,
2141 439 2326 525 quod
2376 458 2456 507 eo
2505 436 2578 507 in
2638 437 2788 508 loco
2824 436 2916 507 sit
2959 440 3163 525 quasi

613 530 910 619 abyssus
956 525 1323 615 quaedam,
1378 536 1454 597 ut
1498 525 1767 596 audivit
1789 526 1972 598 beati
2018 526 2364 597 Anthelmi
2392 547 2645 597 nomen
2676 540 2743 597 et
2789 526 3156 609 miracula,

612 617 751 689 fide
792 628 860 687 et
892 638 1016 707 spe
1043 616 1416 699 animatuS,
1447 615 1633 686 venit
1677 614 1766 685 ad
1800 635 2074 688 sacrum
2113 635 2371 705 corpus
2401 615 2579 707 ejus,
2620 615 2978 773 positoque
3018 615 3165 687 illic

611 727 808 777 cereo
869 725 1077 793 quem
1132 705 1202 774 in
1251 704 1402 795 ejus
1458 704 1793 775 honorem
1864 703 2293 785 confecerat,
2359 703 2432 773 in
2482 704 2622 794 vigi
2655 703 2757 775 ias
2803 716 2871 774 et
2921 726 3161 795 preces

611 794 954 876 incubuit,
1012 814 1303 864 munera
1351 791 1626 875 obtulit,
1662 805 1819 864 vota
1859 791 2041 864 fecit.
2090 796 2286 863 Mane
2335 805 2489 883 post
2535 793 2875 863 celebrata
2926 792 3166 864 divina

610 883 963 975 mysteria,
1021 904 1144 973 per
1175 882 1480 983 piissimi
1510 881 1923 953 confessoris
1953 882 2198 952 merita
2228 880 2314 952 de
2352 880 2589 951 divina
2621 882 2982 953 confidens
3032 883 3163 953 mi-

612 971 990 1054 sericordia
1020 969 1224 1041 rediit
1274 971 1361 1043 ad
1411 973 1669 1052 locum,
1709 994 1749 1041 a
1812 992 1951 1058 quo
2001 983 2306 1043 moestus
2361 982 2758 1053 recesserat,
2805 993 2929 1062 spe
2981 971 3169 1043 bona

610 1061 832 1160 factus
862 1060 1187 1131 hilarior:
1239 1072 1306 1133 et
1335 1083 1494 1135 ecce
1528 1059 1711 1131 videt
1737 1059 2029 1130 cadaver
2074 1060 2274 1148 equi,
2327 1080 2535 1147 quem
2585 1059 2864 1151 longius
2911 1059 2981 1131 vi
3029 1060 3166 1131 flu-

611 1150 825 1220 minis
872 1160 1151 1240 raptum
1216 1171 1385 1224 cous
1437 1160 1709 1231 exerat,
1762 1149 1834 1219 in
1883 1161 2162 1240 portum
2214 1148 2509 1240 ejectum
2536 1203 2554 1231 ,
2609 1169 2892 1237 remque
2959 1170 3163 1219 suam

613 1259 893 1309 omnem
945 1237 1206 1309 salvam
1248 1250 1314 1308 et
1358 1173 1698 1319 illaesam,
1741 1260 1907 1308 cum
1944 1259 2114 1308 sane
2137 1236 2596 1308 admiratione
2616 1236 2912 1327 dignum
2952 1251 3157 1320 esset,

612 1327 911 1399 sericum
965 1326 1141 1396 nihil
1184 1325 1676 1410 madefactum,
1730 1326 1905 1396 nihil
1967 1325 2115 1398 ulla
2161 1348 2243 1397 ex
2292 1337 2484 1417 parte
2538 1339 2974 1417 corruptum.
3028 1331 3165 1398 Ita-

611 1438 747 1505 que
778 1416 1011 1487 ablata
1049 1415 1350 1498 sarcina,
1405 1418 1625 1489 solius
1670 1416 1832 1503 equi
1853 1416 2202 1506 Jacturam
2237 1437 2375 1485 non
2411 1414 2990 1506 magnipendens,
3027 1421 3163 1486 Deo

613 1517 679 1576 et
759 1505 1030 1575 iissimo
1062 1504 1215 1594 ejus
1243 1505 1624 1579 confessori
1671 1504 1930 1597 gratias
1957 1505 2120 1596 egit,
2158 1503 2517 1593 laetusque
2546 1503 2904 1574 abscessit.

700 1528 755 1682 ξ
786 1599 881 1666 6.
951 1592 1078 1663 Sed
1129 1593 1189 1664 si
1228 1614 1356 1684 ego
1386 1616 1493 1666 «ea
1552 1594 1810 1675 omnia,
1861 1613 2043 1681 quae
2086 1592 2435 1685 benignus
2481 1597 2663 1663 Deus
2710 1614 2834 1683 per
2880 1615 3161 1665 servum

614 1703 824 1752 suum
852 1681 1266 1759 mirabiliter
1296 1682 1568 1756 efficere
1606 1703 1743 1753 non
1784 1681 2062 1764 desinit,
2109 1694 2438 1753 annotare
2474 1681 2706 1763 velim,
2744 1693 3023 1772 tempus
3051 1689 3164 1752 me

611 1770 842 1854 citius,
895 1792 1105 1858 quam
1142 1772 1452 1856 materia,
1520 1771 1814 1843 deficiet.
1867 1776 2012 1842 Non
2077 1792 2364 1862 possum
2412 1783 2641 1841 tamen
2708 1792 2930 1841 unum
2981 1769 3161 1840 illud

611 1859 1151 1950 praetermittere
1194 1860 1378 1948 quod
1432 1861 1720 1933 caeteris
1768 1859 1971 1952 longe
2016 1859 2423 1932 antecellere
2468 1859 2764 1931 videtur.
2820 1858 3162 1929 Fiscillia-

607 1971 770 2018 cum
811 1960 1056 2018 vocant
1101 1970 1246 2030 rus,
1289 1951 1472 2038 quod
1508 1973 1550 2021 a
1595 1949 1959 2020 Bellicensi
2004 1950 2177 2020 urbe
2209 1969 2327 2019 sex
2361 1949 2554 2019 abest
2588 1947 3035 2018 milliaribus.
3075 1953 3156 2018 ln

608 2058 688 2107 eo
737 2036 1076 2128 puerulus
1134 2037 1420 2125 quidam
1493 2038 1704 2110 trium
1764 2037 2038 2108 circiter
2081 2042 2454 2120 annorum,
2510 2049 2725 2107 matre
2782 2037 2935 2126 ejus
2980 2035 3154 2107 alibi

609 2148 783 2196 occu
834 2137 967 2208 ata,
1020 2125 1223 2197 domo
1253 2149 1596 2218 egressus,
1633 2127 2048 2217 longiusque
2121 2148 2503 2218 rogressuS.
2556 2125 2688 2195 hac
2744 2125 2905 2196 illac
2961 2147 3155 2196 erra-

610 2214 754 2286 bun
809 2237 892 2285 us
938 2214 1173 2306 vagari
1212 2216 1457 2307 coepit.
1487 2216 1708 2287 Tarda
1756 2215 2028 2286 tandem
2115 2219 2238 2285 ora
2261 2214 2616 2286 recordata
2648 2226 2868 2286 mater
2904 2215 3152 2304 pigno-

609 2304 708 2373 ris
754 2304 902 2386 sui,
968 2303 1277 2391 undique
1335 2304 1954 2396 circumspicienS,
2019 2323 2144 2374 nec
2190 2316 2420 2374 tamen
2470 2302 2615 2373 ulla
2660 2303 2813 2394 ejus
2861 2302 3157 2394 vestigia

610 2393 980 2483 aspiciens,
1030 2403 1218 2463 metu
1247 2406 1313 2464 et
1346 2405 1637 2465 tremore
1683 2416 1877 2464 corre
1927 2405 2019 2476 ta,
2048 2391 2236 2482 quod
2287 2392 2466 2462 male
2505 2391 2619 2482 agi
2651 2413 2815 2462 cum
2866 2391 3155 2482 parvulo

610 2481 1105 2573 suspicaretur,
1141 2481 1689 2572 circumquaque
1717 2482 1889 2554 sedu
1919 2505 1963 2553 a
1998 2481 2395 2554 curiositate
2433 2480 2795 2571 inquisivit
2832 2503 3023 2552 eum.
3059 2480 3154 2552 Ad

607 2582 988 2641 extremum
1021 2570 1106 2641 ad
1144 2573 1691 2661 praeterfluentis
1722 2572 1850 2643 rivi
1895 2571 2169 2643 alveum
2200 2592 2275 2640 se
2313 2570 2710 2653 conferens,
2741 2568 2926 2640 videt
2974 2570 3155 2641 filio·

606 2659 755 2730 lum
804 2680 1011 2732 suum
1052 2658 1330 2749 lapsum
1380 2661 1451 2731 in
1485 2683 1725 2750 aquas:
1762 2682 2063 2750 cumque
2107 2659 2348 2751 procul
2399 2660 2489 2730 ab
2522 2660 2725 2748 aquis
2771 2680 3157 2749 corpuscu-

608 2748 752 2818 lum
794 2748 1039 2840 agitari
1079 2760 1407 2831 cerneret,
1451 2750 1854 2821 existimans
1879 2770 2044 2822 eum
2075 2748 2306 2820 adhuc
2336 2747 2581 2829 vivere,
2618 2748 2691 2818 in
2719 2747 2902 2818 hanc
2928 2747 3161 2839 erupit

606 2858 867 2907 vocem:
907 2842 1083 2907 Deus
1129 2849 1195 2907 et
1239 2851 1473 2910 sancte
1519 2838 1879 2910 Anthelme
1927 2859 1969 2908 a
2016 2837 2214 2909 vobis
2259 2859 2546 2928 reposco
2608 2836 2836 2907 filium
2888 2857 3152 2908 meum.

610 2925 864 2996 Deinde
912 2926 1251 2997 accedens
1318 2927 1629 3019 propiuS,
1692 2940 1759 3001 et
1802 2948 1965 2998 eum
2009 2926 2375 2998 extrahens
2434 2926 2523 2996 ab
2570 2925 2795 3015 aquis,
2861 2937 2939 2996 ut
2985 2924 3161 2996 vidit

607 3013 1021 3097 exanimem,
1059 3014 1309 3085 vellere
1353 3016 1668 3107 capilloS,
1725 3014 2040 3088 scindere
2086 3028 2330 3096 vestes,
2384 3037 2597 3105 genas
2644 3013 3008 3106 unguibus
3055 3014 3160 3084 la-

611 3124 865 3186 cerare,
943 3104 1152 3196 ugnis
1184 3103 1544 3176 verberare
1575 3117 1839 3197 pectuS,
1884 3103 2132 3175 vallem
2163 3124 2441 3175 omnem
2477 3102 2757 3174 moestis
2804 3101 3160 3194 complere

612 3126 1039 3263 clamoribus
1075 3193 1322 3283 coepit,
1378 3194 1705 3266 miseram
1754 3216 1826 3266 se
1862 3192 2270 3275 vociferanS,
2323 3203 2390 3264 et
2437 3191 2711 3284 sibiipsi
2748 3190 2989 3264 volens
3035 3191 3160 3262 ad-

611 3280 784 3350 ferre
826 3303 1099 3352 manus,
1137 3282 1446 3354 Accurrit
1490 3305 1650 3353 vero
1698 3294 1890 3374 pater
1934 3281 2207 3364 anxiuS,
2258 3281 2583 3352 advolant
2631 3280 2841 3350 vicini
2879 3279 2966 3350 ad
3011 3292 3158 3351 tam

615 3370 1093 3441 miserandum
1142 3393 1175 3439 s
1228 3371 1614 3442 ectaculum
1644 3427 1660 3453 ,
1727 3369 1963 3442 dolent
2019 3369 2236 3440 vicem
2291 3382 2657 3461 parentum
2707 3369 3155 3441 miserorum.

614 3458 784 3528 Inde
831 3458 1118 3530 domum
1217 3472 1568 3550 eportatur
1601 3482 1797 3551 puer,
1848 3458 1974 3530 diu
2019 3458 2307 3541 fovetur,
2339 3459 2459 3529 sed
2495 3480 2630 3530 non
2679 3458 2983 3540 calescit,
3029 3479 3161 3529 nec

614 3547 990 3637 quicquam
1061 3548 1132 3617 in
1199 3571 1280 3619 eo
1354 3549 1579 3619 vitalis
1635 3549 1923 3639 spiritus
2005 3547 2549 3638 deprehenditur
2582 3604 2597 3629 ‚
2649 3570 2809 3617 cum
2859 3569 2901 3617 a
2951 3567 3160 3618 mane

610 3659 833 3724 usque
882 3638 952 3706 in
1009 3659 1363 3729 vesperam
1415 3637 1551 3708 fere
1600 3636 1918 3708 confotus
1964 3647 2164 3707 esset.
2203 3638 2423 3728 Igitur
2468 3635 2554 3706 de
2601 3636 2753 3706 e'us
2792 3634 3158 3726 sepultura

612 3726 867 3816 agitur,
923 3726 1041 3795 sed
1093 3739 1309 3796 mater
1346 3749 1418 3796 se
1465 3725 1776 3819 opponit,
1832 3725 2312 3814 constantique
2345 3725 2579 3796 animo
2662 3725 2817 3795 icit:
2874 3730 2922 3794 E
2970 3745 3154 3793 oca-

609 3814 817 3884 daver
862 3814 1073 3884 feram
1117 3815 1203 3885 ad
1253 3815 1525 3885 beatum
1575 3822 1913 3885 Joannem
1964 3826 2029 3885 et
2077 3827 2390 3884 sanctum
2438 3813 2878 3885 Anthelmum
2974 3811 3155 3883 omi-

610 3925 779 3973 num
816 3923 1074 3973 meum.
1131 3904 1342 3974 Credo
1373 3926 1612 3975 eorum
1667 3904 1929 3974 meritis
1977 3926 2017 3973 a
2058 3904 2346 3974 Domino
2394 3904 2787 3974 restitutum
2842 3901 3019 3973 mihi
3067 3901 3158 3971 iri

602 3991 832 4062 filium
877 4013 1135 4073 meum,
1169 4015 1375 4079 quem
1414 4007 1691 4084 propter
1724 4004 2001 4084 peccata
2044 4015 2195 4062 mea
2241 3993 2528 4063 abstulit
2560 3991 2730 4061 mihi
2773 3990 2968 4062 fraus
3020 3990 3158 4060 ini-

607 4081 795 4152 mici.
851 4080 976 4150 Illa
1028 4081 1125 4150 sic
1191 4083 1525 4162 instante,
1581 4095 1773 4173 pater
1837 4082 2103 4172 parvuli
2164 4080 2660 4172 corpusculum
2694 4135 2709 4162 ‚
2780 4080 3160 4150 comitante

605 4184 824 4241 matre
864 4181 929 4240 et
978 4169 1248 4251 vicinis,
1302 4172 1373 4241 in
1424 4171 1782 4241 ecclesiam
1835 4171 2278 4242 Bellicensem
2331 4170 2635 4251 adducit,
2697 4179 2763 4238 et
2818 4168 2902 4238 ad
2969 4167 3155 4239 beati

602 4258 946 4330 Anthelmi
979 4258 1299 4350 deposuit
1326 4260 1752 4350 sepulcrum.
1788 4261 2081 4330 Aderant
2111 4263 2263 4348 ejus
2295 4259 2489 4329 urbis
2523 4257 2847 4359 permulti
2888 4257 3157 4328 utrius-

601 4371 737 4437 que
785 4371 988 4419 sexus
1012 4348 1353 4430 homines,
1397 4351 1518 4437 qui
1552 4372 1667 4420 eos
1710 4349 1924 4419 secuti
1960 4363 2153 4419 erant
2185 4349 2254 4417 in
2304 4348 2691 4430 ecclesiam,
2723 4346 2982 4434 quibus
3021 4347 3156 4415 mi—

604 4460 796 4510 serae
846 4438 1084 4510 matris
1149 4438 1446 4510 lamenta
1509 4451 1574 4508 et
1619 4438 1858 4509 fideles
1919 4461 2195 4529 preces,
2275 4438 2618 4528 lacrymas
2677 4434 3147 4506 excutiebant.
