3357 4995
191 342 385 409 mxu
439 344 466 407 l
860 361 939 409 m:
987 360 1079 409 SS.
1133 361 1249 408 mi.
1303 359 1617 410 rAurmto
1667 360 1741 408 nr
1790 358 1989 409 socns
2572 342 2652 407 t7

199 444 600 517 decertantis
631 499 647 527 ,
730 446 1075 517 incessum
1115 499 1129 526 ,
1232 466 1351 517 cor
1403 468 1518 516 ore
1604 445 1890 536 pulvere
1995 438 2286 533 quidem
2380 466 2751 535 consperso

198 533 650 615 sordidatum,
697 534 816 604 sed
865 533 1113 604 decoro
1159 535 1300 604 oris
1398 535 1593 604 abitu
1640 534 2002 614 eximium,
2036 545 2262 604 erecta
2307 546 2373 604 et
2417 555 2754 625 generosa

196 623 399 692 animi
443 622 949 713 elationepost
987 634 1212 693 tantos
1264 624 1615 694 cruciatus
1665 623 1754 693 ad
1795 634 2090 693 mortem
2141 622 2599 714 gradientem,
2652 623 2759 692 di-

196 711 341 781 vino
394 716 439 781 S
494 710 667 783 iritu
715 732 948 782 revera
992 710 1443 803 completum,
1498 712 1744 782 habitu
1793 711 2302 802 philosophico,
2339 734 2476 798 quo
2514 713 2616 782 uti
2650 734 2757 783 so-

192 799 394 880 lebat,
502 822 586 870 oc
634 813 761 881 est,
815 800 1224 871 indumento
1272 801 1360 870 ad
1408 801 1695 872 modum
1749 799 1946 891 pallii
1981 800 2310 871 humeros
2358 799 2585 871 solum
2634 802 2760 871 ob-

191 888 485 1046 tegentis
534 888 889 970 vestitum,
942 889 1407 961 familiaribus
1446 891 1618 970 suis,
1674 889 1844 976 quid
1894 889 2054 960 illos
2088 890 2247 980 ejus
2280 890 2493 960 causa
2540 888 2761 961 facere

189 978 415 1057 velet,
478 977 792 1048 modesto
837 990 903 1048 et
939 978 1318 1066 tranquillo
1365 979 1600 1049 animo
1650 978 1884 1069 praeci
1940 979 2197 1048 ientem
2227 1031 2243 1063 ,
2298 991 2617 1067 nutuque
2665 979 2761 1048 si-

190 1066 672 1156 gnificantem,
727 1077 793 1136 et
839 1088 1000 1136 cum
1041 1068 1190 1158 jam
1236 1066 1323 1136 ad
1366 1067 1604 1157 palum
1637 1080 1818 1139 esset
1847 1090 1886 1136 a
1921 1068 2175 1158 ligatus
2208 1066 2482 1137 vultum
2524 1066 2760 1156 splen-

189 1155 439 1224 didum
487 1167 556 1224 et
602 1155 894 1226 hilarem
928 1168 1337 1226 servantem:
1389 1155 1773 1257 quinetiam
1811 1176 1973 1226 cum
2022 1178 2237 1246 rogus
2288 1154 2494 1247 longo
2544 1156 2756 1225 inter-

188 1243 371 1313 vallo
410 1243 501 1313 ab
550 1243 672 1313 illo
720 1255 1074 1331 tamquam
1116 1245 1188 1314 in
1238 1244 1579 1315 ambitum
1629 1244 2008 1332 orbemque
2056 1243 2556 1326 exardesceret,
2596 1245 2758 1314 hinc

188 1332 531 1419 illincque
578 1334 934 1402 flammam
982 1354 1099 1402 ore
1146 1332 1234 1402 ad
1294 1356 1366 1403 se
1412 1333 1863 1424 arripientem
1892 1388 1907 1415 ,
1961 1345 2027 1404 et
2076 1344 2231 1424 post
2280 1333 2452 1403 haec
2502 1333 2709 1403 verba
2737 1390 2753 1416 ,

192 1443 375 1508 quae
414 1422 566 1509 jam
615 1421 1057 1490 flammarum
1108 1422 1800 1512 incendio-primum
1848 1443 2106 1512 corpus
2159 1422 2540 1513 attingente
2573 1422 2763 1492 clara

184 1532 356 1580 voce
390 1507 880 1599 profundebat,
919 1531 1168 1601 nempe
1212 1516 1452 1581 Jesum
1505 1510 1756 1580 Filium
1807 1511 1925 1580 Dei
1973 1512 2126 1601 ejus
2168 1510 2554 1599 adjutorem
2589 1510 2755 1592 fore,

191 1598 765 1669 constantissime
797 1620 960 1668 cum
1000 1599 1276 1669 silentio
1322 1621 1563 1670 omnes
1609 1601 1964 1670 cruciatus
2005 1600 2090 1669 ad
2123 1610 2513 1670 extremum
2534 1616 2766 1688 -usque

190 1687 530 1777 spiritum
579 1685 1007 1758 tolerantem.
1060 1687 1217 1757 Tale
1264 1687 1629 1777 Porphyrii
1674 1689 1747 1756 in
1799 1688 2132 1778 martyrio
2165 1701 2518 1759 certamen
2551 1688 2768 1762 fuisse

78 1826 95 1843 .
191 1787 499 1845 constal..

278 1867 320 1952 ξ
370 1868 465 1935 5.
521 1862 731 1949 Cujus
763 1864 938 1935 vitae
967 1865 1227 1934 exitum
1263 1863 1591 1935 Seleucus
1620 1865 1977 1937 confessor
2008 1865 2302 1954 quidam
2337 1887 2418 1935 ex
2454 1865 2767 1936 militum

188 1973 519 2031 numero,
574 1953 933 2043 Pamphilo
981 1952 1365 2023 nuntiavit:
1426 1955 1571 2041 qui,
1621 1965 1697 2024 ut
1746 1976 1872 2045 par
1910 1968 2078 2036 erat,
2133 1954 2484 2024 e‘usmodi
2533 1956 2765 2025 nuntii

188 2042 571 2121 ministro,
622 2042 1145 2132 quamprimum
1210 2040 1339 2112 fuit
1385 2041 1625 2111 eadem
1677 2055 1860 2112 sorte
1907 2065 2070 2113 cum
2135 1976 2277 2113 illis
2330 2044 2770 2133 martyribus

188 2129 558 2221 dignatus.
600 2134 764 2199 Nam
801 2153 956 2200 mox
986 2144 1064 2201 ut
1096 2142 1383 2200 mortem
1417 2131 1854 2201 nuntiaverat
1889 2131 2292 2221 Porphyrii,
2326 2143 2390 2201 et
2431 2154 2653 2202 unum
2683 2154 2765 2201 ex

185 2217 633 2307 martyribus
653 2218 890 2289 osculo
917 2231 1153 2289 sancto
1178 2219 1615 2301 salutaverat,
1647 2241 1806 2290 eum
1840 2219 2096 2290 milites
2125 2220 2412 2308 quidam
2440 2241 2758 2311 compre-

185 2307 609 2387 hendenteS,
650 2307 737 2376 ad
777 2307 1161 2398 praesidem
1204 2307 1580 2378 deducunt.
1631 2313 1765 2397 Iste
1805 2321 2158 2396 tamquam
2199 2308 2354 2397 ejus
2389 2309 2761 2400 profectio-

186 2418 357 2467 nem
392 2406 793 2477 maturans,-
829 2419 967 2484 quo
1000 2395 1377 2487 Porphyrio
1409 2418 1639 2467 comes
1672 2397 1942 2485 itineris
1988 2398 2072 2467 ad
2124 2397 2395 2467 coelum
2444 2398 2753 2488 suscepti

189 2485 726 2576 adjungeretur,
777 2484 1116 2575 extemplo
1175 2485 1421 2575 capitis
1471 2485 1819 2578 supplicio
1873 2486 2199 2556 mulctari
2238 2484 2466 2576 jubet.
2513 2487 2640 2556 Hic
2691 2487 2763 2555 in

189 2572 643 2666 Cappadocia
697 2586 938 2655 natus,
996 2596 1163 2664 prae
1220 2574 1482 2646 delecto
1523 2575 1865 2664 juvenum
1921 2575 2159 2666 glob0,
2199 2576 2323 2661 qui
2358 2574 2429 2643 in
2462 2575 2770 2644 exercitu

192 2669 522 2735 Romano
574 2662 983 2744 militabant,
1037 2683 1339 2753 praeque
1404 2662 1567 2744 illis,
1634 2664 1756 2751 qui
1814 2674 2009 2733 erant
2055 2662 2246 2753 apud
2296 2668 2642 2734 Romanos
2691 2663 2764 2732 in

188 2751 460 2843 amplis
512 2750 928 2841 dignitatum
992 2751 1327 2842 gradibus
1376 2751 1600 2830 locati,
1662 2773 1803 2822 non
1842 2753 2173 2842 exiguum
2224 2752 2553 2821 honorem
2606 2750 2766 2821 ade-

191 2857 366 2933 ptus
412 2853 544 2910 est.
610 2846 833 2911 Aetate
860 2840 1060 2910 -enim
1108 2842 1417 2921 florente,
1473 2839 1741 2921 robore,
1785 2841 2227 2930 proceritate,
2299 2839 2770 2928 firmitateque

190 2929 521 3020 corporis
548 2929 931 3086 glurimum
964 2929 1291 2999 omnibus
1318 2928 1661 2999 militibus
1687 2927 2110 2999 antecelluit:
2139 2928 2313 2999 adeo
2342 2941 2420 2999 ut
2449 2942 2774 3020 aspectus

191 3021 354 3110 ejus
394 3018 546 3087 cele
600 3018 737 3098 ris»,
773 3031 841 3088 et
879 3018 1193 3088 omnium
1246 3039 1563 3088 sermone
1595 3016 2037 3107 praedicatus
2070 3018 2414 3099 existeret,
2451 3029 2588 3088 tota
2620 3040 2774 3089 cor-

193 3108 399 3200 poris
446 3105 679 3175 forma
723 3128 805 3177 ac
853 3106 1080 3197 specie
1129 3118 1272 3176 tum
1309 3106 1397 3178 ob
1447 3104 2216 3196 magnitudinem,tum
2251 3106 2339 3176 ob
2425 3107 2771 3177 ulchritu-

194 3197 449 3266 dinem
498 3206 565 3264 et
612 3206 845 3286 aptam
897 3195 1371 3267 membrorum
1406 3193 1981 3284 compositionem
2029 3195 2377 3265 admirabi
2413 3196 2494 3265 is.
2532 3197 2666 3279 Qui
2699 3197 2773 3264 in

194 3288 359 3376 ipso
367 3283 910 3441 tpersecutionis
957 3284 1178 3364 initio,
1238 3284 1600 3374 plagarum
1654 3283 2099 3374 perpessione
2146 3284 2218 3353 in
2269 3284 2774 3354 certaminibus

193 3395 330 3465 pro
421 3372 540 3441 dei
587 3371 1017 3442 confessione
1064 3373 1408 3463 susceptis
1456 3371 1838 3443 admodum
1886 3371 2157 3442 enituit:
2202 3384 2268 3442 et
2314 3372 2439 3443 ubi
2484 3373 2774 3443 militiae

194 3481 531 3540 munere,
572 3481 712 3547 quo
739 3459 1179 3551 fungebatur,
1214 3460 1552 3551 spoliatus
1593 3460 1746 3542 fuit,
1781 3481 2020 3530 eorum
2054 3461 2176 3548 qui
2210 3464 2497 3543 ascetae,
2531 3461 2604 3530 id
2636 3472 2763 3540 est,
2807 3459 2816 3470 “

194 3550 491 3642 pietatis
537 3548 836 3619 cultores
884 3549 986 3619 vel
1038 3550 1387 3630 monachi,
1423 3550 1781 3630 dicuntur,
1839 3549 1959 3636 qui
2008 3548 2157 3620 dies
2192 3562 2562 3638 noctesque
2596 3549 2774 3619 divi-

194 3641 315 3709 nis
350 3637 927 3708 meditationibus
966 3659 1041 3710 se
1087 3650 1424 3718 exercent,
1457 3636 1810 3708 aemulum
1857 3659 1929 3709 se
1958 3650 2024 3707 et
2055 3638 2469 3708 imitatorem
2505 3639 2771 3709 effecit:

196 3726 554 3819 orphanis
592 3726 903 3809 desertis,
956 3725 1187 3796 viduis
1232 3727 1425 3797 omni
1473 3749 1603 3818 ope
1650 3726 2036 3808 destitutis,
2093 3727 2496 3800 hominibus
2539 3728 2778 3819 inopia

195 3829 265 3886 et
305 3815 636 3908 corporis
666 3816 1068 3886 infirmitate
1097 3815 1463 3898 afflictatis,
1503 3818 1724 3885 instar
1759 3815 1976 3917 patris
2009 3815 2314 3906 alicujus
2349 3816 2780 3908 indulgentis

196 3920 265 3975 et
333 3904 727 3986 curatoriS‚
794 3904 1094 3996 benigne
1163 3906 1517 3995 prospexit
1558 3917 1628 3975 et
1673 3904 2058 4005 opitulatus
2105 3917 2230 3974 est.
2284 3906 2476 3975 Unde
2535 3906 2778 3976 merito

197 3995 503 4081 quidem
553 4015 716 4063 cum
767 3998 942 4064 Deus
980 3993 1068 4063 ab
1114 3994 1461 4094 ejusmodi
1498 3994 1776 4084 pietatis
1828 3992 2077 4063 officiis
2123 3994 2287 4084 plus
2329 3995 2560 4085 capiat
2590 3994 2778 4064 oble-

199 4082 541 4153 ctationis
574 4136 589 4162 ,
666 4103 873 4169 quam
921 4104 962 4152 a
1007 4082 1311 4154 victimis
1374 4082 1568 4153 fumo
1639 4081 2247 4163 redundantibus,
2304 4096 2369 4154 et
2433 4084 2781 4174 sanguine

200 4172 548 4265 aspersiS,
598 4169 686 4239 ad
732 4171 1004 4273 insigne
1049 4182 1116 4241 et
1154 4170 1487 4240 eximium
1537 4170 1854 4261 martyrii
1887 4171 2102 4241 decus
2142 4193 2266 4262 per
2297 4172 2448 4261 ejus
2483 4173 2781 4263 gratiam

198 4261 601 4332 accersitus
638 4257 787 4328 suit.
826 4264 949 4332 Hic
981 4260 1300 4331 decimus
1331 4258 1587 4330 athleta
1626 4260 1807 4330 inter
1838 4281 1954 4330 eos
1985 4281 2162 4347 quos
2203 4282 2419 4351 supra
2468 4261 2780 4332 ostendi-

200 4372 394 4429 mus,
450 4368 607 4418 uno
652 4347 1027 4436 eodemque
1065 4348 1178 4419 die
1218 4359 1509 4419 mortem
1556 4348 1866 4440 oppetiit;
1920 4369 2060 4436 quo
2108 4360 2313 4432 certe,
2350 4359 2429 4419 ut
2459 4360 2769 4441 apparet,

202 4440 525 4509 maxima
565 4437 766 4521 quasi
812 4437 982 4507 coeli
1012 4448 1212 4529 porta
1256 4436 1603 4528 Pamphili
1654 4436 1986 4528 martyrio
2034 4436 2276 4532 decora
2321 4429 2447 4516 illa
2486 4438 2776 4529 quidem

364 4547 633 4608 surius
664 4576 686 4622 f
716 4543 876 4617 Vitae
912 4542 1023 4614 SS.
1048 4576 1081 4626 ς
1098 4544 1231 4612 Vol.
1262 4542 1367 4612 vl.
1889 4585 2026 4702 θ
2577 4550 2614 4606 2

168 4845 397 4892 Ἷῲῖ-
