3357 4995
725 331 847 396 ⁴44
1339 349 1417 395 nn
1466 349 1522 396 s.
1580 307 1849 396 omnmo
1898 347 2096 395 naiso.
2151 346 2485 396 ntsnnrmo
2878 329 3098 395 JUNII
3143 329 3179 392 6

634 455 1033 503 successore
1064 454 1195 501 non
1233 431 1522 502 minima
1554 433 1771 502 extitit
1811 432 2178 513 dissensio,
2207 431 2364 500 aliis
2392 432 2601 511 hunc,
2642 430 2797 500 aliis
2822 430 3181 528 aliumoeli·

681 522 978 591 entibus.
1017 519 1316 590 Tandem
1365 522 1739 592 unanimes
1792 521 1875 590 ad
1943 519 2368 611 precandum
2411 520 2773 588 Dominum
2825 541 2900 588 se
2948 533 3181 589 contu-

662 623 887 690 erunt,
933 609 1271 696 humique
1321 611 1664 700 prostrati,
1712 632 1873 679 cum
1911 609 2240 704 lacrymis
2287 608 2537 678 obnixe
2587 621 2946 698 rogarunt,
2994 621 3067 677 ut
3094 610 3175 678 ob

635 700 878 767 merita
921 698 1400 768 sanctissimae
1452 699 1685 768 Matris
1736 721 1925 779 suae,
1971 709 2035 767 et
2083 697 2264 767 beati
2319 697 2611 767 Joannis
2670 697 3011 787 Baptistae
3073 719 3204 785 pa·.

634 787 818 855 troni
867 788 1204 877 ipsorum,
1247 800 1788 875 sanctorumque
1834 788 2148 856 omnium
2193 785 2764 876 clementeripsis
2791 785 3176 876 inspiraret,

632 877 956 962 quisnam
1010 875 1351 944 Ecclesiae
1399 876 1802 945 Bisuntinae
1841 888 2072 967 pastor
2100 875 2466 966 eligendus
2496 887 2695 944 esset.
2743 879 2958 960 Atque
2983 875 3052 942 in
3081 874 3179 943 his

635 966 958 1053 precibus
1007 964 1148 1033 illis
1198 964 1823 1053 perseverantibuS,
1870 964 2308 1035 vorcoelitus
2356 963 2595 1033 audita
2642 975 2766 1042 est,
2789 963 3050 1052 jubens
3074 983 3178 1031 eos

633 1054 910 1124 omissis
962 1053 1290 1141 lacrymis
1357 1053 1631 1123 beatum
1697 1053 2059 1123 Claudium
2125 1074 2359 1123 creare
2425 1052 2825 1122 antistitem.
2882 1057 2974 1121 Ea
3030 1071 3180 1120 voce

631 1142 991 1211 exhilarati
1018 1141 1379 1221 -Canonici,
1434 1163 1673 1210 omnes
1723 1144 1793 1211 in
1847 1163 1997 1211 eam
2048 1153 2216 1212 eunt
2256 1141 2692 1222 sententiam,
2739 1152 2816 1210 ut
2865 1139 3178 1210 Claudius

634 1221 720 1300 s'it
749 1231 1120 1321 episcopus
1155 1231 1601 1300 Bisuntinus:
1638 1230 2139 1316 confestimque
2173 1232 2456 1300 mittunt
2481 1229 2912 1300 honestiores
2938 1252 2975 1298 e
3001 1228 3176 1298 Clero

632 1333 697 1402 et
733 1319 989 1410 populo
1041 1319 1221 1388 viros
1268 1321 1387 1405 qui
1435 1320 2049 1407 ejusconsensum
2085 1319 2462 1389 obtineant.
2509 1318 2631 1387 Ille
2683 1318 2958 1388 tandem
3014 1315 3177 1385 mul-

635 1408 721 1477 tis
759 1408 1080 1498 precibus
1127 1421 1192 1476 et
1240 1407 1569 1496 lacrymis
1618 1409 1864 1489 victus,
1914 1407 2140 1477 sciens
2192 1431 2263 1478 se
2303 1407 2579 1477 divinae
2633 1428 2764 1476 non
2833 1428 3031 1497 posse
3079 1426 3173 1474 re·

636 1498 877 1567 sistere
922 1496 1282 1576 voluntati,
1319 1496 1711 1566 Bisuntium
1763 1497 2064 1576 ducitur,
2103 1497 2241 1566 imo
2273 1518 2432 1566 vero
2480 1496 2802 1577 trahitur,
2838 1494 3174 1594 Archiepi-

637 1607 889 1674 scopus
937 1597 1430 1665 consecratur,
1499 1607 1539 1652 a
1599 1606 1877 1654 summo
1940 1584 2266 1654 Pontifice
2327 1587 2479 1674 ejus
2545 1585 2787 1654 electio
2856 1603 3175 1672 canonica

635 1674 1063 1774 approbatur
1100 1686 1164 1743 et
1209 1673 1687 1754 confirmatur,
1742 1696 1927 1743 anno
1974 1696 2014 1743 a
2049 1674 2313 1745 Christo
2358 1686 2514 1743 nato
2564 1674 3056 1743 sexcentesimo
3086 1671 3174 1739 vi-

635 1774 1112 1831 cesimosexto.
2288 1823 2298 1832 .

728 1858 764 1931 ἓ
816 1856 902 1922 4.
960 1855 1204 1921 Factus
1259 1861 1485 1920 autem
1541 1851 1970 1942 Episcopus,
2037 1851 2396 1932 eamdem,
2450 1873 2662 1938 quam
2713 1851 2914 1941 prius
2964 1847 3174 1918 humi-

639 1939 897 2008 litatem
943 1953 1008 2010 et
1059 1961 1331 2009 morum
1381 1940 1781 2031 gravitatem
1851 1941 1920 2008 in
1986 1941 2317 2010 omnibus
2388 1960 2662 2030 semper
2732 1938 3069 2018 servavit,
3117 1947 3174 2003 et

634 2041 713 2097 ut
761 2026 986 2096 fidelis
1027 2051 1266 2098 servus
1298 2040 1364 2096 et
1398 2028 1708 2119 prudens
1744 2028 2081 2097 familiam
2135 2029 2408 2098 Domini
2449 2041 2513 2097 et
2561 2027 2861 2098 creditas
2893 2026 3024 2098 sibi
3063 2029 3172 2093 Ec-

636 2116 883 2186 clesias
934 2117 1214 2186 ferventi
1264 2117 1405 2186 zelo
1454 2118 1888 2217 gubernavit,
1928 2127 2176 2187 causas
2223 2131 2285 2186 et
2319 2117 2823 2187 controversias
2872 2113 3171 2186 ecclesia·

638 2205 845 2276 sticas
895 2206 1082 2275 horis
1122 2216 1533 2296 opportunis
1573 2207 1862 2275 comiter
1893 2217 1957 2275 et
1991 2206 2259 2297 placide
2307 2205 2572 2276 audivit
2618 2219 2683 2275 et
2730 2205 2819 2274 ad
2869 2203 3170 2274 ecclesia-

600 2295 968 2363 ·sticarum
1005 2295 1441 2364 sanctionum
1482 2296 1985 2385 praescriptum
2028 2295 2302 2385 egregie
2331 2294 2631 2363 diremit.
2671 2299 3060 2380 Numquam
3097 2288 3171 2359 ob

635 2383 919 2469 quaevis
968 2382 1322 2452 tractanda
1372 2383 1643 2472 negotia
1694 2382 2058 2462 secularia,
2114 2383 2249 2452 nisi
2275 2383 2558 2452 evidens
2591 2383 2966 2452 necessitas
2993 2375 3168 2449 aliud

637 2471 1013 2562 postularet
1061 2472 1147 2542 ab
1181 2471 1470 2542 ecclesia
1501 2472 1585 2541 iis
1618 2472 1818 2542 horis
1857 2473 2095 2543 abesse
2145 2472 2381 2552 voluit,
2414 2472 2674 2560 quibus
2708 2471 2950 2541 divina
2993 2489 3169 2559 pera-

636 2562 978 2652 gebantur
1017 2562 1265 2631 officia.
1307 2563 1556 2632 Crebro
1604 2562 1923 2639 visitabat
1970 2561 2305 2631 dioecesis
2346 2583 2512 2632 suae
2559 2561 2915 2641 ecclesiaS,
2952 2570 3013 2627 et
3058 2577 3170 2626 ceu

634 2653 860 2720 bonus
901 2649 1416 2739 paterfamiliaS,
1474 2651 1673 2740 juxta
1724 2651 1996 2720 Domini
2047 2652 2482 2727 sententiam.
2554 2650 2638 2720 de
2689 2651 3016 2719 thesauro
3062 2664 3170 2715 suo

634 2738 988 2829 proferens
1025 2761 1195 2808 nova
1243 2750 1307 2808 et
1354 2752 1601 2819 vetera,
1653 2739 2137 2810 mellitissimis
2169 2739 2759 2809 exhortationibus
2791 2738 2941 2808 suis
2974 2737 3169 2806 bonos

635 2840 700 2895 et
747 2828 899 2917 pios
946 2829 1298 2903 incitabat,
1360 2840 1437 2896 ut
1484 2828 1565 2896 ad
1636 2828 1920 2897 meliora
1969 2826 2418 2917 proficerent:
2475 2828 2706 2918 lapsos
2756 2848 2917 2897 vero
2976 2836 3037 2894 et
3080 2841 3169 2890 er-

636 2930 866 2987 rantes
914 2915 1178 2986 solicite
1211 2915 1647 2991 admonebat.
1685 2930 1763 2986 ut
1810 2915 1896 2985 ad
1946 2917 2201 2986 bonam
2253 2938 2399 2986 sese
2449 2914 2720 3007 frugem
2776 2916 3164 3004 reciperent,

635 3016 787 3074 erat
826 3004 1010 3072 enim
1063 3026 1229 3074 sane
1277 3004 1465 3073 haud
1516 3004 1952 3075 mediocriter
2018 3004 2353 3074 literatus.
2422 3006 2700 3075 Divinae
2762 2999 3168 3091 contempla-

637 3093 807 3163 tioni
856 3091 1142 3163 sedulus
1173 3093 1475 3173 vacabat,
1531 3104 1737 3180 atque
1786 3094 2062 3163 interim
2096 3084 2383 3183 spiritus
2429 3096 2582 3185 ejus
2634 3094 2897 3164 mirum
2940 3093 3008 3159 in
3043 3108 3169 3157 mo·

635 3182 803 3252 dum
851 3176 1266 3250 elevabatur.
1307 3186 1436 3249 Nec
1485 3192 1711 3251 tamen
1800 3196 2025 3271 ropter
2054 3182 2662 3271 contemplationis
2709 3205 2890 3269 quae
2939 3177 3169 3249 Mariae

636 3270 987 3350 tribuitur,
1034 3271 1276 3351 otium,
1333 3270 1634 3340 Marthae
1684 3271 1750 3339 la
1801 3272 2106 3341 oriosum
2159 3270 2455 3361 neglexit
2487 3273 2992 3341 ministerium:
3045 3266 3169 3365 imo

634 3381 794 3428 vero
842 3371 1098 3449 septem
1153 3358 1665 3430 misericordiae
1720 3360 2114 3430 exercendis
2177 3360 2506 3448 operibus
2557 3362 2715 3431 totis
2765 3360 3028 3430 viribus
3073 3373 3166 3420 ln·

641 3447 1036 3518 cumbebat.
1148 3530 1152 3534 ι
3122 3527 3133 3539 .

728 3537 765 3622 §
810 3541 897 3608 ὅ.
953 3540 1118 3634 Qum
1170 3545 1398 3605 autem
1442 3536 1644 3606 annis
1681 3548 1939 3627 septem
1975 3559 2126 3607 eam
2161 3542 2619 3631 gubernasset
2647 3537 3042 3612 Ecclesiam,
3074 3528 3168 3597 dt-

640 3626 799 3694 vino
832 3645 991 3693 eum
1042 3612 1275 3694 aYnore
1326 3647 1437 3694 ma
1492 3625 1550 3695 is
1596 3648 1676 3695 ac
1727 3627 1950 3716 magis
2003 3641 2439 3720 perurgente,
2473 3649 2716 3697 omnes
2769 3622 3007 3696 mundi
3038 3618 3169 3720 ‚hu-

631 3716 751 3803 jus
798 3734 962 3803 opes
995 3725 1059 3781 et
1108 3735 1398 3803 pompas
1495 3714 1796 3784 eclinare
1843 3715 2160 3805 cupiens,
2197 3731 2272 3787 ut
2361 3728 2541 3789 osset
2591 3715 2881 3786 liberius
2919 3711 3169 3806 divlnae

641 3824 713 3872 se
761 3800 1327 3892 contemplationi
1363 3802 1653 3884 tradere,
1694 3804 1965 3874 cunctis
2013 3804 2083 3872 in
2118 3828 2245 3876 sua
2338 3804 2579 3877 ioecesi
2612 3804 2785 3873 bene
2811 3797 3166 3891 dispositis,

642 3890 1059 3980 Episcopatu
1099 3911 1171 3960 se
1218 3890 1583 3973 abdicavit,
1621 3904 1686 3961 et
1717 3894 1804 3963 ab
1833 3892 2087 3983 Angelo
2115 3895 2539 3974 admonitus,
2575 3892 2661 3961 ad
2681 3885 3171 3980 'monasterium

643 3984 708 4048 S.
744 3978 1063 4069 Eugendi
1094 3979 1128 4013 ²*
1157 3979 1340 4066 quod
1375 3981 1580 4051 etiam
1629 3988 1927 4051 Jurense
1974 3981 2254 4064 dicitur,
2293 3985 2360 4053 in
2409 3982 2810 4052 Bisuntinae
2857 3979 3170 4048 dioecests

641 4067 945 4138 confinio
997 4068 1251 4150 situm,
1325 4091 1396 4139 se
1442 4070 1781 4149 contulit,
1853 4081 2060 4158 atque
2122 4071 2266 4142 illic
2323 4072 2638 4142 habitum
2687 4083 2753 4140 et
2801 4067 3172 4157 institutum

644 4161 709 4226 S.
758 4156 1107 4227 Benedicti
1155 4158 1557 4249 complexus
1586 4170 1710 4228 est.
1748 4164 1998 4229 Tantae
2047 4182 2205 4231 vero
2231 4161 2618 4231 sanctitatis
2657 4170 2723 4228 et
2759 4153 3171 4248 perfectioms

642 4245 795 4325 fuit,
851 4256 927 4315 ut
974 4247 1290 4316 omnium
1341 4269 1519 4335 quae
1569 4248 1637 4316 in
1694 4248 1955 4318 mundo
2005 4261 2188 4330 sunt,
2244 4250 2527 4329 oblitus,
2588 4246 2735 4317 solo
2765 4243 3172 4335 omnipoten-

643 4334 730 4404 tis
781 4334 896 4403 Dei
949 4335 1271 4425 flagraret
1319 4358 1576 4407 amore.
1630 4336 1986 4427 Vigilabat
2024 4339 2093 4406 in
2159 4338 2507 4428 precibus,
2565 4336 2890 4407 assiduus
2935 4341 3071 4400 erat
3107 4343 3166 4391 tn

703 4453 728 4479 ¹·
758 4450 876 4494 Viae
898 4453 1015 4500 sur..
1040 4456 1140 4496 voi.
1160 4456 1196 4501 1,
1216 4465 1261 4505 p.
1282 4456 1345 4496 59.
2510 4448 2518 4456 '
