3357 4995
660 317 784 380 ⁴40
1239 334 1317 380 ns
1365 334 1419 380 s.
1475 330 1810 380 nemmem
1857 330 2054 379 muse.
2109 331 2184 378 ΕΤ
2233 331 2422 377 mar.
2804 314 3028 381 JUNII
3081 320 3126 382 5

659 421 695 505 ξ
742 423 835 490 9.
890 418 1190 488 Necdum
1243 438 1400 486 vero
1436 429 1720 487 sanctus
1770 417 2152 506 Episcopus
2204 415 2413 571 huius
2450 414 2840 487 salutiferae
2872 417 3130 487 exhor-

571 507 847 577 tationis
894 507 1099 576 verba
1137 505 1544 586 absolverat,
1585 528 1746 575 cum
1796 526 1953 574 ecce
1980 504 2217 574 furens
2251 503 2294 571 il
2330 525 2370 572 a
2406 525 2834 595 paganorum
2889 506 3127 587 turba,

569 619 728 666 cum
781 595 1034 685 gladiis
1081 607 1147 664 et
1192 595 1423 664 omnis
1484 593 1758 685 generis
1815 593 2063 662 infesta
2130 605 2483 663 armatura
2550 593 2618 661 in
2686 615 2804 662 eos
2866 595 3074 668 irruit
3110 653 3128 677 ,

567 684 1008 770 cruentisque
1060 682 1388 753 manibus
1420 684 1720 754 barbara
1765 682 2066 768 quadarn
2122 681 2383 751 feritate
2432 704 2547 753 eos
2590 682 2908 752 trucidat.
2956 685 3138 755 Inde

569 775 655 843 ad
717 773 1004 844 tentoria
1052 793 1295 841 eorum
1348 775 1744 863 properant,
1777 784 1843 841 et
1892 784 2041 840 tum
2094 769 2329 851 libros,
2371 784 2514 840 tum
2552 792 2905 840 sacrarum
2957 773 3131 842 reli-

566 862 909 949 quiarum,
939 859 1267 951 capsulas
1317 882 1553 932 secum
1603 859 1951 940 auferunt,
2006 858 2419 929 arbitrantes
2454 881 2526 930 se
2559 881 2666 928 ma
2725 881 2850 930 nos
2900 861 2969 930 in
3021 863 3135 932 eis

567 951 833 1042 argenti
880 963 945 1020 et
993 949 1147 1019 auri
1197 949 1557 1020 thesauros
1593 962 2007 1039 reperturos.
2052 952 2198 1016 Mox
2248 947 2334 1016 ad
2379 969 2587 1018 naves
2616 970 2655 1017 a
2712 949 2966 1031 volant,
2999 950 3132 1020 ali-

567 1039 1080 1132 mentapmnia
1131 1051 1514 1128 exportant,
1551 1052 1617 1108 et
1662 1059 1823 1107 cum
1874 1036 2140 1124 aliquid
2181 1035 2319 1104 vini
2354 1035 2497 1106 illic
2531 1037 2973 1126 reperissent,
3016 1040 3128 1108 hi-

569 1128 801 1199 lariter
848 1127 1011 1197 inde
1040 1127 1354 1216 potitant.
1395 1133 1631 1198 Postea
1678 1127 1859 1195 inter
1898 1147 1969 1195 se
2021 1137 2314 1195 tractant
2365 1124 2449 1194 de
2498 1125 2887 1197 dividundo
2944 1128 3129 1199 inter

569 1219 755 1308 ipsos
788 1217 1108 1286 thesauro
1157 1215 1299 1297 illo,
1337 1237 1543 1303 quem
1588 1237 1660 1285 se
1688 1215 2033 1285 invenisse
2063 1212 2236 1282 falso
2262 1213 2771 1284 existimabant.
2809 1221 3125 1305 Cumque

568 1307 775 1396 longa
822 1305 1318 1395 disceptatione
1347 1305 1517 1374 nihil
1561 1305 1743 1373 inter
1790 1325 1861 1372 se
1912 1302 2197 1391 pacifice
2223 1305 2971 1392 possent‘constituere,
3011 1329 3122 1376 re-

569 1408 770 1485 pente
803 1394 982 1462 inter
1026 1415 1143 1463 eos
1175 1394 1501 1463 immanis
1548 1393 1776 1463 existit
1821 1390 2170 1461 discordia
2196 1413 2374 1477 quae
2401 1413 2706 1480 eousque
2756 1396 3117 1494 processit,

565 1495 644 1553 ut
689 1483 924 1553 eodem
978 1482 1231 1562 furore,
1270 1482 1509 1552 eadem
1561 1481 1864 1562 vesania,
1926 1479 2167 1550 iisdem
2223 1501 2310 1548 ue
2365 1481 2603 1562 armis,
2656 1483 2914 1569 quibus
2962 1505 3124 1553 san-

564 1585 712 1642 ctos
746 1583 1084 1660 martyres
1118 1593 1284 1641 suae
1323 1570 1567 1642 salutis
1619 1569 1972 1640 ministros
2009 1570 2193 1657 jugu
2224 1580 2443 1649 arant,
2498 1582 2739 1639 mutuo
2788 1591 2862 1641 se
2898 1573 3121 1642 confi-

567 1673 821 1730 cerent.
876 1665 967 1730 Ea
1014 1659 1222 1729 caede
1271 1672 1548 1750 peracta
1575 1659 1698 1746 qui
1744 1680 1825 1728 ex
1858 1659 1945 1727 iis
1980 1658 2698 1747 supererant‚.iterum
2751 1681 2872 1749 spe
2910 1660 3121 1750 pecu-

568 1750 843 1819 niarum
896 1749 1185 1829 incitati,
1238 1749 1321 1818 ad
1377 1748 1610 1818 thecas
1657 1747 1815 1817 illas
1856 1758 2249 1836 properant,
2287 1745 2506 1833 iisque
2563 1746 2953 1830 confractis,
2995 1772 3121 1840 pro

566 1860 737 1908 auro
785 1850 850 1906 et
904 1848 1187 1928 argento
1238 1838 1512 1908 codices
1560 1849 1627 1905 et
1685 1835 1960 1905 divinae
2007 1834 2360 1904 doctrinae
2397 1834 2673 1920 chartas
2726 1836 3117 1908 inveniunt.

510 1937 525 1960 ⁸
565 1931 735 1995 Tum
787 1917 1017 1995 furore
1076 1938 1142 1995 et
1189 1927 1489 1996 amentia
1539 1925 1803 2015 perciti,
1871 1922 2143 1993 codices
2203 1921 2358 1992 illos
2409 1925 2654 2013 partim
2719 1947 2840 2020 per
2886 1928 3121 2017 campi

567 2013 951 2105 planitiem,
991 2015 1241 2105 partim
1294 2037 1415 2106 per
1465 2013 1753 2105 paludes
1791 2011 2223 2102 dispergunt,
2263 2012 2512 2102 partim
2565 2013 2634 2081 in
2676 2012 2825 2083 loca
2876 2016 3121 2086 incon-

566 2124 739 2192 grua
789 2104 1149 2192 abjiciunt.
1204 2105 1335 2186 Qui
1384 2100 1996 2173 tamen-beneficio
2052 2100 2214 2180 Dei,
2278 2114 2353 2170 ut
2410 2101 2614 2190 cujus
2660 2117 2839 2173 esset
2889 2105 3118 2173 meriti

564 2191 670 2259 vir
718 2205 1023 2273 sanctuS‚
1065 2193 1538 2272 innotesceret,
1578 2203 1735 2281 post
1783 2190 1986 2279 longa
2037 2188 2329 2278 tempori
2375 2211 2408 2260 s
2462 2190 2597 2259 atia
2645 2190 2866 2262 illaesi
2896 2207 2963 2262 et
3011 2194 3121 2261 in-

567 2279 801 2351 violati
851 2281 1100 2371 reperti
1149 2293 1335 2359 sunt,
1374 2294 1440 2351 et
1486 2279 1571 2349 ad
1620 2278 1948 2350 ecclesias
1983 2277 2360 2376 intquibus
2464 2278 2756 2365 odieque
2805 2296 3114 2364 manent,

564 2391 604 2437 a
654 2370 953 2460 singulis
983 2391 1221 2439 eorum
1259 2368 1734 2439 inventoribus
1767 2378 2115 2457 reportati.

653 2459 689 2545 ξ
739 2462 897 2531 10.
951 2464 1030 2528 In
1080 2458 1168 2529 iis
1215 2471 1443 2529 autem
1494 2468 1809 2548 repertus
1857 2467 1958 2525 est
2006 2454 2224 2527 sancti
2252 2455 2599 2547 Evangelii
2634 2455 2870 2541 codex,
2906 2481 3117 2548 quem

561 2547 668 2616 vir
716 2548 958 2618 beatus
1009 2570 1131 2639 pro
1180 2548 1540 2618 sanctitate
1587 2568 1714 2615 sua
1752 2546 2015 2637 jugiter
2062 2542 2250 2633 apud
2299 2566 2370 2614 se
2416 2544 2590 2616 serre
2629 2564 3114 2620 consueverat:

561 2636 683 2723 qui
734 2636 891 2707 licet
936 2658 1100 2707 ense
1128 2649 1353 2717 acute,
1393 2648 1468 2706 ut
1505 2635 1887 2705 etiamnum
1922 2632 2150 2702 videre
2174 2631 2354 2712 licet,
2392 2655 2512 2722 per
2543 2634 2851 2706 medium
2887 2652 3119 2710 sectus

563 2724 674 2805 sit,
723 2725 914 2795 nulla
963 2734 1189 2794 tamen
1229 2725 1425 2795 litera
1459 2747 1540 2794 ea
1570 2724 1869 2795 sectione
1917 2721 2172 2792 abolita
2217 2734 2340 2789 est.
2377 2726 2548 2792 Eum
2601 2723 2858 2793 librum
2898 2726 3118 2798 fertur

562 2826 848 2884 sanctus
883 2814 1264 2903 Episcopus
1314 2826 1485 2894 tum,
1541 2834 1704 2881 cum
1761 2812 1830 2879 in
1880 2812 2031 2900 ejus
2078 2823 2286 2899 caput
2322 2813 2510 2882 ensis
2557 2812 2967 2896 vibraretur,
3022 2818 3120 2886 si-

561 2903 752 2971 cario
813 2901 1172 2982 ob'ecisse,
1244 2901 1345 2971 vel
1414 2924 1538 2990 pro
1587 2900 1846 2970 tuendo
1892 2900 2138 2990 capite,
2187 2911 2260 2968 ut
2309 2899 2428 2969 tali
2477 2900 2545 2969 in
2609 2902 2919 2992 periculo
2966 2904 3121 2976 fieri

562 2989 755 3070 solet,
823 2923 923 3059 vei
975 3012 1100 3080 pro
1148 2990 1445 3081 spiritali
1494 2990 1761 3091 clype0.
1827 2994 1906 3058 Et
1954 3001 2055 3058 est
2116 3009 2280 3058 sane
2328 2987 2598 3060 illustre
2648 2992 3068 3063 miraculum
3098 3050 3115 3076 ,

562 3099 699 3165 quo
730 3091 793 3148 et
842 3079 959 3150 Dei
998 3079 1237 3159 virtus,
1291 3091 1357 3148 et
1403 3079 1580 3149 beati
1633 3078 1762 3147 viri
1812 3078 2139 3147 sanctitas
2169 3076 2584 3159 declaratur,
2627 3078 2694 3147 in
2727 3094 2910 3149 secto
2940 3081 3120 3154 libro

562 3166 829 3237 nullius
857 3166 1092 3237 literae
1116 3167 1558 3238 abolitionem
1582 3166 1824 3236 videri.
1851 3165 2180 3235 Frustrati
2210 3178 2437 3235 autem
2468 3188 2588 3267 spe
2614 3168 2723 3238 sui
2749 3170 3121 3243 carnifices

562 3254 690 3336 illi,
728 3256 1016 3327 domum
1055 3258 1280 3328 tristes
1320 3257 1661 3326 abierunt.
1702 3254 1828 3324 Ubi
1876 3268 2105 3325 autem
2140 3254 2351 3324 vicini
2378 3255 2745 3325 Christiani
2774 3279 2925 3326 eam
2960 3281 3121 3328 san-

561 3355 827 3415 ctorum
872 3346 1183 3415 ¹virorum
1236 3366 1469 3415 necem
1525 3364 1889 3435 percepere
1918 3398 1937 3424 ‚
2008 3356 2223 3413 terras
2272 3342 2617 3415 latronum
2667 3345 2945 3416 illorum
3006 3371 3120 3418 ar-

564 3446 748 3503 mata
798 3456 1013 3504 manu
1061 3434 1504 3505 invaserunt:
1576 3446 1642 3503 et
1688 3454 1846 3502 cum
1920 3455 1992 3503 se
2056 3430 2143 3501 ad
2194 3434 2729 3522 repugnandum
2798 3435 3117 3507 homines

566 3522 765 3613 impii
813 3535 1335 3613 comparerent,
1410 3522 1527 3592 sed
1581 3521 1754 3591 tanti
1800 3520 2081 3591 sceleris
2139 3522 2563 3592 conscientia
2614 3524 2876 3613 pressi,
2935 3525 3112 3595 nihil

561 3623 865 3712 possent,
912 3611 983 3679 in
1019 3609 1254 3701 fugam
1305 3611 1462 3689 acti,
1501 3634 1541 3681 a
1573 3610 1982 3680 Christianis
2030 3608 2367 3680 interfecti
2417 3622 2600 3680 sunt.
2648 3616 2957 3700 Cumque
3005 3636 3117 3686 res

560 3698 842 3770 illorum
886 3698 1341 3789 diripuissent
1379 3699 1774 3781 Christiani,
1817 3698 1901 3767 ad
1955 3721 2082 3769 sua
2130 3700 2381 3768 reversi
2431 3713 2613 3770 sunt.
2674 3706 2775 3770 Ita
2822 3702 2946 3789 qui
3005 3726 3118 3773 sa-

561 3787 727 3858 lutis
776 3809 944 3857 suae
978 3788 1332 3860 ministros
1366 3788 1712 3859 trucidare
1748 3810 1882 3857 non
1916 3801 2080 3858 sunt
2108 3787 2327 3869 veriti,
2385 3788 2651 3878 duplici
2702 3791 3117 3862 contritione

558 3877 833 3946 contriti
885 3888 1071 3957 sunt,
1119 3877 1431 3968 corporis
1479 3878 1546 3946 in
1599 3870 1729 3946 ha‘c
1780 3876 1936 3956 vita,
1981 3877 2375 3946 animarum
2426 3876 2614 3967 apud
2651 3876 2927 3950 inferos.

649 3966 685 4049 ,ξ
733 3970 867 4036 11.
922 3969 1065 4033 Non
1097 3964 1221 4034 diu
1254 3979 1406 4056 post
1452 3966 1905 4055 Trajectensis
1953 3965 2295 4049 Ecclesiae
2342 3966 2582 4036 Clerici
2607 3987 2861 4057 corpus
2887 3972 2955 4037 S.
2989 3974 3117 4039 Bo-

559 4052 795 4121 nifacii
851 4052 1235 4141 Trajeetum
1264 4055 1758 4146 deportarunt,
1796 4067 1862 4124 et
1907 4076 2067 4124 curn
2119 4054 2336 4124 multa
2382 4056 2815 4125 veneratione
2874 4068 3117 4128 tumu-

559 4141 813 4210 larunt.
860 4142 936 4211 Id
979 4156 1345 4233 postquam
1398 4143 1670 4214 rescivit
1702 4148 1765 4212 S.
1806 4143 2067 4224 LulluS,
2107 4144 2501 4214 convocatis
2542 4143 2930 4233 permultis,
2974 4158 3112 4216 tam

556 4230 828 4301 clericis
876 4252 1084 4318 quam
1138 4230 1378 4312 laiciS,
1454 4231 1966 4302 venerabilibus
2037 4231 2248 4313 viris,
2311 4232 2642 4302 indicavit
2699 4232 2801 4321 eis
2870 4255 3113 4304 necem

560 4324 625 4388 S.
662 4317 1020 4399 Bonifacii‚
1058 4334 1123 4391 et
1155 4320 1744 4407 quemadmodum
1788 4321 2071 4409 Trajecti
2104 4321 2432 4391 humatus
2483 4320 2602 4392 sit:
2657 4321 2866 4391 simul
2903 4324 3112 4392 etiam

556 4428 909 4498 exponens
956 4408 1080 4491 eiS,
1116 4431 1252 4497 quo
1299 4410 1369 4478 in
1423 4408 1570 4479 loco
1602 4431 1672 4478 se
1707 4408 1937 4479 adhuc
1989 4409 2221 4479 vivens
2259 4410 2548 4498 jusserit
2577 4408 2876 4501 sepeliri,
2919 4412 3116 4501 petiit
