3357 4995
674 295 803 358 478
1421 313 1499 358 nn
1545 312 1601 358 s.
1657 309 1940 358 nnonaro
1987 308 2283 358 EPISCOPO
2769 292 2987 358 JUNII
3047 295 3119 357 ¹9

584 395 840 465 Vallem
877 394 1244 465 Galilaeam
1296 417 1480 464 anno
1514 395 1904 464 undecimo.
1956 395 2158 464 Omni
2207 415 2368 484 ergo
2422 394 2794 464 reverentia
2840 417 3114 465 sacrum

583 484 793 553 funus
855 506 894 552 a
942 483 1305 574 discipulis
1366 495 1672 574 portatur
1744 483 1826 552 ad
1877 484 2234 552 ecclesiam
2311 483 2541 553 beatae
2598 484 2711 551 Dei
2760 483 3120 553 Genitricis

586 572 857 652 Mariae,
915 572 1146 659 ibique
1181 595 1302 661 pro
1341 595 1420 642 eo
1469 572 1821 642 immolata
1871 572 2155 641 salutari
2193 571 2415 641 hostia
2455 595 2491 640 a
2543 572 2982 642 devotissimo
3007 578 3124 642 Ar-

582 660 1040 751 chipraesule,
1094 660 1488 751 sepulturae
1536 661 2083 741 commendatur,
2145 661 2429 750 expletis
2485 660 2570 729 de
2641 682 2823 730 more
2872 674 2938 730 et
2985 662 3121 731 ritu

582 748 922 820 Ecclesiae
952 749 1169 819 solitis
1216 751 1542 837 exequiis.
1598 755 1674 818 Et
1722 750 2036 836 quamvis
2066 771 2404 836 aquosum
2443 762 2588 818 erat
2632 751 3118 819 caemeterium

581 839 832 928 prioris
879 839 1030 927 ejus
1078 839 1499 918 monasterii,
1560 851 1795 927 utpote
1843 839 2048 907 situm
2102 839 2170 906 in
2222 838 2552 920 convalle,
2605 838 2960 927 oportebat
3021 851 3118 906 ta·

581 948 734 996 men
773 927 940 996 tanti
995 927 1190 1016 pretii
1232 950 1484 1016 corpus
1533 927 1602 995 in
1643 928 2021 1016 praesentia
2064 926 2348 996 fratrum
2393 927 2831 1013 quotidianas
2881 925 3118 996 laudes

580 1029 644 1084 et
703 1037 936 1106 preces
1010 1015 1537 1104 persolventium
1587 1015 1973 1102 quiescere,
2040 1029 2116 1086 ut
2179 1017 2329 1105 ejus
2384 1014 2705 1101 frequens
2753 1016 3120 1084 haberetur

581 1104 934 1174 memoria.
990 1107 1039 1173 Ο
1087 1117 1387 1190 quantus
1420 1116 1582 1172 tunc
1607 1104 1833 1173 luctus
1871 1104 2390 1184 monachorum,
2431 1103 2599 1173 dum
2646 1104 3114 1173 viderenttam

582 1192 771 1261 fideli
809 1205 1076 1282 pastore
1127 1215 1196 1263 se
1224 1214 1373 1261 esse
1419 1192 1736 1262 orbatos?
1783 1193 1902 1279 qui
1950 1194 2267 1279 quamvis
2325 1214 2457 1261 non
2508 1205 2652 1262 erat
2700 1192 3104 1271 deflenduS,

581 1281 902 1352 cohibere
953 1293 1174 1350 tamen
1229 1281 1673 1367 nequiverant
1703 1282 2164 1368 lacrymarum
2199 1280 2704 1360 inundantiam,
2753 1303 2926 1369 quas
2979 1302 3109 1350 non

579 1371 880 1460 impetus
928 1370 1182 1449 carnis,
1224 1368 1340 1437 sed
1392 1392 1423 1439 s
1477 1370 1676 1438 iritus
1739 1370 2051 1439 eliciebat
2112 1392 2146 1437 a
2212 1371 2766 1460 praecordiorum
2825 1370 3109 1439 intimis.

580 1465 820 1545 Itaque
871 1458 974 1526 vir
1024 1458 1136 1526 Dei
1188 1462 1252 1526 S.
1291 1392 1718 1558 Hiltfulphus
1751 1459 1848 1528 sic
1896 1460 2388 1547 obtemperavit
2425 1460 2743 1528 extremis
2774 1459 2947 1528 votis
2996 1457 3116 1525 de-

575 1546 932 1636 fungentis
980 1546 1236 1627 amici,
1294 1559 1369 1615 ut
1425 1547 1819 1636 vigintiocto
1887 1549 2090 1616 annis
2137 1561 2199 1615 et
2253 1546 2555 1636 amplius
2600 1547 2910 1636 (quibus
2970 1547 3116 1635 ipse

580 1634 988 1723 supervixit)
1018 1637 1171 1723 eJus
1228 1647 1570 1725 praeesset
1617 1634 1850 1705 relicto
1898 1636 2113 1726 gregi,
2180 1659 2297 1725 per
2347 1636 2769 1725 praepositos
2816 1635 3113 1705 admini⁴

579 1738 803 1794 straus
861 1724 1243 1792 necessaria
1278 1723 1409 1825 ipsi
1445 1724 1709 1792 domui.
1765 1729 1841 1792 Et
1878 1725 2194 1811 quamvis
2242 1725 2348 1793 sui
2392 1725 2538 1793 loco
2587 1726 2910 1795 Abbatem
2966 1746 3118 1813 pro-

583 1813 767 1901 priae
806 1813 1318 1901 congregationi
1355 1812 1420 1880 in
1472 1813 1650 1881 saltu
1703 1816 1960 1903 vosago
2021 1813 2430 1903 praefecerat
2485 1813 2874 1914 (propterea
2930 1811 3114 1899 quod

579 1900 922 1970 desiderio
956 1923 1296 2056 sulpernae
1322 1900 1921 1990 contemplationis
1952 1923 2308 1980 accensus,
2339 1902 2788 1971 exterioribus
2820 1902 3111 1991 negotiis

580 1990 904 2079 occupari
958 2010 1027 2057 re
1064 1989 1343 2079 ugeret)‚
1386 1990 1628 2058 vallem
1663 2002 1885 2059 tamen
1937 1990 2305 2060 Galilaeam
2342 2013 2380 2059 a
2412 2013 2534 2060 sua
2576 2013 2742 2060 cura
2772 2011 2904 2058 non
2935 1990 3115 2074 abje-

582 2079 696 2159 cit,
730 2077 1068 2164 quamdiu
1099 2079 1164 2146 in
1200 2078 1468 2147 mortali
1502 2078 1791 2166 degebat
1827 2100 2131 2168 corpore:
2169 2080 2266 2147 vis
2299 2080 2481 2147 enim
2534 2079 2812 2181 perfecti
2860 2080 3115 2148 amoris

579 2189 740 2257 erga
781 2166 1292 2236 sanctissimum
1334 2167 1703 2236 Deodatuin
1739 2190 1894 2236 eum
1932 2169 2173 2267 coegit,
2213 2182 2285 2236 ut
2333 2168 2586 2238 laboris
2622 2182 2686 2237 et
2716 2190 2923 2237 curae
2978 2189 3111 2235 non

586 2255 977 2344 poeniteret.
1033 2261 1171 2325 Non
1224 2256 1405 2324 enirn
1445 2255 1861 2345 gravabatur
1909 2277 2257 2346 suscipere
2306 2255 2551 2336 aliena,
2609 2257 2728 2343 qui
2766 2279 2925 2345 prae
2979 2256 3112 2325 las-

583 2343 883 2413 situdine
946 2344 1100 2413 aliis
1148 2343 1670 2413 commendabat
1739 2367 1884 2414 sua.
1957 2344 2229 2414 Dicebat
2274 2346 2456 2412 enim
2520 2345 2701 2434 apud
2757 2345 2850 2413 sei
2909 2367 3107 2414 sum:

583 2437 727 2516 Qua
777 2431 992 2502 fronte
1040 2432 1264 2503 adibis
1293 2433 1620 2513 amicum,
1662 2433 1718 2502 si
1758 2433 2156 2503 mandatum
2206 2433 2359 2521 ejus
2410 2433 2733 2503 ultimum
2784 2456 2853 2504 re
2887 2446 3111 2504 utave-

582 2524 727 2591 ris‘?
759 2527 883 2589 Pro
923 2523 1123 2609 cujus
1162 2523 1441 2611 perenni
1472 2523 1602 2590 vita
1652 2523 1722 2590 in
1774 2523 1980 2592 coelis
2007 2536 2069 2592 et
2117 2522 2356 2613 gloria,
2406 2524 2626 2612 primo
2661 2523 2743 2590 de
2796 2522 3107 2593 ositionis

581 2610 769 2680 illius
820 2632 1001 2680 anno
1039 2610 1446 2680 coenobium
1482 2610 1677 2680 vallis
1712 2611 2049 2681 Galilaeae
2083 2611 2426 2680 multoties
2449 2611 2637 2680 adire
2670 2631 2745 2679 so
2780 2612 2913 2682 itus
2942 2623 3108 2691 erat,

579 2699 1021 2786 frequentans
1068 2698 1151 2767 ad
1203 2721 1475 2768 sacrum
1511 2722 1761 2788 corpus
1797 2701 2156 2770 Missarum
2193 2700 2549 2780 solemnia,
2595 2700 3115 2789 discipulosque

576 2787 987 2864 consolans,
1044 2810 1122 2856 ac
1203 2788 1266 2855 in
1332 2800 1564 2856 sancto
1625 2789 1970 2878 proposito
2037 2788 2146 2858 sui
2213 2788 2502 2857 instituti
2552 2787 2966 2858 confortans.

666 2880 701 2963 ξ
737 2879 886 2947 19.
941 2875 1184 2965 Elapso
1236 2876 1505 2945 tandem
1550 2898 1732 2945 anno
1772 2900 1810 2945 a
1850 2877 2145 2967 glorioso
2183 2877 2375 2948 obitu
2419 2881 2488 2945 D.
2522 2876 2820 2957 Deodati,
2872 2878 2938 2944 in
2970 2898 3107 2963 quo

576 2965 818 3034 beatus
860 2964 1251 3033 Patriarcha
1302 2964 1534 3033 Hildul
1594 2965 1724 3034 hus
1790 2966 2071 3035 assidua
2139 2965 2519 3035 visitatione
2568 2966 2938 3035 monachos
2969 3020 2983 3046 ,
3039 2978 3107 3034 et

579 3052 919 3140 frequenti
955 3053 1422 3122 immolatione
1464 3076 1537 3124 sa
1572 3054 1785 3124 utaris
1821 3055 2078 3124 hostiae
2126 3054 2431 3123 defuncti
2465 3056 2748 3124 curabat
2796 3052 3113 3144 prodesse

581 3142 906 3231 spiritui:
1030 3143 1341 3211 ristinam
1420 3142 1743 3233 deinceps
1799 3143 2293 3213 institutionem
2365 3165 2796 3232 resumpsere
2871 3141 3111 3211 fratres

578 3230 939 3317 utriusque
1005 3232 1134 3299 oci.
1174 3236 1249 3299 Et
1287 3230 1872 3316 quemadmodum
1925 3231 2130 3302 semel
2183 3232 2251 3300 in
2288 3254 2469 3300 anno
2514 3231 2879 3301 venerandi
2928 3231 3110 3300 Anti-

578 3319 765 3389 stites
791 3333 1067 3388 mutuas
1097 3318 1405 3389 solebant
1428 3317 1856 3406 frequentare
1889 3319 2119 3389 cellas:
2154 3320 2246 3389 ita
2281 3332 2510 3410 postea
2539 3320 2863 3390 studuere
2896 3319 3113 3388 facere

576 3429 809 3476 eorum
845 3408 1195 3498 discipuli,
1223 3408 1340 3495 qui
1369 3408 1510 3478 viro
1543 3409 1658 3477 Dei
1680 3409 2055 3498 Hildulpho
2085 3408 2328 3478 vallem
2357 3408 2726 3478 Galilaeam
2756 3407 3098 3489 invisenti,

578 3496 725 3566 loco
769 3496 981 3586 patris
1013 3497 1121 3567 sui
1156 3497 1430 3567 Deodati
1479 3510 1938 3578 occurrente3‚
1993 3497 2365 3566 offerebant
2419 3497 2722 3587 Magistri
2772 3497 2882 3569 sui
2928 3496 3111 3567 tuni-

578 3607 754 3664 cam,
791 3607 999 3672 quam
1054 3585 1165 3655 ille
1207 3599 1585 3656 reverenter
1616 3599 2030 3675 susceptam,
2087 3598 2413 3673 tanquam
2466 3586 2960 3676 dignissimum
3015 3586 3109 3675 pi-

580 3696 759 3764 gnus
794 3675 999 3743 amici
1034 3675 1467 3746 exosculatus
1505 3687 1569 3744 et
1616 3675 2046 3765 amplexatus
2078 3686 2200 3755 est,
2254 3687 2319 3744 et
2347 3674 2547 3760 quasi
2598 3675 2664 3742 in
2714 3697 2887 3743 nova
2935 3686 3113 3745 veste

574 3762 913 3831 viventem
967 3764 1265 3844 intuenS,
1314 3765 1739 3834 sanctitatem
1788 3764 1937 3835 e'us
1987 3776 2344 3833 veneratus
2392 3776 2516 3843 est,
2562 3785 2722 3831 nam
2779 3761 3112 3850 quicquid

577 3851 998 3923 adorationis
1070 3852 1508 3943 impendebat
1566 3854 1827 3923 insensi
1883 3852 1955 3921 ili
2032 3853 2346 3932 tunicae,
2402 3852 2468 3920 id
2521 3874 2645 3921 suo
2708 3852 3117 3921 charissimo

577 3940 873 4010 Deodato
923 3939 1163 4011 fecisse
1225 3940 1709 4021 arbitrabatur,
1762 3942 1966 4030 cujus
2026 3941 2423 4013 efficacibus
2475 3940 2734 4011 meritis
2808 3940 3118 4028 seipsum

576 4029 804 4099 adhuc
854 4031 922 4099 in
975 4031 1194 4100 stadio
1225 4030 1440 4116 hujus
1475 4031 1646 4100 vitae
1685 4030 2167 4111 decertantem,
2208 4042 2410 4117 atque
2457 4030 2525 4098 in
2565 4029 2857 4119 spiritali
2897 4028 3121 4118 palae-

581 4131 719 4189 stra
767 4118 1240 4199 desudantem,
1296 4120 1664 4188 sustentari
1696 4120 2012 4189 credebat
2059 4134 2124 4188 et
2202 4120 2583 4190 recabatur.

668 4209 703 4294 ξ
756 4212 923 4279 20.
981 4212 1146 4277 Cum
1195 4207 1343 4295 jam
1395 4209 1612 4278 sancti
1662 4208 1789 4276 viri
1848 4220 2150 4297 tempora
2184 4210 2243 4278 is
2295 4209 2426 4277 vita
2477 4208 2544 4276 in
2601 4206 2850 4276 multos
2891 4228 3112 4277 annos

585 4300 716 4365 Deo
763 4295 871 4365 dis
924 4306 1208 4376 onente,
1269 4296 1694 4378 tenderetur,
1747 4309 2086 4383 quatenus
2133 4296 2287 4384 ejus
2335 4296 2645 4385 exemplo
2696 4294 2982 4386 plurimi
3031 4294 3120 4364 ad

584 4319 1010 4473 spiritualem
1062 4384 1263 4454 vitam
1320 4398 1852 4475 provocarentur
1897 4399 1960 4455 et
1993 4385 2490 4467 excitarentur,
2537 4384 2791 4455 factum
2840 4396 2988 4470 est,
3041 4395 3121 4453 ut
