3357 4995
200 320 365 386 mn
404 321 441 384 2
691 336 1034 386 mansur.
1089 337 1182 384 ss.
1236 336 1350 384 mr.
1407 334 1588 383 parm
1636 336 1710 382 ET
1768 334 2142 383 macl-:tum
2522 321 2604 384 55

209 422 360 492 sensit
400 421 767 493 indicium.
815 420 923 491 Sic
971 419 1229 490 factum
1278 430 1400 503 est,
1444 432 1521 490 ut
1566 431 1661 517 et·
1681 419 1931 490 visioni
1965 419 2341 501 crederent,
2374 431 2438 490 et
2478 419 2687 490 fidem

207 511 419 581 Diaconi
453 510 822 602 promissis
872 531 1009 579 non
1059 508 1417 579 haberent.

261 602 286 685 5
322 606 394 672 5.
440 600 665 690 Igitur
708 604 1001 669 Romam
1038 594 1411 679 venientes,
1437 597 1637 698 juxta
1669 595 2030 696 basilicam
2066 595 2247 667 beati
2290 597 2469 667 Petri
2516 602 2692 688 Apo-

199 688 327 769 stoli,
371 710 553 775 quae
606 687 866 758 dicitur
919 687 1014 757 Ad
1063 685 1376 767 Vincula,
1430 707 1502 755 in
1553 685 1759 756 domo
1807 685 2053 775 ipsiuS,
2106 707 2267 755 cum
2303 707 2440 773 quo
2486 708 2692 757 vene-

194 790 315 845 runt
366 777 648 847 Diaconi
709 776 1091 868 hospitium
1145 787 1582 865 acceperunt,
1629 786 2173 861 manseruntque
2220 796 2380 844 cum
2443 795 2521 843 eo
2571 796 2694 864 per

191 862 404 950 aliquot
447 865 624 947 dies,
678 865 1114 956 opperientes
1153 864 1656 955 promissorum
1698 862 1853 951 ejus
1900 861 2491 953 adimpletionem.
2561 863 2695 933 Sed

188 950 296 1031 ille,
343 953 461 1042 qui
511 976 680 1025 suas
736 953 1269 1046 pollicitationes
1306 952 1635 1043 perficere
1685 948 1823 1021 non
1873 950 2165 1031 valebat,
2229 951 2464 1041 ipsum
2504 952 2696 1038 quod

185 1061 294 1109 non
344 1054 627 1143 poterat,
679 1042 1102 1130 quibusdam
1166 1040 1906 1132 procrastinationibus
1962 1039 2316 1129 palliabat.
2388 1039 2692 1110 Tandem

182 1127 362 1200 locuti
395 1155 556 1203 cum
598 1130 743 1219 illc,
789 1153 919 1202 cur
943 1131 1043 1201 eis
1076 1130 1195 1201 illo
1220 1129 1426 1200 modo
1466 1129 1667 1201 vellet
1698 1129 2030 1203 illudere,
2084 1129 2464 1219 percontati
2488 1140 2685 1199 sunt:

180 1231 462 1307 rogantes
510 1220 749 1301 simul,
802 1242 888 1290 ne
939 1242 1013 1290 se
1049 1219 1316 1290 diutius
1362 1218 1664 1290 fallendo
1711 1217 2066 1299 detineret,
2109 1229 2176 1288 et
2231 1217 2689 1289 reversionem

179 1327 355 1376 suam
375 1309 574 1395 vanis
605 1309 864 1400 spebus
910 1307 1301 1399 impediret.
1365 1307 1486 1378 His
1545 1307 1660 1379 ille
1717 1306 1997 1387 auditis,
2049 1327 2210 1377 cum
2263 1319 2571 1377 cerneret
2619 1327 2692 1375 se

181 1393 551 1484 hujusmodi
578 1397 954 1468 calliditate
985 1397 1086 1467 eis
1114 1398 1265 1490 jam
1305 1395 1613 1488 amplius
1646 1417 1787 1466 non
1816 1416 2016 1486 posse
2050 1394 2427 1485 imponere,
2463 1396 2690 1485 primo

179 1484 491 1557 notarium
543 1508 775 1558 meum
829 1498 1094 1558 certum
1151 1484 1310 1557 fecit
1365 1485 1451 1555 de
1498 1483 1834 1572 Reliquiis
1869 1482 2043 1554 mihi
2081 1484 2464 1574 promissiS,
2505 1484 2693 1572 quod

176 1591 271 1641 eas
330 1572 585 1644 habere
622 1597 761 1646 non
814 1585 1067 1665 posset,
1138 1596 1218 1645 eo
1263 1574 1449 1662 quod
1498 1573 1707 1644 frater
1768 1596 1964 1654 suus,
2016 1572 2130 1642 cui
2188 1585 2254 1643 et
2299 1572 2585 1643 domum
2631 1586 2695 1643 et

175 1676 393 1758 cuncta
424 1685 605 1751 quae
653 1664 946 1735 habebat
985 1663 1147 1734 inde
1176 1664 1418 1736 abiens
1448 1661 2073 1740 commendaverat.
2105 1660 2503 1751 negotiandi
2533 1681 2694 1751 gra-

176 1751 253 1819 tia
292 1755 746 1822 Beneventum
794 1748 975 1823 esset
1031 1751 1414 1843 profectus,
1468 1774 1549 1821 ac
1597 1774 1668 1822 se
1717 1750 1994 1841 penitus
2041 1750 2361 1839 ignorare
2414 1749 2694 1836 quando

173 1853 325 1909 esset
382 1862 812 1913 reversurus.
876 1847 955 1911 Et
1013 1842 1177 1928 quia
1223 1841 1286 1910 ei
1336 1839 1691 1928 Reliquias
1753 1839 1939 1919 illas,
2008 1838 2189 1908 sicut
2235 1851 2301 1909 et
2350 1851 2691 1909 caeteram

174 1926 648 2017 supellectilem
696 1930 784 1999 ad
834 1929 1251 2000 servandum
1303 1929 1784 2008 commiserat,
1841 1930 1966 1999 n'ec
2023 1927 2310 1997 omnino
2382 1948 2455 1996 se
2512 1927 2691 1997 scire

174 2034 349 2101 posse
391 2018 564 2105 quid
630 2017 716 2089 de
766 2019 873 2089 his
919 2018 1226 2099 fecisset,
1292 2017 1622 2104 quoniam
1682 2038 1799 2086 eas
1846 2016 1915 2086 in
1967 2015 2205 2085 eadem
2259 2014 2466 2085 domo
2526 2037 2691 2086 nus·

176 2121 357 2187 quam
405 2106 818 2179 invenisset:
873 2105 1164 2198 proinde
1210 2106 1470 2176 videret
1516 2104 1684 2193 quid
1721 2104 1992 2187 faceret,
2030 2105 2196 2191 quia
2229 2103 2314 2173 de
2349 2116 2538 2194 parte
2569 2126 2696 2174 sua

174 2190 322 2261 nihil
362 2208 650 2266 restaret
687 2196 874 2283 quod
921 2217 1200 2286 sperare
1247 2205 1500 2286 posset.
1570 2199 1936 2293 Postquam
2007 2193 2175 2264 haec
2227 2193 2492 2263 notario
2542 2215 2693 2262 meo

174 2278 340 2374 dixit,
380 2295 446 2354 et
486 2283 606 2353 ille
639 2304 712 2355 se
743 2285 830 2354 ab
861 2305 942 2355 eo
971 2284 1264 2355 illusum
1296 2305 1377 2353 ac
1412 2281 1593 2353 male
1640 2282 1776 2352 sibi
1826 2282 2228 2373 impositum
2262 2294 2691 2370 quereretur,

176 2370 378 2442 nescio
423 2371 685 2460 quibus
742 2373 938 2444 vanis
1000 2395 1081 2443 ac
1142 2371 1406 2444 frivolis
1470 2371 1676 2441 etiam
1727 2383 1791 2441 et
1838 2371 2320 2461 presbyterum
2377 2369 2693 2449 ‚Hildoini

175 2455 515 2543 allocutus,
556 2482 681 2552 spe
711 2461 926 2532 simili
959 2462 1346 2532 animatum
1395 2482 1436 2530 a
1474 2481 1546 2533 se
1578 2459 1738 2534 fecit
1766 2459 2157 2531 abscedere.

247 2549 281 2634 ἓ
323 2555 412 2621 θ.
467 2549 802 2621 Postridie
850 2572 1007 2621 vero
1052 2573 1216 2621 cum
1250 2549 1448 2619 valde
1497 2550 1722 2622 tristes
1772 2549 2048 2629 videret,
2109 2549 2422 2624 hortatus
2469 2560 2570 2617 est
2616 2561 2693 2618 ut

175 2633 358 2706 simul
415 2660 582 2708 cum
639 2638 769 2709 illo
805 2639 891 2709 ad
952 2639 1358 2710 coemeteria
1414 2649 2247 2729 sanctorum-pergerent,
2294 2635 2512 2705 videri
2559 2636 2692 2705 sibi

174 2724 329 2820 quod
360 2725 429 2796 in
456 2726 576 2797 eis
603 2726 866 2815 aliquid
900 2728 1033 2798 tale
1080 2726 1377 2798 inveniri
1439 2739 1691 2817 posset,
1729 2749 1867 2818 quo
1898 2747 2144 2796 eorum.
2174 2723 2537 2793 desideriis
2585 2747 2693 2794 sa-

176 2811 459 2886 tisfieret:
514 2836 642 2886 nec
689 2817 832 2887 fore
877 2817 1095 2887 ullam
1146 2815 1661 2897 necessitatem,
1723 2828 1802 2884 ut
1849 2814 1918 2884 in
1972 2814 2262 2905 patriam
2315 2814 2515 2882 vacui
2583 2836 2692 2883 re-

175 2913 589 2974 verterentur.
662 2908 969 2993 Cumque
1033 2906 1133 2977 eis
1201 2906 1329 2976 hoc
1394 2903 1766 2975 consilium
1820 2902 2238 2994 placuisset,
2302 2901 2691 2989 vellentque

179 2999 240 3055 ut
276 3004 705 3083 quantocyus
752 2992 848 3076 id,
893 2994 976 3064 ad
1029 2994 1214 3082 quod
1263 2992 1656 3064 faciendum
1709 3013 1826 3070 eos
1881 2992 2332 3071 hortabatur,
2403 2991 2690 3061 inchoa-

177 3090 319 3161 rent,
352 3103 543 3151 more
590 3081 792 3152 solito
858 3083 1211 3172 negotium
1261 3081 1759 3162 dissimulavit,
1813 3093 1879 3150 et
1912 3102 2064 3166 ‚eos
2116 3101 2412 3168 quorum
2464 3081 2685 3150 animi

182 3175 318 3260 tunc
361 3169 731 3260 paululum
780 3184 974 3241 erant
1021 3172 1252 3252 erecti,
1303 3172 1375 3241 in
1427 3183 1684 3241 tantam
1735 3168 2283 3261 desperationem
2313 3168 2463 3241 ‚hac
2512 3168 2690 3238 dila-

182 3262 335 3324 tione
378 3258 653 3346 dejecit,
706 3271 803 3341 ut,
856 3260 1114 3331 omisso
1147 3258 1291 3341 illo,
1347 3271 1721 3330 statuerent
1769 3257 1840 3327 in
1939 3259 2183 3328 atriam
2226 3257 2547 3344 quamvis
2579 3259 2689 3325 in-

183 3336 325 3414 fecto
369 3347 644 3438 negotio
683 3349 951 3418 reverti.
998 3348 1127 3418 Sed
1164 3349 1474 3419 notarius
1511 3370 1707 3418 meus
1741 3369 1895 3418 reco
1925 3368 2051 3417 ens
2083 3346 2460 3426 somnium,
2501 3346 2687 3433 quod

180 3446 324 3515 puer
366 3457 540 3507 suus
587 3435 872 3518 viderat,
911 3437 1136 3527 coepit
1166 3437 1487 3508 comitem
1537 3459 1746 3507 suum
1781 3435 2063 3515 hortari,
2101 3448 2179 3506 ut
2224 3435 2374 3506 sine
2423 3434 2693 3524 hospite

183 3536 284 3589 suo
311 3522 486 3595 irent
533 3523 620 3593 ad
667 3525 1098 3608 coemeteria,
1150 3525 1236 3618 ad
1285 3547 1463 3612 quae
1514 3524 1802 3594 visenda
1834 3524 1950 3595 ille
1996 3545 2114 3593 eos
2140 3544 2213 3594 se
2238 3523 2489 3592 ducere
2519 3522 2693 3592 velle

183 3612 486 3692 promisit.
540 3617 778 3702 Itaque
824 3614 1100 3685 invento
1133 3627 1337 3702 atque
1367 3613 1710 3684 conducto
1757 3612 1957 3693 duce,
2014 3613 2463 3698 locorumque
2493 3633 2691 3682 mon-

184 3706 458 3793 stratore,
512 3702 739 3802 primo
771 3702 859 3773 ad
908 3703 1270 3775 basilicam
1320 3703 1503 3773 beati
1543 3700 1832 3780 Tiburtii
1884 3702 2232 3791 martyris,
2284 3700 2355 3768 in
2407 3700 2517 3769 via
2567 3705 2695 3770 La-

182 3801 409 3872 vlcana,
448 3790 674 3862 tribus
720 3792 807 3863 ab
856 3791 1035 3862 Urbe
1082 3813 1417 3883 passuum
1450 3789 1765 3862 millibus
1795 3789 2113 3870 distante,
2168 3791 2475 3870 veniunt,
2512 3811 2694 3859 mar-

185 3875 457 3966 tyrisque
521 3880 833 3951 tumbam
860 3894 1142 3969 ,quanta
1190 3891 1482 3971 possunt
1538 3878 1898 3980 diligentia
1968 3877 2575 3968 contemplantur,
2629 3890 2696 3948 et

186 3972 382 4037 utrum
431 3968 556 4049 sic,
610 3981 688 4039 ut
733 3968 851 4039 alii
914 3991 1052 4041 non
1114 3969 1469 4049 sentirent,
1522 3967 1780 4058 aperiri
1827 3979 2078 4057 posset,
2130 3979 2335 4037 cauta
2390 3967 2697 4037 circum-

185 4055 498 4137 spectione
528 4056 993 4130 considerant.
1033 4057 1287 4129 Deinde
1333 4057 1404 4126 in
1453 4067 1769 4147 cryptam
1826 4056 2049 4125 eidem
2099 4055 2430 4125 basilicae
2463 4056 2696 4125 -conti-

188 4156 380 4225 guam,
432 4145 504 4215 in
553 4167 695 4233 qua
754 4147 1111 4218 beatorum
1161 4144 1410 4216 Christi
1481 4157 1869 4235 martyrum
1938 4142 2318 4213 Marcellini
2385 4154 2451 4212 et
2516 4143 2695 4214 Petri

189 4243 435 4319 corpora
479 4245 680 4305 erant
711 4235 1077 4317 tumulata,
1115 4234 1569 4313 descendunt,
1622 4247 1828 4321 atque
1865 4231 2217 4323 explorata
2256 4232 2460 4301 etiam
2506 4230 2695 4302 illius

191 4323 580 4408 monumenti
617 4322 946 4410 qualitate
982 4322 1375 4405 discedunt,
1414 4321 1860 4393 aestimantes
1891 4320 2018 4392 hoc
2050 4319 2306 4389 factum
2351 4319 2694 4410 hospitem

192 4417 354 4479 Suum
404 4433 604 4502 posse
652 4412 884 4484 latere.
956 4412 1084 4482 Sed
1133 4412 1330 4482 aliter
1376 4410 1599 4482 evenit
1645 4424 1850 4498 atque
1898 4408 2213 4480 arbitrati
2283 4420 2467 4479 sunt.
2523 4413 2693 4478 Nam

1040 4637 1081 4656 N
