3357 4995
742 363 870 427 660
1522 380 1599 425 nr„
1647 376 1702 426 s.
1757 377 1957 424 PAULO
2005 375 2317 423 Arosroto
2842 356 3063 421 JUNII
3111 358 3198 423 29

656 464 1205 544 admirationem,
1270 463 1560 533 maxime
1608 477 1839 533 autem
1891 484 1969 531 ex
2008 483 2110 541 ec,
2164 460 2343 548 quod
2395 481 2597 529 suum
2651 459 3065 529 sacrificavit
3112 460 3197 528 fi-

655 554 850 624 lium.
903 559 1097 624 Isaac
1148 575 1302 622 vero
1352 566 1627 642 propter
1692 551 2124 642 patientiam,
2178 549 2361 638 quod
2410 571 2566 618 cum
2618 571 2659 618 a
2706 548 2854 617 suis
2901 548 3198 639 expelle·

652 656 841 711 retur
869 642 1150 721 finibuS,
1196 664 1330 711 non
1369 640 1636 721 restitit,
1692 640 1809 709 sed
1845 638 1990 709 suis
2039 640 2323 708 omnino
2353 637 2558 707 cessit
2607 638 3194 727 possessionibuS,

651 731 870 800 donec
916 752 1179 805 eorum,
1232 731 1353 817 qui
1399 730 1460 799 ei
1515 730 1896 800 molestiam
1940 728 2336 807 afferebant,
2390 728 2720 816 injustam
2757 727 3032 796 satiavit
3072 749 3199 796 cu-

652 820 1034 910 piditatem.
1071 824 1274 889 Porro
1323 831 1549 888 autem
1591 818 1799 888 Jacob
1838 839 2113 904 quoque
2214 830 2441 906 ropter
2486 815 2960 886 fortitudinem
2991 828 3201 902 atque

652 909 1077 999 patientiam.
1113 913 1191 977 Et
1217 908 1423 976 David
1461 920 1740 998 propter
1766 840 2393 976 mansuetudinem.
2427 910 2503 974 Et
2534 904 2738 986 Elias,
2772 904 2958 992 quod
2990 904 3203 974 fuerit

651 998 794 1066 zelo
846 997 1146 1086 percitus
1196 1019 1318 1087 pro
1373 997 1683 1066 Domino.

740 1089 776 1171 ξ
822 1091 987 1158 38.
1042 1085 1169 1154 Sed
1218 1085 1386 1172 quid
1426 1107 1584 1155 cum
1640 1083 1847 1153 Paulo
1887 1083 2090 1153 suerit
2118 1082 2639 1165 conferendum,
2679 1084 2798 1171 qui
2842 1084 3010 1153 haec
3041 1103 3198 1151 om—

654 1175 769 1243 nia
803 1174 1010 1244 simul
1043 1174 1405 1264 insigniter
1449 1187 1550 1245 est
1583 1172 2033 1262 complexus?
2082 1178 2307 1260 Neque
2353 1174 2538 1243 enim
2592 1171 2739 1262 ipse
2773 1170 3197 1241 sacrificavit

650 1262 900 1343 filium,
954 1263 1070 1333 sed
1141 1264 1443 1351 seipsum
1499 1262 1914 1333 sacrificavit
1968 1261 2241 1332 millies.
2298 1267 2427 1332 Nec
2475 1283 2556 1330 ex
2607 1261 2902 1362 propriis
2958 1259 3191 1329 solum

650 1351 780 1421 fuit
825 1352 1155 1444 expulsus
1204 1352 1484 1431 finibus,
1524 1351 1643 1420 sed
1691 1362 1756 1420 et
1804 1363 2080 1430 terram,
2124 1362 2190 1420 et
2217 1374 2405 1421 mare
2433 1363 2497 1419 et
2527 1353 2903 1430 Graeciam,
2930 1362 2995 1420 et
3025 1354 3195 1417 Bar-

650 1440 914 1509 bariam
948 1496 963 1521 ,
1016 1451 1081 1509 et
1129 1441 1544 1521 universam,
1603 1452 1681 1509 ut
1733 1439 1940 1509 semel
1993 1438 2258 1520 dicam,
2332 1454 2578 1509 terram
2611 1494 2627 1519 ,
2693 1452 3020 1524 quantam
3078 1437 3198 1507 Sol

652 1529 919 1621 aspicit,
972 1529 1162 1609 obiit,
1204 1543 1530 1616 tanquam
1567 1528 1816 1609 alatus,
1877 1542 2161 1609 tractus,
2219 1529 2635 1609 verberatuS,
2678 1527 3028 1617 lapidibus
3063 1548 3203 1616 ap-

654 1618 931 1707 petitus,
981 1616 1288 1704 quotidie
1336 1618 1678 1687 moriens:
1719 1623 1946 1704 Neque
1996 1619 2100 1688 bis
2151 1630 2405 1707 septem
2458 1638 2679 1686 annos
2713 1615 2968 1696 serviit,
2994 1629 3224 1694 aestu,

652 1705 787 1774 diei
822 1706 1134 1785 adustus,
1190 1720 1254 1774 et
1299 1705 1382 1775 fri
1438 1729 1521 1776 us
1574 1706 1789 1776 noctis
1824 1728 2220 1796 perpessus:
2280 1706 2398 1777 sed
2453 1718 2659 1775 totam
2693 1706 2900 1774 vitam
2936 1705 3203 1774 transi-

652 1815 821 1884 gens
869 1794 938 1862 in
973 1793 1154 1863 fame
1184 1806 1249 1864 et
1282 1817 1378 1864 nu
1433 1796 1612 1875 itate,
1652 1796 2074 1881 catenisque,
2108 1795 2528 1874 carceribus,
2584 1793 2860 1863 insidiis
2899 1809 2965 1863 et
3016 1795 3206 1883 peri-

652 1881 855 1952 culis.
924 1884 1293 1952 Lenitatem
1375 1905 1529 1953 vero
1577 1898 1641 1952 et
1689 1883 2291 1954 mansuetudinem
2355 1885 2512 1973 quis
2563 1883 2787 1974 magis
2855 1882 3196 1970 quidem,

654 1971 869 2040 immo
902 1994 1059 2041 vero
1114 1972 1273 2059 quis
1334 1993 1548 2059 aeque
1596 1984 1800 2059 atque
1862 1971 2055 2041 Pauli
2103 1973 2378 2055 anima,
2434 1987 2722 2059 utraque
2772 1972 2940 2041 haec
2992 1971 3204 2043 factis

652 2073 837 2129 recte
887 2061 1263 2151 praestitit?
1304 2060 1369 2129 Si
1425 2073 1651 2131 autem
1701 2061 1852 2150 ejus
1899 2060 2121 2129 zelum
2170 2083 2248 2131 as
2300 2062 2542 2141 exeri&
2602 2073 2872 2131 tantum
2925 2060 3206 2130 videbis

652 2170 811 2218 eum
848 2172 1175 2242 superare
1224 2148 1467 2230 Eliam,
1518 2163 1858 2235 quantum
1893 2148 2011 2218 ille
2055 2148 2256 2219 suita
2291 2150 2374 2219 iis
2436 2150 2792 2239 Prophetis
2842 2148 3199 2238 superior.

655 2237 785 2306 Sed
821 2237 1117 2308 Joannes
1156 2237 1435 2325 quidem
1487 2237 1888 2307 comedebat
1934 2237 2231 2308 locustas
2262 2250 2328 2309 et
2371 2238 2499 2307 mel
2552 2249 2858 2329 agreste:
2913 2237 3027 2306 hic
3072 2259 3204 2306 au-

654 2340 786 2395 tem
823 2327 1223 2397 versabatur
1269 2328 1340 2395 in
1392 2326 1619 2396 medio
1665 2327 1830 2396 orbe
1880 2342 2238 2408 terrarum,
2286 2327 2466 2397 sicut
2498 2327 2613 2395 ille
2646 2327 2715 2395 in
2762 2325 3033 2394 deserta
3085 2349 3204 2395 so-

652 2414 968 2496 litudine,
1006 2415 1303 2486 locustas
1350 2414 1628 2502 quidem
1681 2427 1747 2484 et
1778 2415 1908 2483 mel
1958 2428 2224 2507 agreste
2273 2437 2405 2485 non
2458 2414 2848 2494 comedens,
2904 2415 3019 2483 sed
3066 2415 3201 2484 hac

656 2504 765 2573 lon
822 2526 858 2574 e
914 2504 1355 2594 frugaliorem
1415 2504 1547 2573 sibi
1606 2526 1916 2574 mensam
1971 2507 2365 2595 apponens,
2422 2519 2486 2574 et
2535 2526 2659 2574 nec
2721 2504 3200 2576 necessarium

650 2527 930 2680 quidem
969 2594 1231 2663 habens
1280 2592 1712 2674 alimentum,
1763 2606 2038 2684 propter
2087 2593 2397 2663 studium
2435 2592 2992 2684 praedicationis.

740 2684 776 2769 ξ
821 2687 966 2754 3⁸2.
1025 2688 1252 2753 Restat
1302 2682 1387 2752 de
1434 2695 1722 2763 caetero,
1779 2696 1855 2751 ut
1902 2705 2058 2752 eum
2109 2704 2572 2769 exaequemus
2627 2682 2928 2772 Angelis.
2982 2686 3200 2750 Nemo

650 2786 877 2841 autem
932 2771 1025 2853 id,
1069 2771 1248 2860 quod
1287 2770 1611 2850 dicimuS,
1669 2771 1925 2840 nimiae
1973 2786 2218 2862 arguat
2246 2770 2602 2841 audaciae.
2659 2771 2727 2840 Si
2760 2771 2946 2840 enim
2980 2775 3202 2840 Joan-

652 2882 809 2929 nem
862 2860 1214 2952 Scriptura
1260 2860 1521 2929 vocavit
1586 2859 1945 2950 Angelum,
1989 2859 2158 2946 quid
2209 2861 2488 2941 mirum,
2555 2859 2614 2929 si
2674 2882 2860 2940 eum,
2922 2858 3042 2946 qui
3095 2870 3200 2928 est

651 2948 964 3018 omnium
1028 2948 1688 3040 praestantissimus,
1746 2948 2246 3018 contulerimus
2307 2970 2467 3020 cum
2517 2948 2659 3017 illis
2698 2947 3202 3038 potestatibus?

654 3038 917 3107 Etenim
950 3038 1283 3125 quidnam
1321 3038 1409 3107 sit
1433 3037 1660 3119 homo,
1699 3050 1765 3105 et
1802 3050 2060 3124 quanta
2093 3038 2183 3109 sit
2213 3051 2482 3108 nostrae
2515 3051 2799 3108 naturae
2841 3036 3196 3120 nobilitaS,

651 3138 717 3193 et
773 3139 1069 3213 quantae
1119 3127 1387 3196 virtutis
1434 3126 1523 3195 sit
1582 3148 1797 3216 capax
1847 3126 1975 3196 hoc
2022 3126 2304 3206 animal,
2364 3127 2659 3195 maxime
2707 3125 3028 3195 omnium
3071 3125 3200 3195 ho-

653 3214 922 3284 minum
974 3214 1273 3285 ostendit
1331 3214 1605 3284 Paulus.
1668 3219 1745 3283 Et
1800 3237 1988 3284 nunc
2027 3227 2181 3296 stat,
2234 3237 2313 3284 ex
2363 3236 2503 3301 quo
2554 3213 2774 3284 factus
2821 3227 2947 3296 est,
3002 3214 3197 3283 clara

652 3324 816 3372 voce
864 3305 1230 3374 Dominum
1276 3301 1650 3373 defendens
1722 3303 2052 3374 adversus
2105 3325 2221 3373 eos
2279 3302 2398 3390 qui
2448 3315 2753 3374 nostram
2820 3303 3198 3394 reprehen-

652 3391 849 3472 dunt,
903 3391 1487 3472 constitutionem,
1521 3404 1587 3461 et
1616 3391 1986 3463 ostendens
2018 3393 2197 3462 inter
2241 3390 2532 3482 Angelos
2570 3404 2636 3462 et
2683 3393 2998 3468 homines
3048 3413 3194 3460 non

652 3480 953 3550 multum
1007 3482 1358 3562 interesse,
1419 3482 1476 3551 si
1521 3479 1720 3550 nobis
1770 3480 2061 3551 velimus
2114 3479 2484 3551 attendere.
2538 3486 2681 3550 Non
2743 3481 2948 3551 aliam
2999 3480 3196 3548 enim

655 3570 938 3640 sortitus
971 3583 1313 3650 naturam,
1358 3591 1580 3657 neque
1612 3568 1819 3639 aliam
1869 3568 2160 3660 adeptus
2193 3570 2499 3639 animam
2543 3591 2665 3639 nec
2714 3569 2931 3639 alium
2981 3590 3197 3637 mun-

652 3656 822 3727 dum
873 3658 1215 3739 habitanS,
1271 3658 1387 3728 sed
1422 3658 1491 3727 in
1524 3656 1761 3728 eadem
1796 3658 2094 3749 regione,
2133 3657 2540 3750 legibusque
2570 3671 2638 3728 et
2684 3659 2999 3728 moribus
3025 3655 3197 3726 edu·

654 3758 872 3829 catuS,
926 3770 1167 3818 omnes
1214 3746 1530 3817 homines
1561 3747 1934 3837 superavit,
1987 3747 2109 3835 qui
2156 3746 2460 3828 fuerunt,
2521 3769 2603 3817 ex
2648 3769 2786 3834 quo
2837 3747 2980 3816 nati
3030 3756 3200 3817 sunt

652 3833 995 3906 homines.
1050 3842 1127 3906 Et
1171 3835 1517 3923 quomodo
1566 3848 1880 3907 mortuus
1918 3835 1988 3905 in
2034 3849 2384 3906 mortuum
2421 3835 2626 3906 suerit
2662 3834 3065 3914 immobilis,
3103 3835 3200 3903 ita

653 3936 943 3994 naturae
1016 3923 1319 3995 insultus
1366 3936 1686 3995 accurate
1745 3925 2047 4016 sopiens,
2102 3925 2175 3994 in
2226 3923 2418 3995 nulla
2469 3947 2541 3995 re
2588 3924 2876 3994 humani
2927 3923 3199 4011 aliquid

652 4034 965 4099 unquam
1019 4034 1266 4104 passus
1304 4026 1430 4084 est.

743 4102 780 4188 ξ
825 4105 978 4174 88.
1033 4101 1102 4171 si
1129 4123 1294 4192 ergo
1345 4101 1625 4184 Paulus,
1663 4103 1788 4190 qui
1834 4114 1930 4172 tot
1979 4102 2189 4174 rebus
2228 4114 2408 4172 recte
2456 4095 2665 4194 gestis
2698 4113 2844 4171 erat
2893 4099 3204 4191 praecla-

654 4212 800 4270 rus,
862 4204 929 4260 et
975 4202 1303 4278 tanquam
1365 4190 1665 4292 Angelus
1720 4191 2082 4262 videbatur
2125 4190 2198 4261 in
2248 4202 2464 4271 terra,
2518 4189 2826 4279 quotidie
2871 4188 3202 4260 studebat

654 4277 1081 4359 lucrifacere,
1134 4290 1199 4349 et
1249 4290 1429 4350 stare
1474 4301 1545 4349 1n
1610 4279 1759 4349 acie
1804 4280 2134 4351 adversus
2189 4278 2500 4371 pericula
2552 4278 2892 4360 veritatis,
2944 4290 3011 4348 et
3056 4278 3200 4348 sibi

651 4388 914 4440 merces
946 4367 1268 4460 colligere
1298 4367 1664 4461 spiritaleS,
1690 4381 1756 4439 et
1782 4390 2141 4458 nunquam
2168 4369 2581 4439 consisteret
2609 4390 2953 4456 quaenam
2983 4366 3199 4437 suerit

652 4454 889 4527 relicta
946 4456 1147 4530 nobis
1203 4456 1573 4541 excusatio,
1625 4457 1747 4545 qui
1809 4479 1947 4528 non
2013 4457 2240 4529 solum
2290 4479 2535 4531 sumus
2590 4457 2794 4529 vacui
2859 4456 3195 4528 omnibus
