3357 4995
701 290 829 356 4⁴4
1455 306 1536 352 ΒΕ
1583 253 2021 352 &turmam
2066 305 2325 353 vmcnm
2815 290 3036 358 JUNII
3086 291 3166 356 16

697 395 735 479 ἓ
783 395 878 461 9.
933 395 1047 461 Est
1094 390 1483 461 Hasbaniae
1522 390 1887 480 oppidum,
1922 390 2106 477 quod
2138 396 2425 461 Lossum
2454 391 2487 424 ⁴
2517 403 2800 461 vocant:
2839 392 2926 462 ad
2961 394 3164 484 cujus

610 480 971 550 ecclesiam
1020 478 1360 566 quaedam
1422 478 1696 549 inclusa
1755 480 2044 550 Domino
2092 479 2454 562 serviebat,
2523 502 2650 571 pro
2696 481 2874 551 vitae
2923 483 3164 552 merito

610 568 939 660 Lutgardi
1000 590 1158 639 cum
1218 568 1415 639 rimis
1475 566 1862 637 familiaris.
1930 569 2126 658 Apud
2191 590 2345 638 eam
2418 570 2676 640 mansit
2745 570 3162 659 quandoque

618 657 980 749 Lutgardis
1009 658 1096 727 ad
1198 658 1294 728 ies
1333 656 1761 744 quindecim.
1817 657 2075 727 Accidit
2114 671 2371 738 autem,
2415 671 2494 728 ut
2531 658 2601 727 in
2639 659 2971 729 orationis
2999 682 3162 730 con-

610 746 1053 838 templatione
1092 757 1277 816 tanta
1326 744 1697 815 dulcedine
1743 745 2152 826 afficeretur,
2198 760 2274 815 ut
2320 747 2652 817 accersita
2692 748 2986 830 inclusa,
3022 771 3162 818 ma-

610 858 748 907 nus
796 858 962 908 suae
994 835 1249 926 digitos
1298 834 1402 903 illi
1449 834 1861 914 ostenderet,
1909 856 2164 922 eosque
2210 836 2607 925 exprimens
2656 836 2957 907 diceret:
3002 843 3156 907 «En

611 946 804 997 soror
855 947 1031 1005 mea,
1086 936 1164 994 ut
1211 945 1485 993 mecum
1537 924 1682 1015 agit
1728 924 2200 1013 Omnipotens.
2248 930 2339 994 Ex
2381 924 2694 995 interiori
2728 926 3156 997 abundantia

608 1014 812 1083 etiam
864 1013 1065 1104 digiti
1109 1014 1244 1082 mei
1283 1013 1580 1083 exterius
1619 1034 1748 1082 ceu
1787 1012 1935 1081 oleo
1968 1012 2327 1083 distillant.
2371 1037 2406 1080 »
2441 1018 2656 1101 Atque
2689 1014 2858 1084 haec
2889 1014 3150 1098 dicens,

607 1103 810 1190 quasi
855 1103 1070 1184 ebria,
1124 1113 1189 1171 et
1218 1123 1371 1170 vere
1396 1101 1588 1171 ebria
1634 1121 1797 1170 cum
1846 1114 2045 1191 gestu
2092 1114 2158 1171 et
2206 1102 2511 1193 tripudio
2546 1103 2852 1174 mirabili
2896 1125 3017 1194 per
3055 1105 3156 1174 in—

606 1191 840 1262 clusae
906 1190 1338 1261 domicilium
1405 1189 1774 1260 serebatur.
1821 1190 1988 1260 Inde
2036 1213 2478 1282 summopere
2524 1214 2603 1261 eo
2664 1193 3027 1294 aspiravit,
3083 1206 3158 1265 ut

609 1281 996 1350 ministerio
1042 1279 1578 1348 consecrationis
1646 1300 1770 1370 per
1819 1301 2069 1351 manus
2138 1281 2456 1371 Episcopi
2514 1281 2639 1349 uni
2696 1304 2840 1351 viro
2889 1282 3154 1353 Christo

610 1369 977 1460 perfectius
1017 1368 1454 1458 jungeretur.
1508 1367 1768 1438 Obtulit
1816 1381 2047 1438 autem
2099 1391 2245 1441 sese
2291 1370 2772 1470 opportunitas
2802 1426 2817 1452 ,
2872 1371 3154 1441 domino

607 1458 887 1528 Huardo
919 1456 1274 1526 Leodiensi
1327 1457 1661 1548 Episcopo
1712 1457 2107 1547 complures
2143 1458 2703 1530 sanctimoniales
2750 1481 3152 1530 consecrare

605 1548 893 1626 volente,
947 1546 1205 1633 quibus
1254 1545 1583 1635 adjuncta
1629 1559 1732 1616 est
1776 1546 1982 1616 etiam
2035 1547 2421 1638 Lutgardis.
2499 1552 2581 1616 Ut
2628 1561 2857 1618 autem
2906 1569 3149 1618 earum

605 1636 952 1726 capitibus
984 1637 1050 1704 in
1104 1635 1384 1725 signum
1434 1656 1728 1704 coronae
1775 1634 2093 1705 aureolae
2146 1635 2445 1726 pontifex
2494 1650 2757 1706 sertum
2818 1659 2895 1707 ex
2955 1638 3149 1709 zonis
3249 1651 3255 1656 ’

603 1724 991 1794 confectum
1024 1724 1378 1814 imposuit,
1424 1734 1628 1811 atque
1658 1724 1748 1793 ad
1781 1725 2192 1814 Lutgardem
2224 1725 2466 1794 ordine
2499 1727 2827 1814 pervenit,
2860 1725 3145 1813 quidam

603 1815 707 1882 vir
755 1826 1036 1883 sanctus
1096 1825 1161 1882 et
1208 1811 1523 1902 simplex,
1594 1813 1715 1899 qui
1787 1813 1928 1882 illic
1990 1814 2286 1896 astabat,
2343 1815 2704 1903 perspicue
2771 1815 2940 1883 vidit
2997 1816 3152 1905 Epi-

605 1924 892 1993 scopum
960 1901 1294 1992 grandem
1356 1923 1684 1970 coronam
1733 1924 2011 1971 auream
2087 1903 2446 1992 Lutgardis
2495 1903 2703 1992 capiti
2753 1904 3145 1993 imponere,

603 2012 896 2078 eamque
937 2012 1099 2080 prae
1137 1989 1293 2059 aliis
1326 1990 1666 2081 singulari
1700 1991 2001 2077 quodam
2054 1991 2313 2061 honore
2342 1990 2635 2061 afficere.
2684 1997 2994 2079 Cumque
3021 2015 3147 2083 pu-

604 2091 772 2150 taret
817 2080 905 2149 ab
956 2079 1284 2148 omnibus
1336 2079 1402 2147 id
1457 2079 1697 2160 videri,
1758 2080 2095 2166 quaesivit
2140 2103 2220 2149 ex
2269 2081 2493 2149 vicino
2546 2081 2970 2171 presbytero,
3024 2105 3147 2150 cur

602 2168 730 2238 soli
781 2167 1107 2259 Lutgardi
1150 2168 1530 2257 Episcopus
1578 2190 1906 2238 coronam
1965 2191 2244 2239 auream
2300 2169 2714 2239 admoveret.
2758 2171 2981 2239 Irrisit
3026 2193 3147 2239 au-

603 2270 734 2326 tem
770 2257 970 2326 illum
1022 2257 1402 2348 presbyter,
1446 2270 1511 2326 et
1548 2259 1685 2326 ait:
1742 2257 1866 2326 Ubi
1914 2270 2077 2328 sunt
2109 2258 2292 2327 oculi
2344 2259 2465 2336 tui,
2507 2271 2581 2327 ut
2627 2281 2910 2328 auream
2960 2281 3147 2328 coro-

597 2369 761 2416 nam
809 2346 1023 2424 dicas‚
1077 2367 1286 2433 quam
1328 2367 1567 2415 omnes
1617 2346 1871 2416 lineam
1905 2367 2053 2416 esse
2100 2347 2373 2417 vident?
2406 2347 2607 2417 Siluit
2648 2349 2748 2416 vir
2793 2348 3037 2418 beatus
3084 2360 3147 2417 et

599 2436 774 2517 risit,
824 2448 1028 2523 atque
1058 2435 1128 2503 in
1180 2435 1518 2536 Lutgarde
1569 2435 1920 2527 singulare
1966 2436 2288 2506 meritum
2337 2437 2845 2508 animadvertit.

686 2533 724 2607 ἓ
770 2530 931 2598 11).
986 2524 1081 2595 Ab
1128 2546 1206 2594 eo
1254 2524 1367 2593 die
1418 2530 1681 2614 Sponso
1731 2548 1856 2595 suo
1918 2525 2282 2614 perfectius
2316 2526 2698 2596 adhaerens
2749 2527 3137 2618 Lutgardis,

595 2615 1010 2702 sequebatur
1040 2619 1336 2704 Agnum,
1389 2635 1831 2700 quocumque
1881 2615 2026 2683 iret.
2087 2616 2154 2683 Si
2223 2615 2471 2684 Christi
2519 2616 2704 2684 enim
2757 2616 2867 2685 via
2918 2616 3145 2685 humi·

594 2704 752 2773 litas
810 2716 932 2784 est,
990 2702 1398 2793 Lutgardem
1452 2703 1684 2771 videas
1732 2703 1828 2772 ita
1873 2725 2031 2773 eum
2084 2717 2480 2791 sequentem
2532 2725 2653 2793 per
2707 2705 2890 2774 hanc
2929 2705 3136 2813 viam,

594 2806 671 2862 ut
719 2793 1043 2883 superbia
1080 2813 1440 2878 nunquam
1498 2792 1929 2862 intumuerit.
1977 2793 2043 2860 Si
2094 2793 2178 2861 de
2241 2795 2664 2883 paupertatis
2718 2794 2951 2883 agitur
2999 2794 3130 2873 via,

593 2882 761 2951 adeo
816 2882 946 2950 suit
993 2881 1418 2971 paupertatis
1483 2880 1793 2950 studiosa
1850 2882 2237 2981 LutgardiS,
2306 2895 2384 2951 ut
2433 2904 2556 2951 nec
2604 2881 2690 2950 de
2750 2881 3139 2969 quotidiani

596 2972 797 3060 panis
844 2970 1174 3039 alimonia
1222 2970 1521 3059 cogitare
1571 2969 1884 3039 voluerit.
1941 2975 2010 3038 Si
2058 2970 2305 3040 Christi
2356 2970 2463 3039 via
2516 2982 2617 3040 est
2668 2970 3144 3041 misericordia

592 3072 658 3128 et
698 3060 1123 3135 humanitas,
1179 3059 1392 3128 fateor
1444 3058 1766 3145 equidem
1828 3060 1900 3127 in
1949 3060 2079 3128 hac
2132 3059 2265 3129 vita
2314 3060 2662 3129 neminem
2728 3082 2839 3128 me
2887 3059 3144 3130 vidisse

592 3148 709 3217 illa
773 3149 995 3239 magis
1052 3147 1594 3217 misericordem.
1650 3148 1719 3215 Si
1771 3147 1879 3216 via
1939 3148 2187 3217 Christi
2234 3171 2404 3218 crux
2465 3162 2568 3218 est
2622 3161 2687 3218 et
2737 3149 3135 3228 tribulati0,

589 3238 759 3307 adeo
808 3259 881 3305 se
919 3237 1210 3327 jeJuniis
1263 3249 1328 3305 et
1392 3235 1629 3305 multis
1700 3236 1924 3308 modis
1985 3236 2226 3307 afflixit
2275 3237 2640 3338 Lutgardis
2690 3260 2813 3328 per
2858 3259 3141 3307 omnem

588 3328 797 3395 vitam
834 3347 1055 3407 suam,
1092 3338 1168 3395 ut
1219 3324 1395 3394 nulli
1445 3337 1717 3395 nostrae
1764 3326 2004 3394 aetatis
2046 3347 2268 3413 neque
2317 3327 2467 3408 viri,
2517 3347 2742 3413 neque
2796 3325 3141 3396 foeminae

585 3417 647 3485 ei
681 3415 808 3484 hac
844 3416 912 3482 in
950 3426 1141 3505 parte
1167 3415 1433 3505 possint
1461 3416 1924 3505 aequiparari.
1967 3415 2272 3502 Denique
2304 3437 2425 3505 per
2464 3415 2644 3485 viam
2677 3416 3140 3506 incorruptio-

586 3505 698 3573 nis
744 3516 809 3573 et
856 3505 1205 3592 virgineae
1258 3503 1670 3592 integritatis
1730 3516 1962 3572 secuta
2009 3516 2110 3574 est
2165 3510 2432 3594 Agrium
2484 3504 2570 3573 ad
2622 3503 2943 3596 gloriam,
2998 3525 3140 3591 qua

584 3592 702 3662 ille
733 3593 841 3662 via
876 3593 1266 3683 praecessit,
1320 3593 1664 3682 virgineas
1698 3593 2012 3662 cohortes
2052 3593 2161 3663 sui
2194 3593 2459 3663 habens
2490 3593 2916 3663 imitatrices,
2971 3592 3141 3662 Vide

586 3694 847 3763 autem,
902 3681 1068 3769 quid
1131 3687 1365 3773 Agnus
1411 3682 1474 3750 ei
1523 3681 1937 3770 rependerit.
2000 3687 2310 3769 Aequum
2371 3696 2473 3752 est
2541 3683 2729 3751 enim
2794 3703 3138 3773 sponsum

586 3793 878 3863 sponsae
942 3773 1159 3841 vicem
1221 3770 1527 3840 reddere.
1606 3776 1684 3839 In
1754 3771 2167 3842 monasterio
2217 3775 2282 3840 S.
2351 3771 2759 3841 catharinae
2825 3770 3141 3859 qualibet

586 3876 770 3929 sexta
819 3861 987 3930 feria
1021 3862 1091 3929 in
1124 3860 1533 3951 vespertinis
1581 3860 1928 3949 precibuS,
1974 3882 2148 3948 quas
2180 3865 2509 3950 vesperas
2560 3873 2827 3942 vocant,
2865 3862 2937 3929 in
2971 3861 3138 3929 bea-

586 3950 890 4019 tissimae
930 3950 1220 4041 virginis
1251 3950 1502 4019 Mariae
1536 3950 1865 4019 honorem
1901 3963 2086 4020 certo
2122 3970 2413 4019 numero
2444 3951 2813 4040 deputatae
2848 3971 3142 4039 respon-

584 4038 845 4108 sorium
874 4061 1035 4109 cum
1069 4062 1270 4109 versu
1296 4039 1691 4109 cantabant.
1732 4044 1904 4109 Eum
1933 4051 2160 4108 autem
2197 4060 2473 4107 versum
2499 4040 2881 4108 devotionis
2925 4040 3139 4108 causa

592 4128 951 4219 Lutgardis
975 4129 1113 4200 sola
1147 4140 1424 4199 cantare
1452 4127 1748 4198 solebat:
1805 4128 2301 4214 videbaturque
2341 4128 2404 4196 ei
2439 4128 2719 4197 interim
2770 4126 2938 4196 dum
2973 4147 3146 4196 can-

583 4231 772 4299 taret,
814 4219 1156 4288 Christum
1190 4218 1263 4286 in
1298 4218 1462 4308 agni
1487 4217 1710 4287 forma
1752 4238 1969 4287 unum
2004 4216 2246 4307 pedem
2283 4239 2491 4287 suum
2533 4216 2799 4297 dextr0,
2836 4215 3139 4286 alterum

632 4382 652 4401 ¹
690 4382 874 4420 lassum
903 4381 979 4421 vet
1008 4382 1149 4420 Ιουσ
1176 4379 1360 4429 antiqui
1390 4381 1437 4420 et
1466 4376 1747 4429 amplissimi
1779 4378 2037 4420 Comitatus
2067 4378 2116 4419 in
2145 4376 2397 4419 Brabantia
2434 4376 2547 4419 olim
2567 4377 2723 4427 eaput,
2741 4378 2946 4426 quatuor
2966 4378 3140 4419 millia-

579 4435 712 4475 ribus
732 4435 908 4475 Leodlo
928 4431 1089 4485 (Lieqt)
1111 4430 1271 4473 dietat.
