3357 4995
644 324 771 389 264
1387 341 1464 386 ms
1514 341 1571 386 s.
1624 305 1916 388 mmm
1964 338 2281 398 Aposroto
2754 322 2975 388 JUNH
3028 326 3099 389 it

556 425 785 497 Asiani
837 425 1175 504 homineS,
1232 424 1334 493 vel
1384 423 1626 514 Paphii
1690 436 2081 505 numerant,
2135 424 2591 494 decimonono
2640 423 2931 512 mensis,
2983 428 3108 513 qui

555 515 965 614 Phthipatus
1013 513 1298 593 dicitur,·
1357 524 1422 582 et
1469 535 1722 594 nonus,
1781 527 2212 583 numeratur.
2257 518 2399 584 Hoc
2447 511 2664 605 igitur
2712 515 2879 583 anni
2933 527 3108 585 tem-

557 626 722 694 pore
752 625 822 671 in
871 625 1031 673 eum
1067 601 1321 684 locum,
1421 624 1579 671 uem
1638 624 1851 691 supra
1881 602 2211 682 diximus,
2268 614 2504 693 gentes
2554 602 2898 692 plurimae
2937 625 3106 674 con-
3168 677 3175 682 ,

557 692 863 770 veniunt,
924 705 988 760 et
1034 691 1269 760 divina
1308 713 1347 760 o
1402 693 1533 759 icia
1581 690 2065 761 concelebrant
2094 692 2166 760 in
2248 690 2494 762 loriam
2544 693 2786 773 Patris,
2844 692 2995 761 Filii
3043 704 3111 764 et

559 781 854 871 Spiritus
887 781 1141 861 Sancti,
1179 781 1294 849 cui
1333 780 1622 850 debetur
1651 780 1872 880 gloria
1913 780 1985 848 in
2037 802 2197 852 secu
2229 802 2269 848 a
2309 780 2728 862 seculorum,
2765 785 3002 850 Amen.

647 873 682 957 ἓ
727 872 874 941 81.
931 869 1402 956 Reliquiarum
1465 881 1686 939 sancti
1735 868 2036 959 Apostoli
2085 870 2434 938 Barnabae
2499 868 2819 940 revelatio
2883 870 2978 939 ita
3034 893 3107 940 se

561 959 825 1039 habuit,
876 971 952 1027 ut
998 958 1326 1027 diximus
1390 963 1577 1040 Quae
1620 980 1779 1027 vero
1832 957 2171 1027 miracula
2218 957 2525 1044 quotidie
2572 981 2612 1026 a
2662 959 3105 1029 sanctissimo

559 1049 783 1148 ipsius
823 1047 1141 1136 sepulcro
1191 1047 1463 1116 abunde
1499 1047 2057 1136 proficiscuntur,
2096 1068 2175 1115 ea
2224 1048 2287 1116 si*
2331 1046 2489 1134 quis
2521 1047 2957 1117 conscribere
2992 1070 3104 1116 ve-

561 1136 663 1218 lit,
703 1159 787 1205 ne
836 1135 1074 1206 multis
1122 1136 1402 1222 quidem
1439 1136 1914 1207 voluminibus
1942 1137 2052 1224 (ut
2098 1134 2376 1226 opinor)
2414 1135 2532 1204 illa
2563 1136 2928 1226 complecti
2982 1159 3102 1226 po-

561 1227 735 1295 terit.
783 1231 913 1294 Nos
976 1225 1186 1314 igitur
1233 1225 1317 1292 ad
1368 1246 1604 1293 eorum
1657 1231 1835 1310 quae
1894 1246 2106 1314 supra
2155 1224 2484 1304 diximuS‚
2533 1225 2936 1293 memoriam
2992 1247 3103 1295 re·-

562 1314 872 1394 deuntes‚
922 1314 1143 1381 virum
1181 1313 1368 1382 hunc
1397 1313 1666 1402 pietatis
1708 1315 1917 1382 causa
1949 1313 2275 1384 omnibus
2302 1313 2800 1383 certaminibus
2831 1316 3105 1404 egregie

560 1403 901 1480 functum,
934 1403 1020 1472 ob
1069 1402 1276 1488 idque
1323 1402 1593 1472 coelesti
1644 1404 1897 1471 corona
1936 1402 2293 1482 donatum,
2334 1402 2615 1490 hymnis
2655 1402 2907 1471 divinis
2944 1424 3104 1491 pro-

564 1511 959 1578 sequamur,
1014 1504 1076 1559 et
1123 1490 1443 1574 eumdem
1495 1492 1771 1560 beatum
1823 1490 2322 1580 praedicanteS,
2367 1489 2654 1559 laudum
2710 1493 3103 1580 praeconiis

564 1580 1010 1649 celebremus.
1087 1580 1208 1648 Hic
1270 1580 1479 1658 enim,
1556 1593 1883 1667 tanquam
1935 1579 2113 1649 oliva
2167 1579 2514 1666 quaedam
2579 1579 2954 1660 fructifera,
3028 1581 3101 1648 in

563 1669 765 1737 domo
813 1668 923 1736 Dei
1024 1668 1345 1748 laniatus,
1400 1668 1707 1754 quotidie
1756 1668 2021 1737 fructus
2085 1689 2367 1738 suavem
2416 1668 2698 1737 odorem
2757 1669 3101 1758 spirantes
3176 1688 3181 1693 ·

564 1762 695 1826 Deo
735 1756 866 1846 ipsi
918 1779 957 1825 o
1010 1769 1130 1825 ert.
1187 1758 1308 1826 Hic
1344 1763 1843 1846 Imperatorum
1896 1757 2138 1846 gloria,
2194 1756 2627 1826 sacerdotum
2654 1757 3092 1846 jucunditaS‚

565 1846 978 1935 populorum
1011 1844 1356 1927 exultatiO,
1384 1867 1647 1926 eorum,
1678 1845 1799 1931 qui
1833 1846 2175 1936 angustiis
2210 1857 2646 1935 premuntur,
2692 1846 3094 1927 consolati0‚

563 1934 967 2004 afflictorum
1022 1933 1418 2023 profugium
1462 1957 1539 2002 ac
1589 1936 1938 2016 recreatiO,
1993 1935 2507 2034 desperatorum
2561 1955 2718 2024 spes
2752 1946 2957 2022 atque
2983 1935 3105 2004 ad—

553 2024 767 2112 jutor,
827 2025 1344 2113 peregrinorum
1408 2023 1698 2109 requies,
1757 2045 1835 2092 ae
1886 2034 2258 2094 rotantium
2330 2022 2696 2103 medicina,
2766 2045 3100 2094 sanorum

563 2124 817 2191 custos,
873 2111 1338 2201 spiritualium
1390 2113 1770 2200 gratiarum
1847 2134 1997 2193 ons,
2038 2112 2379 2182 Ecclesiae
2437 2133 2704 2191 murus,
2766 2112 3105 2182 Orthodo-

563 2223 802 2269 xorum
853 2201 1393 2280 firmamentum,
1439 2200 1750 2269 fidelium
1801 2202 2164 2270 hominum
2203 2200 2685 2290 propugnatio,
2729 2201 2937 2271 totius
2988 2223 3101 2269 or-

562 2290 670 2360 bis
705 2303 1040 2359 terrarum
1091 2289 1324 2358 decus.
1373 2293 1725 2358 Caeterum
1758 2302 1852 2367 tot
1897 2302 1960 2359 et
2009 2301 2234 2359 tantae
2267 2301 2451 2369 sunt,
2499 2289 2895 2359 beatissime
2929 2294 3101 2379 Apo-

564 2378 732 2448 stole
783 2385 947 2448 Jesu
997 2378 1243 2447 Christi
1292 2378 1623 2458 Barnaba,
1690 2378 1934 2449 laudes
1998 2391 2177 2459 tuae,
2227 2389 2306 2447 ut
2353 2379 2667 2448 omnium
2732 2377 3097 2448 hominum

563 2469 861 2537 mentem
928 2479 1131 2554 atque
1200 2468 1574 2536 orationem
1638 2466 2514 2558 superent.·Nihilominus
2587 2480 2813 2537 tamen
2883 2468 3100 2537 nostri

562 2558 900 2626 sermonis
964 2570 1456 2645 paupertatem,
1511 2557 1829 2646 exiguam
1899 2555 2092 2625 illam
2149 2556 2478 2644 quidem,
2535 2556 2653 2625 sed
2705 2571 3101 2647 promptam

561 2658 759 2725 certe,
831 2659 1176 2735 acceptam
1243 2646 1526 2725 habenS,
1583 2667 1705 2734 pro
1756 2646 1977 2727 nobiS,
2031 2645 2217 2734 apud
2266 2667 2425 2713 eum
2474 2666 2679 2731 quem
2747 2645 3092 2733 dilexisti,

562 2734 901 2803 Christum
956 2734 1389 2823 unigenitum
1420 2735 1534 2802 Dei
1563 2733 1808 2803 Filium
1833 2746 1898 2803 et
1934 2734 2255 2815 Verbum,
2310 2733 2731 2803 intercedere
2772 2757 2905 2803 non
2940 2757 3099 2824 gra-

561 2824 760 2901 veris,
795 2836 872 2891 ut
922 2822 1034 2891 ille
1083 2846 1120 2890 a
1170 2824 1508 2912 praesenti
1557 2835 1621 2892 et
1664 2823 2005 2893 laborioso
2039 2824 2166 2891 hoc
2208 2822 2437 2892 seculo
2474 2843 2602 2891 nos
2647 2823 2918 2912 eripiat,
2977 2845 3099 2891 no-

560 2911 822 2997 bisque*
851 2912 1199 2989 concedat,
1254 2925 1327 2979 ut
1374 2911 1851 2981 remissionem
1902 2923 2369 3001 peccatorum,
2411 2910 2849 2981 clementiam
2880 2923 2945 2981 et
2971 2913 3102 2980 mi-

561 2999 1002 3069 sericordiam
1056 2999 1339 3068 multam
1393 3022 1848 3087 assequamur
1877 3000 1947 3067 in
1976 2999 2095 3071 illo
2126 3000 2237 3069 die
2287 2999 2599 3079 terribili,
2640 3022 2801 3071 cum
2841 3000 3102 3069 venerit

551 3088 867 3177 judicare
919 3088 1102 3157 vivos
1150 3101 1213 3156 et
1263 3101 1566 3157 mortuos
1614 3089 1740 3177 (a).

612 3286 680 3339 (a)
709 3289 822 3327 Cum
854 3296 1002 3335 usqne
1034 3287 1090 3325 ad
1119 3296 1290 3327 annum
1322 3295 1615 3326 cccctxxvm
1631 3288 1674 3327 S.
1695 3287 1934 3326 Barnabae
1952 3295 2123 3335 corpus
2143 3287 2378 3331 latuisset,
2395 3287 2528 3326 nulla
2545 3295 2769 3335 eousque.
2790 3289 2838 3325 et
2860 3286 3002 3331 ultra,
3020 3287 3103 3325 Eo*

558 3342 705 3381 ciesia
730 3339 920 3392 (cyprini
949 3338 1162 3389 excepta)
1189 3342 1371 3380 cultum
1400 3341 1442 3379 S.
1471 3340 1696 3389 apostolo
1726 3340 1954 3380 exhibuit.
1986 3341 2082 3381 Sub
2111 3342 2301 3381 saeculo
2331 3343 2488 3380 autem
2518 3349 2600 3381 vin
2640 3338 2771 3380 illius
2800 3336 3103 3380 revelationis

558 3394 688 3445 (vide
716 3393 736 3443 ξ
763 3395 828 3439 2ῒ>
859 3392 979 3433 iamai
1007 3394 1434 3442 percrebrescente,
1463 3404 1659 3441 coepere
1688 3390 1925 3434 Ecclesiae
1953 3394 2051 3433 tam
2069 3394 2392 3434 occidentales
2416 3404 2553 3443 qnam
2574 3392 2839 3433 orientales
2858 3394 3005 3433 sacris
3024 3393 3105 3433 ho-

559 3448 755 3487 noribus
784 3448 1061 3495 Apostolum
1089 3449 1345 3495 martyrem
1383 3448 1624 3490 decor-arm
1664 3450 1878 3487 coeteras
1922 3448 2234 3496 probabiliter
2274 3445 2641 3488 mediolanensis
2674 3447 2955 3495 praecessit;
2995 3458 3102 3486 cum

558 3502 712 3550 primo
736 3499 781 3540 in
801 3502 967 3550 Anglia
980 3502 1156 3541 festum
1177 3502 1219 3541 S.
1242 3502 1479 3541 Barnabae
1500 3500 1735 3550 ageretur,
1754 3501 1869 3555 Yen.
1889 3501 2014 3541 Beda
2036 3503 2308 3542 Sermonem
2327 3502 2384 3541 de
2405 3511 2459 3540 eo
2479 3501 2658 3540 babuit.

612 3556 742 3600 Data,
771 3555 1118 3602 Papebrochius
1146 3554 1298 3603 docet,
1325 3551 1560 3593 Ecclesiae
1588 3563 1702 3601 pace
1732 3558 1759 3593 a
1787 3550 2095 3594 constantino
2129 3555 2325 3604 Magno,
2357 3554 2665 3603 quaesierunt
2700 3554 3102 3601 obtinueruntque

558 3608 933 3648 Mediolanenses
961 3610 1019 3648 de
1047 3607 1194 3648 sacris
1223 3608 1367 3656 hujus
1396 3608 1609 3656 Apostoli
1636 3608 1874 3648 cineribus
1901 3606 2016 3659 (non
2036 3605 2230 3658 quidem
2245 3608 2456 3656 corporis
2475 3605 2638 3647 intacti
2657 3607 2886 3647 divinitus
2907 3605 3103 3653 servati,

558 3662 642 3702 sed
670 3659 768 3710 rogi
798 3663 848 3701 in
878 3671 1017 3710 quem
1047 3663 1290 3709 conjectus
1320 3672 1347 3701 a
1373 3658 1565 3700 Judaeis
1593 3662 1764 3709 fuerat)
1781 3662 1862 3710 qui
1883 3662 2103 3710 religiose
2124 3672 2149 3701 a
2168 3661 2389 3702 fidelibus
2409 3660 2596 3700 collecti
2614 3661 2803 3701 fuerant
2823 3662 2870 3700 et
2890 3657 3098 3709 repositi.

558 3715 754 3755 Saeculo
784 3716 943 3755 autem
974 3725 1038 3754 vu
1067 3724 1174 3754 cum
1204 3715 1490 3754 innotuisset
1519 3712 1694 3762 ubique
1724 3713 1944 3764 Corporis
1967 3716 2201 3761 Iuventio,
2228 3711 2362 3756 missi
2397 3724 2423 3753 a
2448 3714 2883 3755 Mediolanensibus
2915 3713 3100 3753 civibus

556 3768 720 3817 Legati
750 3769 1030 3809 Salaminam
1057 3769 1172 3808 sunt
1204 3769 1286 3815 qui
1316 3768 1469 3808 sancti
1496 3768 1735 3807 Ecclesiae
1782 3778 1895 3809 suae
1934 3769 2191 3810 conditoris
2225 3769 2395 3811 saltem
2429 3768 2579 3816 Caput
2608 3767 2933 3817 impetrarent.
2967 3767 3105 3806 Certe

558 3822 655 3860 tam
683 3823 863 3862 cineres
893 3822 1120 3871 praedicti
1149 3823 1254 3861 tum
1273 3822 1422 3869 Caput
1442 3821 1487 3860 S.
1506 3821 1747 3860 Barnabae
1765 3822 2019 3862 Mediolani
2038 3821 2259 3871 religiose
2278 3822 2596 3867 asservantur.
2615 3830 2871 3869 eorumque
2887 3820 3104 3860 Transla-

558 3875 732 3915 tionem
760 3876 1014 3915 celebravit
1042 3875 1242 3915 solemni
1269 3884 1440 3923 pompa
1469 3875 1512 3914 S.
1541 3875 1737 3915 carolus
1764 3876 2073 3917 Borromaeus
2096 3886 2217 3916 anno
2256 3882 2462 3915 mnxxr.
2511 3875 2632 3923 Quid
2669 3884 2780 3915 vero
2819 3875 2876 3915 de
2913 3873 3101 3922 reliquo

556 3938 751 3976 corpore
781 3932 955 3969 factum
985 3929 1063 3973 sit.
1091 3927 1430 3975 occupantibus
1461 3928 1518 3968 ab
1547 3938 1668 3967 anno
1702 3938 1861 3969 ncnxx
1891 3929 2095 3980 Cyprum
2129 3929 2331 3969 insulam
2364 3928 2624 3973 Saracenis,
2661 3938 2754 3967 non
2793 3925 2974 3976 liquido
2995 3937 3104 3966 con-

557 3983 662 4021 stat.
693 3983 938 4031 Reliquiae
968 3982 1076 4030 plus
1095 3981 1311 4020 minusve
1333 3977 1541 4029 insignes
1559 3982 1653 4022 huc
1671 3982 1788 4023 illuc
1807 3981 2049 4032 dispersae
2069 3983 2302 4023 teruntur.
2331 3978 2508 4030 Capitis
2528 3981 2894 4023 modicissimam
2914 3982 3099 4029 partem

546 4035 820 4076 ,Mediolano
841 4034 1150 4084 probabiliter
1170 4034 1362 4074 allatam
1378 4033 1591 4083 possidet
1610 4035 1841 4077 Tholosae
1866 4037 2066 4078 ecclesia
2085 4037 2129 4077 S.
2150 4035 2404 4076 Saturnini.
