<?xml version="1.0" encoding="UTF-8"?>
<!DOCTYPE html PUBLIC "-//W3C//DTD XHTML 1.0 Transitional//EN"
    "http://www.w3.org/TR/xhtml1/DTD/xhtml1-transitional.dtd">
<html xmlns="http://www.w3.org/1999/xhtml" xml:lang="en" lang="en">
 <head>
  <title>
</title>
<meta http-equiv="Content-Type" content="text/html;charset=utf-8" />
  <meta name='ocr-system' content='tesseract 3.04.00' />
  <meta name='ocr-capabilities' content='ocr_page ocr_carea ocr_par ocr_line ocrx_word'/>
</head>
<body>
  <div class='ocr_page' id='page_1' title='image "./historiaeseuvit02lippgoog_0251.png"; bbox 0 0 3357 4995; ppageno 0'>
   <div class='ocr_carea' id='block_1_1' title="bbox 2585 318 2708 383">
    <p class='ocr_par' dir='ltr' id='par_1_1' title="bbox 2585 318 2708 383">
     <span class='ocr_line' id='line_1_1' title="bbox 2585 360 2617 382; textangle 90"><span class='ocrx_word' id='word_1_1' title='bbox 2585 360 2617 382; x_wconf 73' lang='lat' dir='ltr'><strong>t</strong></span> 
     </span>
     <span class='ocr_line' id='line_1_2' title="bbox 2627 318 2708 383; textangle 90"><span class='ocrx_word' id='word_1_2' title='bbox 2627 318 2708 383; x_wconf 61' lang='lat' dir='ltr'><strong>a}</strong></span> 
     </span>
    </p>
   </div>
   <div class='ocr_carea' id='block_1_2' title="bbox 250 312 594 382">
    <p class='ocr_par' dir='ltr' id='par_1_2' title="bbox 250 312 594 382">
     <span class='ocr_line' id='line_1_3' title="bbox 250 312 594 382; baseline 0.006 -3"><span class='ocrx_word' id='word_1_3' title='bbox 250 312 459 382; x_wconf 79' lang='lat' dir='ltr'>JUNII</span> <span class='ocrx_word' id='word_1_4' title='bbox 517 318 594 381; x_wconf 83' lang='grc'><strong>10</strong></span> 
     </span>
    </p>
   </div>
   <div class='ocr_carea' id='block_1_3' title="bbox 555 508 2479 836">
    <p class='ocr_par' dir='ltr' id='par_1_3' title="bbox 555 508 2479 836">
     <span class='ocr_line' id='line_1_4' title="bbox 917 508 2111 590; baseline 0.002 -3"><span class='ocrx_word' id='word_1_5' title='bbox 917 508 1396 588; x_wconf 82' lang='lat' dir='ltr'>HISTORIA</span> <span class='ocrx_word' id='word_1_6' title='bbox 1451 509 2111 590; x_wconf 84' lang='lat' dir='ltr'><strong>INVENTIONIS</strong></span> 
     </span>
     <span class='ocr_line' id='line_1_5' title="bbox 555 653 2479 836; baseline 0.001 -3"><span class='ocrx_word' id='word_1_7' title='bbox 555 735 628 834; x_wconf 75' lang='lat' dir='ltr'><strong>s,</strong></span> <span class='ocrx_word' id='word_1_8' title='bbox 722 653 1691 836; x_wconf 64' lang='grc' dir='ltr'><strong>ΜΑυΒιΝιῗΑΒΒΑτιε</strong></span> <span class='ocrx_word' id='word_1_9' title='bbox 1767 735 1881 836; x_wconf 79' lang='lat' dir='ltr'><strong>ET</strong></span> <span class='ocrx_word' id='word_1_10' title='bbox 1953 733 2479 836; x_wconf 61' lang='lat' dir='ltr'><strong>Muttinis</strong></span> 
     </span>
    </p>
   </div>
   <div class='ocr_carea' id='block_1_4' title="bbox 708 974 2339 1148">
    <p class='ocr_par' dir='ltr' id='par_1_4' title="bbox 708 974 2339 1148">
     <span class='ocr_line' id='line_1_6' title="bbox 708 974 2339 1033; baseline 0 -11"><span class='ocrx_word' id='word_1_11' title='bbox 708 974 991 1023; x_wconf 77' lang='lat' dir='ltr'>AUCTORE</span> <span class='ocrx_word' id='word_1_12' title='bbox 1041 974 1385 1033; x_wconf 67' lang='lat' dir='ltr'>STEPHANQ</span> <span class='ocrx_word' id='word_1_13' title='bbox 1443 976 1497 1022; x_wconf 88' lang='lat' dir='ltr'><strong>S.</strong></span> <span class='ocrx_word' id='word_1_14' title='bbox 1555 975 1982 1024; x_wconf 74' lang='lat' dir='ltr'><strong>PANTALEONIS</strong></span> <span class='ocrx_word' id='word_1_15' title='bbox 2031 974 2339 1023; x_wconf 74' lang='lat' dir='ltr'>COLONIAE</span> 
     </span>
     <span class='ocr_line' id='line_1_7' title="bbox 1017 1099 2034 1148; baseline -0.001 -3"><span class='ocrx_word' id='word_1_16' title='bbox 1017 1099 1313 1147; x_wconf 67' lang='lat' dir='ltr'>MONACHO</span> <span class='ocrx_word' id='word_1_17' title='bbox 1363 1100 1479 1147; x_wconf 86' lang='lat' dir='ltr'><strong>SUB</strong></span> <span class='ocrx_word' id='word_1_18' title='bbox 1527 1101 1720 1148; x_wconf 68' lang='lat' dir='ltr'><strong>FINEM</strong></span> <span class='ocrx_word' id='word_1_19' title='bbox 1768 1101 1804 1146; x_wconf 81' lang='lat' dir='ltr'>X</span> <span class='ocrx_word' id='word_1_20' title='bbox 1858 1100 2034 1148; x_wconf 74' lang='lat' dir='ltr'>SAEC.</span> 
     </span>
    </p>
   </div>
   <div class='ocr_carea' id='block_1_5' title="bbox 1211 1280 1835 1337">
    <p class='ocr_par' dir='ltr' id='par_1_5' title="bbox 1211 1280 1835 1337">
     <span class='ocr_line' id='line_1_8' title="bbox 1211 1280 1835 1337; baseline 0.002 -2"><span class='ocrx_word' id='word_1_21' title='bbox 1211 1280 1519 1336; x_wconf 81' lang='lat' dir='ltr'>Incertae</span> <span class='ocrx_word' id='word_1_22' title='bbox 1569 1280 1835 1337; x_wconf 78' lang='lat' dir='ltr'><strong>aetatis.</strong></span> 
     </span>
    </p>
   </div>
   <div class='ocr_carea' id='block_1_6' title="bbox 249 1478 2812 4407">
    <p class='ocr_par' dir='ltr' id='par_1_6' title="bbox 249 1478 2805 3075">
     <span class='ocr_line' id='line_1_9' title="bbox 321 1478 2799 1570; baseline -0 -20"><span class='ocrx_word' id='word_1_23' title='bbox 321 1482 370 1567; x_wconf 61' lang='grc' dir='ltr'>ξ</span> <span class='ocrx_word' id='word_1_24' title='bbox 420 1486 496 1552; x_wconf 74' lang='lat'><strong>1.</strong></span> <span class='ocrx_word' id='word_1_25' title='bbox 553 1482 838 1548; x_wconf 89' lang='lat' dir='ltr'><strong>Summa</strong></span> <span class='ocrx_word' id='word_1_26' title='bbox 886 1491 952 1547; x_wconf 87' lang='lat' dir='ltr'><strong>et</strong></span> <span class='ocrx_word' id='word_1_27' title='bbox 1007 1478 1106 1547; x_wconf 87' lang='lat' dir='ltr'><strong>vel</strong></span> <span class='ocrx_word' id='word_1_28' title='bbox 1159 1479 1361 1548; x_wconf 89' lang='lat' dir='ltr'><strong>unica</strong></span> <span class='ocrx_word' id='word_1_29' title='bbox 1412 1478 1600 1549; x_wconf 88' lang='lat' dir='ltr'><strong>salus</strong></span> <span class='ocrx_word' id='word_1_30' title='bbox 1647 1492 1749 1550; x_wconf 91' lang='lat' dir='ltr'><strong>est</strong></span> <span class='ocrx_word' id='word_1_31' title='bbox 1808 1480 2032 1570; x_wconf 84' lang='lat' dir='ltr'>aegris</span> <span class='ocrx_word' id='word_1_32' title='bbox 2096 1479 2550 1560; x_wconf 79' lang='lat' dir='ltr'><strong>mortalibuS,</strong></span> <span class='ocrx_word' id='word_1_33' title='bbox 2614 1480 2799 1567; x_wconf 90' lang='lat' dir='ltr'><strong>quod</strong></span> 
     </span>
     <span class='ocr_line' id='line_1_10' title="bbox 251 1565 2801 1659; baseline 0.001 -24"><span class='ocrx_word' id='word_1_34' title='bbox 251 1566 497 1637; x_wconf 88' lang='lat' dir='ltr'><strong>electos</strong></span> <span class='ocrx_word' id='word_1_35' title='bbox 544 1589 707 1636; x_wconf 92' lang='lat' dir='ltr'><strong>suos</strong></span> <span class='ocrx_word' id='word_1_36' title='bbox 769 1568 854 1636; x_wconf 90' lang='lat' dir='ltr'><strong>ita</strong></span> <span class='ocrx_word' id='word_1_37' title='bbox 900 1565 1207 1638; x_wconf 83' lang='lat' dir='ltr'><strong>Christus</strong></span> <span class='ocrx_word' id='word_1_38' title='bbox 1253 1568 1463 1637; x_wconf 86' lang='lat' dir='ltr'><strong>coelis</strong></span> <span class='ocrx_word' id='word_1_39' title='bbox 1510 1566 1742 1639; x_wconf 88' lang='lat' dir='ltr'><strong>divisit</strong></span> <span class='ocrx_word' id='word_1_40' title='bbox 1788 1579 1852 1638; x_wconf 90' lang='lat' dir='ltr'><strong>et</strong></span> <span class='ocrx_word' id='word_1_41' title='bbox 1903 1570 2124 1648; x_wconf 82' lang='lat' dir='ltr'><strong>terriS,</strong></span> <span class='ocrx_word' id='word_1_42' title='bbox 2182 1582 2254 1639; x_wconf 92' lang='lat' dir='ltr'><strong>ut</strong></span> <span class='ocrx_word' id='word_1_43' title='bbox 2304 1569 2591 1659; x_wconf 90' lang='lat' dir='ltr'><strong>spiritus</strong></span> <span class='ocrx_word' id='word_1_44' title='bbox 2648 1591 2801 1639; x_wconf 84' lang='lat' dir='ltr'><strong>coe-</strong></span> 
     </span>
     <span class='ocr_line' id='line_1_11' title="bbox 253 1654 2800 1748; baseline 0.001 -24"><span class='ocrx_word' id='word_1_45' title='bbox 253 1655 399 1725; x_wconf 89' lang='lat' dir='ltr'><strong>lesti</strong></span> <span class='ocrx_word' id='word_1_46' title='bbox 450 1655 867 1725; x_wconf 79' lang='lat' dir='ltr'>habitatione</span> <span class='ocrx_word' id='word_1_47' title='bbox 906 1654 1153 1744; x_wconf 88' lang='lat' dir='ltr'><strong>dignos</strong></span> <span class='ocrx_word' id='word_1_48' title='bbox 1203 1656 1472 1746; x_wconf 89' lang='lat' dir='ltr'><strong>superis</strong></span> <span class='ocrx_word' id='word_1_49' title='bbox 1506 1656 1916 1740; x_wconf 87' lang='lat' dir='ltr'><strong>admitteret,</strong></span> <span class='ocrx_word' id='word_1_50' title='bbox 1970 1668 2033 1727; x_wconf 87' lang='lat' dir='ltr'><strong>et</strong></span> <span class='ocrx_word' id='word_1_51' title='bbox 2075 1671 2292 1728; x_wconf 90' lang='lat' dir='ltr'><strong>terrae</strong></span> <span class='ocrx_word' id='word_1_52' title='bbox 2328 1671 2596 1728; x_wconf 88' lang='lat' dir='ltr'><strong>terrena</strong></span> <span class='ocrx_word' id='word_1_53' title='bbox 2647 1680 2800 1748; x_wconf 88' lang='lat' dir='ltr'><strong>per-</strong></span> 
     </span>
     <span class='ocr_line' id='line_1_12' title="bbox 253 1745 2800 1836; baseline 0.001 -23"><span class='ocrx_word' id='word_1_54' title='bbox 253 1747 564 1814; x_wconf 88' lang='lat' dir='ltr'><strong>mitteret.</strong></span> <span class='ocrx_word' id='word_1_55' title='bbox 611 1750 752 1813; x_wconf 89' lang='lat' dir='ltr'><strong>Non</strong></span> <span class='ocrx_word' id='word_1_56' title='bbox 803 1745 987 1818; x_wconf 88' lang='lat' dir='ltr'><strong>enim</strong></span> <span class='ocrx_word' id='word_1_57' title='bbox 1024 1745 1375 1814; x_wconf 68' lang='lat' dir='ltr'><strong>beatorum</strong></span> <span class='ocrx_word' id='word_1_58' title='bbox 1428 1746 1717 1835; x_wconf 89' lang='lat' dir='ltr'><strong>spiritus</strong></span> <span class='ocrx_word' id='word_1_59' title='bbox 1765 1747 1873 1814; x_wconf 89' lang='lat' dir='ltr'><strong>sui</strong></span> <span class='ocrx_word' id='word_1_60' title='bbox 1927 1746 2231 1815; x_wconf 91' lang='lat' dir='ltr'><strong>hominis</strong></span> <span class='ocrx_word' id='word_1_61' title='bbox 2266 1747 2556 1836; x_wconf 38' lang='lat' dir='ltr'><strong>,penitus</strong></span> <span class='ocrx_word' id='word_1_62' title='bbox 2607 1746 2800 1816; x_wconf 87' lang='lat' dir='ltr'><strong>dese-</strong></span> 
     </span>
     <span class='ocr_line' id='line_1_13' title="bbox 254 1833 2802 1923; baseline 0.001 -21"><span class='ocrx_word' id='word_1_63' title='bbox 254 1834 753 1920; x_wconf 66' lang='lat' dir='ltr'><strong>runtexuvias,</strong></span> <span class='ocrx_word' id='word_1_64' title='bbox 820 1855 1011 1914; x_wconf 82' lang='lat' dir='ltr'><strong>arma</strong></span> <span class='ocrx_word' id='word_1_65' title='bbox 1063 1833 1323 1903; x_wconf 87' lang='lat' dir='ltr'><strong>scilicet</strong></span> <span class='ocrx_word' id='word_1_66' title='bbox 1371 1855 1535 1903; x_wconf 86' lang='lat' dir='ltr'><strong>suae</strong></span> <span class='ocrx_word' id='word_1_67' title='bbox 1578 1834 1884 1914; x_wconf 90' lang='lat' dir='ltr'><strong>militiae,</strong></span> <span class='ocrx_word' id='word_1_68' title='bbox 1952 1835 2018 1903; x_wconf 94' lang='lat' dir='ltr'><strong>in</strong></span> <span class='ocrx_word' id='word_1_69' title='bbox 2072 1834 2331 1921; x_wconf 87' lang='lat' dir='ltr'><strong>quibus</strong></span> <span class='ocrx_word' id='word_1_70' title='bbox 2379 1835 2463 1905; x_wconf 93' lang='lat' dir='ltr'><strong>de</strong></span> <span class='ocrx_word' id='word_1_71' title='bbox 2520 1836 2802 1923; x_wconf 85' lang='lat' dir='ltr'><strong>antiquo</strong></span> 
     </span>
     <span class='ocr_line' id='line_1_14' title="bbox 252 1921 2800 2014; baseline 0.001 -24"><span class='ocrx_word' id='word_1_72' title='bbox 252 1921 849 2011; x_wconf 86' lang='lat' dir='ltr'><strong>triumphaverunt</strong></span> <span class='ocrx_word' id='word_1_73' title='bbox 888 1935 1221 2012; x_wconf 82' lang='lat' dir='ltr'><strong>serpente.</strong></span> <span class='ocrx_word' id='word_1_74' title='bbox 1279 1923 1395 1992; x_wconf 87' lang='lat' dir='ltr'><strong>Isti</strong></span> <span class='ocrx_word' id='word_1_75' title='bbox 1442 1923 1694 1991; x_wconf 83' lang='lat' dir='ltr'><strong>etenim</strong></span> <span class='ocrx_word' id='word_1_76' title='bbox 1749 1924 1858 1992; x_wconf 91' lang='lat' dir='ltr'><strong>isti</strong></span> <span class='ocrx_word' id='word_1_77' title='bbox 1898 1936 2062 1993; x_wconf 87' lang='lat' dir='ltr'><strong>sunt</strong></span> <span class='ocrx_word' id='word_1_78' title='bbox 2112 1923 2351 2013; x_wconf 79' lang='lat' dir='ltr'>inclyti</span> <span class='ocrx_word' id='word_1_79' title='bbox 2405 1946 2628 2014; x_wconf 90' lang='lat' dir='ltr'><strong>propu</strong></span> <span class='ocrx_word' id='word_1_80' title='bbox 2683 1947 2800 1993; x_wconf 90' lang='lat' dir='ltr'><strong>na-</strong></span> 
     </span>
     <span class='ocr_line' id='line_1_15' title="bbox 252 1948 2802 2103; baseline 0.001 -24"><span class='ocrx_word' id='word_1_81' title='bbox 252 2023 428 2080; x_wconf 90' lang='lat' dir='ltr'><strong>tores</strong></span> <span class='ocrx_word' id='word_1_82' title='bbox 476 2010 599 2089; x_wconf 90' lang='lat' dir='ltr'><strong>tui,</strong></span> <span class='ocrx_word' id='word_1_83' title='bbox 632 2031 670 2077; x_wconf 93' lang='lat' dir='ltr'><strong>o</strong></span> <span class='ocrx_word' id='word_1_84' title='bbox 723 2010 1072 2099; x_wconf 81' lang='lat' dir='ltr'><strong>redempta</strong></span> <span class='ocrx_word' id='word_1_85' title='bbox 1106 2010 1351 2081; x_wconf 81' lang='lat' dir='ltr'>Christi</span> <span class='ocrx_word' id='word_1_86' title='bbox 1400 2032 1644 2080; x_wconf 87' lang='lat' dir='ltr'><strong>cruore</strong></span> <span class='ocrx_word' id='word_1_87' title='bbox 1692 2012 2025 2081; x_wconf 80' lang='lat' dir='ltr'><strong>Ecclesia:</strong></span> <span class='ocrx_word' id='word_1_88' title='bbox 2082 2012 2194 2082; x_wconf 88' lang='lat' dir='ltr'><strong>isti</strong></span> <span class='ocrx_word' id='word_1_89' title='bbox 2231 2026 2413 2082; x_wconf 89' lang='lat' dir='ltr'><strong>stant</strong></span> <span class='ocrx_word' id='word_1_90' title='bbox 2462 2035 2586 2103; x_wconf 91' lang='lat' dir='ltr'><strong>pro</strong></span> <span class='ocrx_word' id='word_1_91' title='bbox 2632 1948 2802 2082; x_wconf 50' lang='lat' dir='ltr'><strong>{liis</strong></span> 
     </span>
     <span class='ocr_line' id='line_1_16' title="bbox 252 2098 2801 2192; baseline 0.002 -26"><span class='ocrx_word' id='word_1_92' title='bbox 252 2101 410 2179; x_wconf 89' lang='lat' dir='ltr'><strong>tuis,</strong></span> <span class='ocrx_word' id='word_1_93' title='bbox 446 2121 528 2167; x_wconf 93' lang='lat' dir='ltr'><strong>ne</strong></span> <span class='ocrx_word' id='word_1_94' title='bbox 556 2121 671 2168; x_wconf 86' lang='lat' dir='ltr'><strong>eos</strong></span> <span class='ocrx_word' id='word_1_95' title='bbox 702 2098 1023 2167; x_wconf 72' lang='lat' dir='ltr'><strong>barathro</strong></span> <span class='ocrx_word' id='word_1_96' title='bbox 1072 2099 1210 2180; x_wconf 76' lang='lat' dir='ltr'><strong>‘oris</strong></span> <span class='ocrx_word' id='word_1_97' title='bbox 1259 2100 1670 2169; x_wconf 82' lang='lat' dir='ltr'><strong>absorbeant</strong></span> <span class='ocrx_word' id='word_1_98' title='bbox 1703 2113 1839 2170; x_wconf 88' lang='lat' dir='ltr'><strong>toto</strong></span> <span class='ocrx_word' id='word_1_99' title='bbox 1873 2103 2029 2170; x_wconf 73' lang='lat' dir='ltr'><strong>aere</strong></span> <span class='ocrx_word' id='word_1_100' title='bbox 2057 2115 2382 2192; x_wconf 84' lang='lat' dir='ltr'><strong>vagantes</strong></span> <span class='ocrx_word' id='word_1_101' title='bbox 2427 2102 2801 2191; x_wconf 85' lang='lat' dir='ltr'><strong>spirituum</strong></span> 
     </span>
     <span class='ocr_line' id='line_1_17' title="bbox 251 2187 2803 2288; baseline 0.002 -32"><span class='ocrx_word' id='word_1_102' title='bbox 251 2200 706 2278; x_wconf 79' lang='lat' dir='ltr'><strong>corruptores.</strong></span> <span class='ocrx_word' id='word_1_103' title='bbox 762 2187 1049 2270; x_wconf 87' lang='lat' dir='ltr'><strong>Quando</strong></span> <span class='ocrx_word' id='word_1_104' title='bbox 1096 2188 1280 2257; x_wconf 85' lang='lat' dir='ltr'><strong>enim</strong></span> <span class='ocrx_word' id='word_1_105' title='bbox 1319 2211 1437 2288; x_wconf 87' lang='lat' dir='ltr'><strong>per</strong></span> <span class='ocrx_word' id='word_1_106' title='bbox 1500 2203 1562 2258; x_wconf 90' lang='lat' dir='ltr'><strong>te</strong></span> <span class='ocrx_word' id='word_1_107' title='bbox 1610 2190 1895 2258; x_wconf 86' lang='lat' dir='ltr'><strong>armatis</strong></span> <span class='ocrx_word' id='word_1_108' title='bbox 1945 2189 2101 2259; x_wconf 89' lang='lat' dir='ltr'><strong>dolo</strong></span> <span class='ocrx_word' id='word_1_109' title='bbox 2141 2202 2206 2259; x_wconf 89' lang='lat' dir='ltr'><strong>et</strong></span> <span class='ocrx_word' id='word_1_110' title='bbox 2255 2191 2400 2280; x_wconf 86' lang='lat' dir='ltr'><strong>igni</strong></span> <span class='ocrx_word' id='word_1_111' title='bbox 2451 2191 2803 2260; x_wconf 85' lang='lat' dir='ltr'><strong>resisteres</strong></span> 
     </span>
     <span class='ocr_line' id='line_1_18' title="bbox 251 2276 2797 2378; baseline 0.001 -34"><span class='ocrx_word' id='word_1_112' title='bbox 251 2276 707 2354; x_wconf 79' lang='lat' dir='ltr'><strong>adversariiS,</strong></span> <span class='ocrx_word' id='word_1_113' title='bbox 774 2298 950 2363; x_wconf 88' lang='lat' dir='ltr'><strong>quae</strong></span> <span class='ocrx_word' id='word_1_114' title='bbox 1000 2277 1071 2343; x_wconf 91' lang='lat' dir='ltr'><strong>in</strong></span> <span class='ocrx_word' id='word_1_115' title='bbox 1114 2298 1391 2366; x_wconf 82' lang='lat' dir='ltr'><strong>propria</strong></span> <span class='ocrx_word' id='word_1_116' title='bbox 1460 2299 1666 2347; x_wconf 90' lang='lat' dir='ltr'><strong>carne</strong></span> <span class='ocrx_word' id='word_1_117' title='bbox 1740 2300 1940 2378; x_wconf 88' lang='lat' dir='ltr'><strong>aegre</strong></span> <span class='ocrx_word' id='word_1_118' title='bbox 1989 2278 2362 2368; x_wconf 88' lang='lat' dir='ltr'><strong>imperium</strong></span> <span class='ocrx_word' id='word_1_119' title='bbox 2414 2280 2616 2367; x_wconf 75' lang='lat' dir='ltr'><strong>a‘gis‘?</strong></span> <span class='ocrx_word' id='word_1_120' title='bbox 2668 2278 2797 2348; x_wconf 86' lang='lat' dir='ltr'><strong>Sed</strong></span> 
     </span>
     <span class='ocr_line' id='line_1_19' title="bbox 249 2365 2797 2465; baseline 0 -31"><span class='ocrx_word' id='word_1_121' title='bbox 249 2365 508 2434; x_wconf 88' lang='lat' dir='ltr'><strong>emeriti</strong></span> <span class='ocrx_word' id='word_1_122' title='bbox 556 2376 751 2436; x_wconf 89' lang='lat' dir='ltr'><strong>testes</strong></span> <span class='ocrx_word' id='word_1_123' title='bbox 799 2365 1067 2444; x_wconf 82' lang='lat' dir='ltr'><strong>Christi,</strong></span> <span class='ocrx_word' id='word_1_124' title='bbox 1122 2365 1525 2465; x_wconf 80' lang='lat' dir='ltr'><strong>angelorum</strong></span> <span class='ocrx_word' id='word_1_125' title='bbox 1563 2367 1777 2445; x_wconf 88' lang='lat' dir='ltr'><strong>cives,</strong></span> <span class='ocrx_word' id='word_1_126' title='bbox 1838 2388 2051 2436; x_wconf 81' lang='lat' dir='ltr'><strong>immo</strong></span> <span class='ocrx_word' id='word_1_127' title='bbox 2100 2366 2425 2437; x_wconf 88' lang='lat' dir='ltr'><strong>consules</strong></span> <span class='ocrx_word' id='word_1_128' title='bbox 2481 2389 2601 2457; x_wconf 91' lang='lat' dir='ltr'><strong>pro</strong></span> <span class='ocrx_word' id='word_1_129' title='bbox 2654 2389 2797 2434; x_wconf 86' lang='lat' dir='ltr'><strong>me-</strong></span> 
     </span>
     <span class='ocr_line' id='line_1_20' title="bbox 254 2454 2794 2546; baseline 0 -24"><span class='ocrx_word' id='word_1_130' title='bbox 254 2454 399 2525; x_wconf 88' lang='lat' dir='ltr'><strong>ritis</strong></span> <span class='ocrx_word' id='word_1_131' title='bbox 474 2454 706 2533; x_wconf 88' lang='lat' dir='ltr'><strong>creati,</strong></span> <span class='ocrx_word' id='word_1_132' title='bbox 775 2454 1175 2524; x_wconf 80' lang='lat' dir='ltr'><strong>etiamnunc</strong></span> <span class='ocrx_word' id='word_1_133' title='bbox 1236 2455 1617 2542; x_wconf 82' lang='lat' dir='ltr'><strong>miquitatis</strong></span> <span class='ocrx_word' id='word_1_134' title='bbox 1681 2455 2009 2526; x_wconf 81' lang='lat' dir='ltr'><strong>satellites</strong></span> <span class='ocrx_word' id='word_1_135' title='bbox 2069 2477 2187 2546; x_wconf 91' lang='lat' dir='ltr'><strong>per</strong></span> <span class='ocrx_word' id='word_1_136' title='bbox 2238 2469 2297 2526; x_wconf 90' lang='lat' dir='ltr'><strong>te</strong></span> <span class='ocrx_word' id='word_1_137' title='bbox 2346 2468 2794 2546; x_wconf 83' lang='lat' dir='ltr'><strong>expugnant,</strong></span> 
     </span>
     <span class='ocr_line' id='line_1_21' title="bbox 251 2544 2803 2701; baseline 0 -89"><span class='ocrx_word' id='word_1_138' title='bbox 251 2565 424 2629; x_wconf 89' lang='lat' dir='ltr'><strong>quos</strong></span> <span class='ocrx_word' id='word_1_139' title='bbox 474 2566 593 2632; x_wconf 90' lang='lat' dir='ltr'><strong>per</strong></span> <span class='ocrx_word' id='word_1_140' title='bbox 641 2565 711 2613; x_wconf 91' lang='lat' dir='ltr'><strong>se</strong></span> <span class='ocrx_word' id='word_1_141' title='bbox 744 2544 1083 2612; x_wconf 62' lang='lat' dir='ltr'><strong>viceram.</strong></span> <span class='ocrx_word' id='word_1_142' title='bbox 1121 2545 1202 2612; x_wconf 89' lang='lat' dir='ltr'><strong>Hi</strong></span> <span class='ocrx_word' id='word_1_143' title='bbox 1257 2566 1403 2615; x_wconf 87' lang='lat' dir='ltr'><strong>reos</strong></span> <span class='ocrx_word' id='word_1_144' title='bbox 1439 2549 1567 2614; x_wconf 91' lang='lat' dir='ltr'><strong>Deo</strong></span> <span class='ocrx_word' id='word_1_145' title='bbox 1614 2545 2010 2701; x_wconf 31' lang='lat' dir='ltr'><strong>concilias*</strong></span> <span class='ocrx_word' id='word_1_146' title='bbox 2050 2545 2286 2614; x_wconf 91' lang='lat' dir='ltr'><strong>orbem</strong></span> <span class='ocrx_word' id='word_1_147' title='bbox 2324 2556 2617 2635; x_wconf 89' lang='lat' dir='ltr'><strong>portant,</strong></span> <span class='ocrx_word' id='word_1_148' title='bbox 2670 2556 2803 2613; x_wconf 86' lang='lat' dir='ltr'><strong>tar-</strong></span> 
     </span>
     <span class='ocr_line' id='line_1_22' title="bbox 254 2631 2805 2723; baseline 0 -23"><span class='ocrx_word' id='word_1_149' title='bbox 254 2646 396 2701; x_wconf 85' lang='lat' dir='ltr'><strong>tara</strong></span> <span class='ocrx_word' id='word_1_150' title='bbox 444 2631 764 2721; x_wconf 86' lang='lat' dir='ltr'><strong>spoliant,</strong></span> <span class='ocrx_word' id='word_1_151' title='bbox 819 2647 892 2701; x_wconf 91' lang='lat' dir='ltr'><strong>ut</strong></span> <span class='ocrx_word' id='word_1_152' title='bbox 940 2633 1343 2721; x_wconf 86' lang='lat' dir='ltr'><strong>angelorum</strong></span> <span class='ocrx_word' id='word_1_153' title='bbox 1398 2652 1765 2702; x_wconf 89' lang='lat' dir='ltr'><strong>numerum</strong></span> <span class='ocrx_word' id='word_1_154' title='bbox 1816 2656 1942 2723; x_wconf 86' lang='lat' dir='ltr'><strong>exp</strong></span> <span class='ocrx_word' id='word_1_155' title='bbox 1974 2645 2154 2713; x_wconf 88' lang='lat' dir='ltr'><strong>eant,</strong></span> <span class='ocrx_word' id='word_1_156' title='bbox 2209 2644 2276 2702; x_wconf 86' lang='lat' dir='ltr'><strong>et</strong></span> <span class='ocrx_word' id='word_1_157' title='bbox 2316 2655 2552 2704; x_wconf 90' lang='lat' dir='ltr'><strong>muros</strong></span> <span class='ocrx_word' id='word_1_158' title='bbox 2599 2633 2805 2701; x_wconf 85' lang='lat' dir='ltr'><strong>Jeru-</strong></span> 
     </span>
     <span class='ocr_line' id='line_1_23' title="bbox 253 2720 2803 2811; baseline 0 -21"><span class='ocrx_word' id='word_1_159' title='bbox 253 2720 460 2791; x_wconf 89' lang='lat' dir='ltr'><strong>salem</strong></span> <span class='ocrx_word' id='word_1_160' title='bbox 514 2734 848 2789; x_wconf 83' lang='lat' dir='ltr'><strong>extruant.</strong></span> <span class='ocrx_word' id='word_1_161' title='bbox 906 2725 1045 2790; x_wconf 89' lang='lat' dir='ltr'><strong>Hoc</strong></span> <span class='ocrx_word' id='word_1_162' title='bbox 1080 2720 1418 2791; x_wconf 89' lang='lat' dir='ltr'><strong>indefesse</strong></span> <span class='ocrx_word' id='word_1_163' title='bbox 1463 2727 1767 2791; x_wconf 87' lang='lat' dir='ltr'><strong>Joannes</strong></span> <span class='ocrx_word' id='word_1_164' title='bbox 1816 2722 2090 2811; x_wconf 80' lang='lat' dir='ltr'><strong>Ephesi,</strong></span> <span class='ocrx_word' id='word_1_165' title='bbox 2148 2723 2274 2790; x_wconf 91' lang='lat' dir='ltr'><strong>hoc</strong></span> <span class='ocrx_word' id='word_1_166' title='bbox 2308 2721 2634 2801; x_wconf 75' lang='lat' dir='ltr'><strong>AndreaS,</strong></span> <span class='ocrx_word' id='word_1_167' title='bbox 2678 2722 2803 2791; x_wconf 90' lang='lat' dir='ltr'><strong>hoc</strong></span> 
     </span>
     <span class='ocr_line' id='line_1_24' title="bbox 257 2809 2796 2899; baseline 0.001 -22"><span class='ocrx_word' id='word_1_168' title='bbox 257 2821 719 2899; x_wconf 83' lang='lat' dir='ltr'><strong>protomartyr</strong></span> <span class='ocrx_word' id='word_1_169' title='bbox 767 2809 1154 2899; x_wconf 85' lang='lat' dir='ltr'><strong>Stephanus</strong></span> <span class='ocrx_word' id='word_1_170' title='bbox 1189 2811 1492 2898; x_wconf 78' lang='lat' dir='ltr'><strong>Byzantii</strong></span> <span class='ocrx_word' id='word_1_171' title='bbox 1520 2810 1576 2890; x_wconf 71' lang='lat'><strong>*,</strong></span> <span class='ocrx_word' id='word_1_172' title='bbox 1632 2810 1762 2879; x_wconf 88' lang='lat' dir='ltr'><strong>hoc</strong></span> <span class='ocrx_word' id='word_1_173' title='bbox 1812 2816 2167 2891; x_wconf 16' lang='lat' dir='ltr'><strong>Petrus—et</strong></span> <span class='ocrx_word' id='word_1_174' title='bbox 2200 2809 2456 2879; x_wconf 88' lang='lat' dir='ltr'><strong>Paulus</strong></span> <span class='ocrx_word' id='word_1_175' title='bbox 2510 2815 2796 2889; x_wconf 85' lang='lat' dir='ltr'><strong>Romae,</strong></span> 
     </span>
     <span class='ocr_line' id='line_1_25' title="bbox 250 2899 2805 2989; baseline 0.002 -23"><span class='ocrx_word' id='word_1_176' title='bbox 250 2913 312 2966; x_wconf 90' lang='lat' dir='ltr'><strong>et</strong></span> <span class='ocrx_word' id='word_1_177' title='bbox 359 2899 425 2966; x_wconf 91' lang='lat' dir='ltr'><strong>in</strong></span> <span class='ocrx_word' id='word_1_178' title='bbox 481 2912 615 2969; x_wconf 91' lang='lat' dir='ltr'><strong>toto</strong></span> <span class='ocrx_word' id='word_1_179' title='bbox 650 2921 818 2988; x_wconf 90' lang='lat' dir='ltr'><strong>pene</strong></span> <span class='ocrx_word' id='word_1_180' title='bbox 854 2912 1191 2977; x_wconf 90' lang='lat' dir='ltr'><strong>terrarum</strong></span> <span class='ocrx_word' id='word_1_181' title='bbox 1224 2900 1409 2980; x_wconf 88' lang='lat' dir='ltr'><strong>orbe,</strong></span> <span class='ocrx_word' id='word_1_182' title='bbox 1449 2899 1576 2968; x_wconf 90' lang='lat' dir='ltr'><strong>hoc</strong></span> <span class='ocrx_word' id='word_1_183' title='bbox 1608 2899 1870 2989; x_wconf 85' lang='lat' dir='ltr'><strong>singuli</strong></span> <span class='ocrx_word' id='word_1_184' title='bbox 1909 2911 2309 2969; x_wconf 88' lang='lat' dir='ltr'><strong>sanctorum</strong></span> <span class='ocrx_word' id='word_1_185' title='bbox 2351 2899 2416 2966; x_wconf 92' lang='lat' dir='ltr'><strong>in</strong></span> <span class='ocrx_word' id='word_1_186' title='bbox 2472 2921 2597 2969; x_wconf 90' lang='lat' dir='ltr'><strong>sua</strong></span> <span class='ocrx_word' id='word_1_187' title='bbox 2626 2913 2805 2970; x_wconf 86' lang='lat' dir='ltr'><strong>sorte</strong></span> 
     </span>
     <span class='ocr_line' id='line_1_26' title="bbox 256 2986 1520 3075; baseline 0.001 -20"><span class='ocrx_word' id='word_1_188' title='bbox 256 2999 527 3075; x_wconf 89' lang='lat' dir='ltr'><strong>gratum</strong></span> <span class='ocrx_word' id='word_1_189' title='bbox 582 2992 711 3057; x_wconf 91' lang='lat' dir='ltr'><strong>Deo</strong></span> <span class='ocrx_word' id='word_1_190' title='bbox 760 2987 1183 3057; x_wconf 81' lang='lat' dir='ltr'><strong>sacrificium</strong></span> <span class='ocrx_word' id='word_1_191' title='bbox 1236 2986 1520 3056; x_wconf 90' lang='lat' dir='ltr'><strong>faciunt.</strong></span> 
     </span>
    </p>

    <p class='ocr_par' dir='ltr' id='par_1_7' title="bbox 250 3076 2812 4407">
     <span class='ocr_line' id='line_1_27' title="bbox 340 3076 2805 3166; baseline 0.001 -21"><span class='ocrx_word' id='word_1_192' title='bbox 340 3080 375 3159; x_wconf 66' lang='grc' dir='ltr'><strong>ξ</strong></span> <span class='ocrx_word' id='word_1_193' title='bbox 429 3080 516 3145; x_wconf 64' lang='lat'><strong>2.</strong></span> <span class='ocrx_word' id='word_1_194' title='bbox 574 3077 921 3159; x_wconf 82' lang='lat' dir='ltr'><strong>Habemus</strong></span> <span class='ocrx_word' id='word_1_195' title='bbox 953 3088 1018 3144; x_wconf 88' lang='lat' dir='ltr'><strong>et</strong></span> <span class='ocrx_word' id='word_1_196' title='bbox 1054 3096 1175 3146; x_wconf 92' lang='lat' dir='ltr'><strong>nos</strong></span> <span class='ocrx_word' id='word_1_197' title='bbox 1207 3076 1278 3143; x_wconf 90' lang='lat' dir='ltr'><strong>in</strong></span> <span class='ocrx_word' id='word_1_198' title='bbox 1308 3076 1529 3146; x_wconf 92' lang='lat' dir='ltr'><strong>oculis</strong></span> <span class='ocrx_word' id='word_1_199' title='bbox 1581 3076 1790 3166; x_wconf 86' lang='lat' dir='ltr'><strong>hujus</strong></span> <span class='ocrx_word' id='word_1_200' title='bbox 1843 3076 1935 3145; x_wconf 88' lang='lat' dir='ltr'><strong>rei</strong></span> <span class='ocrx_word' id='word_1_201' title='bbox 1968 3088 2208 3145; x_wconf 87' lang='lat' dir='ltr'><strong>testem</strong></span> <span class='ocrx_word' id='word_1_202' title='bbox 2260 3076 2582 3147; x_wconf 87' lang='lat' dir='ltr'><strong>idoneum</strong></span> <span class='ocrx_word' id='word_1_203' title='bbox 2617 3082 2805 3147; x_wconf 88' lang='lat' dir='ltr'><strong>Mau-</strong></span> 
     </span>
     <span class='ocr_line' id='line_1_28' title="bbox 258 3163 2806 3255; baseline 0.002 -26"><span class='ocrx_word' id='word_1_204' title='bbox 258 3163 514 3245; x_wconf 90' lang='lat' dir='ltr'><strong>rinum,</strong></span> <span class='ocrx_word' id='word_1_205' title='bbox 563 3170 693 3234; x_wconf 88' lang='lat' dir='ltr'><strong>Deo</strong></span> <span class='ocrx_word' id='word_1_206' title='bbox 731 3178 795 3234; x_wconf 88' lang='lat' dir='ltr'><strong>et</strong></span> <span class='ocrx_word' id='word_1_207' title='bbox 829 3163 1102 3254; x_wconf 84' lang='lat' dir='ltr'><strong>Angelis</strong></span> <span class='ocrx_word' id='word_1_208' title='bbox 1133 3164 1446 3243; x_wconf 89' lang='lat' dir='ltr'><strong>charum,</strong></span> <span class='ocrx_word' id='word_1_209' title='bbox 1479 3165 1685 3255; x_wconf 89' lang='lat' dir='ltr'><strong>cujus</strong></span> <span class='ocrx_word' id='word_1_210' title='bbox 1732 3163 1936 3234; x_wconf 88' lang='lat' dir='ltr'><strong>hodie</strong></span> <span class='ocrx_word' id='word_1_211' title='bbox 2024 3164 2206 3235; x_wconf 89' lang='lat' dir='ltr'><strong>assio</strong></span> <span class='ocrx_word' id='word_1_212' title='bbox 2254 3164 2478 3234; x_wconf 89' lang='lat' dir='ltr'><strong>coelos</strong></span> <span class='ocrx_word' id='word_1_213' title='bbox 2510 3164 2806 3253; x_wconf 88' lang='lat' dir='ltr'><strong>glorioso</strong></span> 
     </span>
     <span class='ocr_line' id='line_1_29' title="bbox 253 3252 2806 3344; baseline 0.001 -25"><span class='ocrx_word' id='word_1_214' title='bbox 253 3254 576 3341; x_wconf 75' lang='lat' dir='ltr'><strong>martyrio</strong></span> <span class='ocrx_word' id='word_1_215' title='bbox 624 3264 843 3333; x_wconf 89' lang='lat' dir='ltr'><strong>ornat,</strong></span> <span class='ocrx_word' id='word_1_216' title='bbox 882 3266 946 3322; x_wconf 93' lang='lat' dir='ltr'><strong>et</strong></span> <span class='ocrx_word' id='word_1_217' title='bbox 983 3254 1112 3321; x_wconf 87' lang='lat' dir='ltr'><strong>reis</strong></span> <span class='ocrx_word' id='word_1_218' title='bbox 1149 3253 1414 3322; x_wconf 91' lang='lat' dir='ltr'><strong>veniam</strong></span> <span class='ocrx_word' id='word_1_219' title='bbox 1456 3254 1690 3323; x_wconf 89' lang='lat' dir='ltr'><strong>donat.</strong></span> <span class='ocrx_word' id='word_1_220' title='bbox 1731 3254 1861 3335; x_wconf 87' lang='lat' dir='ltr'><strong>Qui</strong></span> <span class='ocrx_word' id='word_1_221' title='bbox 1896 3276 1980 3323; x_wconf 88' lang='lat' dir='ltr'><strong>su</strong></span> <span class='ocrx_word' id='word_1_222' title='bbox 2060 3253 2282 3344; x_wconf 91' lang='lat' dir='ltr'><strong>signis</strong></span> <span class='ocrx_word' id='word_1_223' title='bbox 2314 3252 2474 3322; x_wconf 82' lang='lat' dir='ltr'><strong>fidei</strong></span> <span class='ocrx_word' id='word_1_224' title='bbox 2524 3252 2607 3320; x_wconf 90' lang='lat' dir='ltr'><strong>ad</strong></span> <span class='ocrx_word' id='word_1_225' title='bbox 2644 3275 2806 3322; x_wconf 90' lang='lat' dir='ltr'><strong>san-</strong></span> 
     </span>
     <span class='ocr_line' id='line_1_30' title="bbox 252 3341 2806 3431; baseline 0.001 -21"><span class='ocrx_word' id='word_1_226' title='bbox 252 3342 532 3429; x_wconf 88' lang='lat' dir='ltr'><strong>guinem</strong></span> <span class='ocrx_word' id='word_1_227' title='bbox 584 3364 801 3429; x_wconf 90' lang='lat' dir='ltr'><strong>usque</strong></span> <span class='ocrx_word' id='word_1_228' title='bbox 850 3342 1155 3420; x_wconf 87' lang='lat' dir='ltr'><strong>devotus,</strong></span> <span class='ocrx_word' id='word_1_229' title='bbox 1189 3342 1255 3409; x_wconf 88' lang='lat' dir='ltr'><strong>in</strong></span> <span class='ocrx_word' id='word_1_230' title='bbox 1286 3341 1397 3410; x_wconf 90' lang='lat' dir='ltr'><strong>die</strong></span> <span class='ocrx_word' id='word_1_231' title='bbox 1446 3343 1989 3411; x_wconf 86' lang='lat' dir='ltr'><strong>sui-certaminis</strong></span> <span class='ocrx_word' id='word_1_232' title='bbox 2033 3341 2129 3410; x_wconf 92' lang='lat' dir='ltr'><strong>nil</strong></span> <span class='ocrx_word' id='word_1_233' title='bbox 2167 3342 2403 3411; x_wconf 91' lang='lat' dir='ltr'><strong>minus</strong></span> <span class='ocrx_word' id='word_1_234' title='bbox 2452 3364 2489 3410; x_wconf 84' lang='lat' dir='ltr'><strong>a</strong></span> <span class='ocrx_word' id='word_1_235' title='bbox 2535 3343 2806 3431; x_wconf 85' lang='lat' dir='ltr'><strong>magnis</strong></span> 
     </span>
     <span class='ocr_line' id='line_1_31' title="bbox 254 3429 2809 3520; baseline 0.001 -23"><span class='ocrx_word' id='word_1_236' title='bbox 254 3431 388 3519; x_wconf 89' lang='lat' dir='ltr'><strong>egit</strong></span> <span class='ocrx_word' id='word_1_237' title='bbox 433 3430 883 3519; x_wconf 78' lang='lat' dir='ltr'><strong>martyribus:</strong></span> <span class='ocrx_word' id='word_1_238' title='bbox 939 3432 1059 3517; x_wconf 88' lang='lat' dir='ltr'><strong>qui</strong></span> <span class='ocrx_word' id='word_1_239' title='bbox 1108 3443 1316 3520; x_wconf 88' lang='lat' dir='ltr'><strong>caput</strong></span> <span class='ocrx_word' id='word_1_240' title='bbox 1364 3431 1686 3501; x_wconf 87' lang='lat' dir='ltr'><strong>draconis</strong></span> <span class='ocrx_word' id='word_1_241' title='bbox 1717 3431 1991 3518; x_wconf 87' lang='lat' dir='ltr'><strong>antiqui</strong></span> <span class='ocrx_word' id='word_1_242' title='bbox 2024 3442 2089 3500; x_wconf 87' lang='lat' dir='ltr'><strong>et</strong></span> <span class='ocrx_word' id='word_1_243' title='bbox 2123 3430 2470 3517; x_wconf 90' lang='lat' dir='ltr'><strong>nequitiae</strong></span> <span class='ocrx_word' id='word_1_244' title='bbox 2518 3429 2667 3517; x_wconf 84' lang='lat' dir='ltr'><strong>ejus</strong></span> <span class='ocrx_word' id='word_1_245' title='bbox 2702 3452 2809 3501; x_wconf 92' lang='lat' dir='ltr'><strong>sa-</strong></span> 
     </span>
     <span class='ocr_line' id='line_1_32' title="bbox 258 3518 2807 3610; baseline 0.001 -24"><span class='ocrx_word' id='word_1_246' title='bbox 258 3518 500 3589; x_wconf 86' lang='lat' dir='ltr'><strong>tellites</strong></span> <span class='ocrx_word' id='word_1_247' title='bbox 552 3520 784 3588; x_wconf 90' lang='lat' dir='ltr'><strong>Decios</strong></span> <span class='ocrx_word' id='word_1_248' title='bbox 832 3519 1252 3589; x_wconf 83' lang='lat' dir='ltr'><strong>detriverunt</strong></span> <span class='ocrx_word' id='word_1_249' title='bbox 1300 3531 1364 3588; x_wconf 89' lang='lat' dir='ltr'><strong>et</strong></span> <span class='ocrx_word' id='word_1_250' title='bbox 1412 3526 1731 3589; x_wconf 88' lang='lat' dir='ltr'><strong>Nerones.</strong></span> <span class='ocrx_word' id='word_1_251' title='bbox 1784 3524 1954 3610; x_wconf 87' lang='lat' dir='ltr'><strong>Egre</strong></span> <span class='ocrx_word' id='word_1_252' title='bbox 2010 3520 2069 3588; x_wconf 90' lang='lat' dir='ltr'><strong>ia</strong></span> <span class='ocrx_word' id='word_1_253' title='bbox 2122 3540 2421 3605; x_wconf 90' lang='lat' dir='ltr'><strong>namque</strong></span> <span class='ocrx_word' id='word_1_254' title='bbox 2461 3518 2807 3588; x_wconf 87' lang='lat' dir='ltr'><strong>vicissitu-</strong></span> 
     </span>
     <span class='ocr_line' id='line_1_33' title="bbox 252 3605 2809 3699; baseline 0.002 -25"><span class='ocrx_word' id='word_1_255' title='bbox 252 3605 412 3675; x_wconf 91' lang='lat' dir='ltr'><strong>dine</strong></span> <span class='ocrx_word' id='word_1_256' title='bbox 463 3621 733 3677; x_wconf 87' lang='lat' dir='ltr'><strong>mortuo</strong></span> <span class='ocrx_word' id='word_1_257' title='bbox 787 3629 905 3696; x_wconf 92' lang='lat' dir='ltr'><strong>pro</strong></span> <span class='ocrx_word' id='word_1_258' title='bbox 954 3630 1026 3677; x_wconf 90' lang='lat' dir='ltr'><strong>se</strong></span> <span class='ocrx_word' id='word_1_259' title='bbox 1075 3608 1363 3676; x_wconf 89' lang='lat' dir='ltr'><strong>Domino</strong></span> <span class='ocrx_word' id='word_1_260' title='bbox 1414 3608 1650 3685; x_wconf 86' lang='lat' dir='ltr'><strong>mortis</strong></span> <span class='ocrx_word' id='word_1_261' title='bbox 1701 3608 1961 3699; x_wconf 85' lang='lat' dir='ltr'><strong>triump</strong></span> <span class='ocrx_word' id='word_1_262' title='bbox 2018 3630 2133 3677; x_wconf 91' lang='lat' dir='ltr'><strong>um</strong></span> <span class='ocrx_word' id='word_1_263' title='bbox 2183 3607 2481 3687; x_wconf 89' lang='lat' dir='ltr'><strong>obtulit,</strong></span> <span class='ocrx_word' id='word_1_264' title='bbox 2542 3629 2809 3697; x_wconf 90' lang='lat' dir='ltr'><strong>purpu-</strong></span> 
     </span>
     <span class='ocr_line' id='line_1_34' title="bbox 253 3695 2810 3786; baseline 0.001 -24"><span class='ocrx_word' id='word_1_265' title='bbox 253 3707 575 3783; x_wconf 86' lang='lat' dir='ltr'><strong>ratusque</strong></span> <span class='ocrx_word' id='word_1_266' title='bbox 625 3697 885 3786; x_wconf 88' lang='lat' dir='ltr'><strong>proprii</strong></span> <span class='ocrx_word' id='word_1_267' title='bbox 935 3696 1299 3785; x_wconf 90' lang='lat' dir='ltr'><strong>sanguinis</strong></span> <span class='ocrx_word' id='word_1_268' title='bbox 1347 3708 1553 3777; x_wconf 87' lang='lat' dir='ltr'><strong>ostr0,</strong></span> <span class='ocrx_word' id='word_1_269' title='bbox 1595 3696 1837 3766; x_wconf 89' lang='lat' dir='ltr'><strong>stolam</strong></span> <span class='ocrx_word' id='word_1_270' title='bbox 1884 3718 2081 3767; x_wconf 86' lang='lat' dir='ltr'><strong>suam</strong></span> <span class='ocrx_word' id='word_1_271' title='bbox 2134 3695 2479 3767; x_wconf 88' lang='lat' dir='ltr'><strong>dealbavit</strong></span> <span class='ocrx_word' id='word_1_272' title='bbox 2530 3695 2595 3764; x_wconf 90' lang='lat' dir='ltr'><strong>in</strong></span> <span class='ocrx_word' id='word_1_273' title='bbox 2650 3718 2810 3765; x_wconf 89' lang='lat' dir='ltr'><strong>san-</strong></span> 
     </span>
     <span class='ocr_line' id='line_1_35' title="bbox 252 3785 2802 3876; baseline 0.001 -24"><span class='ocrx_word' id='word_1_274' title='bbox 252 3785 460 3872; x_wconf 85' lang='lat' dir='ltr'><strong>guine</strong></span> <span class='ocrx_word' id='word_1_275' title='bbox 515 3786 707 3876; x_wconf 76' lang='lat' dir='ltr'><strong>Agni.</strong></span> <span class='ocrx_word' id='word_1_276' title='bbox 761 3789 837 3853; x_wconf 89' lang='lat' dir='ltr'><strong>In</strong></span> <span class='ocrx_word' id='word_1_277' title='bbox 905 3786 1107 3874; x_wconf 88' lang='lat' dir='ltr'><strong>cujus</strong></span> <span class='ocrx_word' id='word_1_278' title='bbox 1168 3806 1353 3854; x_wconf 91' lang='lat' dir='ltr'><strong>nunc</strong></span> <span class='ocrx_word' id='word_1_279' title='bbox 1420 3785 1752 3855; x_wconf 84' lang='lat' dir='ltr'><strong>comitatu</strong></span> <span class='ocrx_word' id='word_1_280' title='bbox 1800 3806 2242 3872; x_wconf 83' lang='lat' dir='ltr'><strong>quocumque</strong></span> <span class='ocrx_word' id='word_1_281' title='bbox 2283 3785 2438 3855; x_wconf 88' lang='lat' dir='ltr'><strong>ierit</strong></span> <span class='ocrx_word' id='word_1_282' title='bbox 2486 3785 2802 3865; x_wconf 76' lang='lat' dir='ltr'><strong>haercnS,</strong></span> 
     </span>
     <span class='ocr_line' id='line_1_36' title="bbox 251 3873 2809 3963; baseline 0 -22"><span class='ocrx_word' id='word_1_283' title='bbox 251 3895 538 3944; x_wconf 86' lang='lat' dir='ltr'><strong>securus</strong></span> <span class='ocrx_word' id='word_1_284' title='bbox 587 3874 720 3953; x_wconf 88' lang='lat' dir='ltr'><strong>sui,</strong></span> <span class='ocrx_word' id='word_1_285' title='bbox 788 3874 933 3942; x_wconf 91' lang='lat' dir='ltr'><strong>suis</strong></span> <span class='ocrx_word' id='word_1_286' title='bbox 981 3887 1387 3963; x_wconf 84' lang='lat' dir='ltr'><strong>proventum</strong></span> <span class='ocrx_word' id='word_1_287' title='bbox 1439 3874 1656 3963; x_wconf 88' lang='lat' dir='ltr'><strong>poscit</strong></span> <span class='ocrx_word' id='word_1_288' title='bbox 1706 3873 1972 3944; x_wconf 88' lang='lat' dir='ltr'><strong>salutis.</strong></span> <span class='ocrx_word' id='word_1_289' title='bbox 2020 3874 2241 3962; x_wconf 83' lang='lat' dir='ltr'><strong>Hujus</strong></span> <span class='ocrx_word' id='word_1_290' title='bbox 2280 3874 2580 3963; x_wconf 89' lang='lat' dir='ltr'><strong>gratuita</strong></span> <span class='ocrx_word' id='word_1_291' title='bbox 2638 3879 2809 3941; x_wconf 89' lang='lat' dir='ltr'><strong>Deus</strong></span> 
     </span>
     <span class='ocr_line' id='line_1_37' title="bbox 250 3961 2810 4054; baseline -0 -24"><span class='ocrx_word' id='word_1_292' title='bbox 250 3961 615 4031; x_wconf 85' lang='lat' dir='ltr'><strong>clementia</strong></span> <span class='ocrx_word' id='word_1_293' title='bbox 669 3963 867 4032; x_wconf 89' lang='lat' dir='ltr'><strong>nohis</strong></span> <span class='ocrx_word' id='word_1_294' title='bbox 915 3962 1253 4033; x_wconf 87' lang='lat' dir='ltr'><strong>causidici</strong></span> <span class='ocrx_word' id='word_1_295' title='bbox 1301 3975 1576 4031; x_wconf 85' lang='lat' dir='ltr'><strong>scutum</strong></span> <span class='ocrx_word' id='word_1_296' title='bbox 1626 3962 1955 4041; x_wconf 89' lang='lat' dir='ltr'><strong>obtendit,</strong></span> <span class='ocrx_word' id='word_1_297' title='bbox 2014 3962 2223 4053; x_wconf 67' lang='lat' dir='ltr'><strong>huszs</strong></span> <span class='ocrx_word' id='word_1_298' title='bbox 2280 3984 2405 4032; x_wconf 89' lang='lat' dir='ltr'><strong>nos</strong></span> <span class='ocrx_word' id='word_1_299' title='bbox 2457 3962 2810 4054; x_wconf 86' lang='lat' dir='ltr'><strong>pretiosis—</strong></span> 
     </span>
     <span class='ocr_line' id='line_1_38' title="bbox 253 4050 2797 4142; baseline 0.001 -25"><span class='ocrx_word' id='word_1_300' title='bbox 253 4050 450 4119; x_wconf 88' lang='lat' dir='ltr'><strong>simis</strong></span> <span class='ocrx_word' id='word_1_301' title='bbox 486 4052 957 4127; x_wconf 88' lang='lat' dir='ltr'><strong>membrorum</strong></span> <span class='ocrx_word' id='word_1_302' title='bbox 1018 4051 1312 4142; x_wconf 90' lang='lat' dir='ltr'><strong>gemmis</strong></span> <span class='ocrx_word' id='word_1_303' title='bbox 1361 4050 1621 4120; x_wconf 88' lang='lat' dir='ltr'><strong>ditavit.</strong></span> <span class='ocrx_word' id='word_1_304' title='bbox 1680 4051 1820 4120; x_wconf 85' lang='lat' dir='ltr'><strong>Nisi</strong></span> <span class='ocrx_word' id='word_1_305' title='bbox 1881 4050 2176 4120; x_wconf 89' lang='lat' dir='ltr'><strong>multum</strong></span> <span class='ocrx_word' id='word_1_306' title='bbox 2218 4073 2353 4121; x_wconf 83' lang='lat' dir='ltr'><strong>nos</strong></span> <span class='ocrx_word' id='word_1_307' title='bbox 2402 4050 2797 4141; x_wconf 85' lang='lat' dir='ltr'><strong>abjicimus,</strong></span> 
     </span>
     <span class='ocr_line' id='line_1_39' title="bbox 250 4139 2809 4229; baseline 0 -23"><span class='ocrx_word' id='word_1_308' title='bbox 250 4160 524 4229; x_wconf 87' lang='lat' dir='ltr'><strong>semper</strong></span> <span class='ocrx_word' id='word_1_309' title='bbox 581 4161 741 4209; x_wconf 89' lang='lat' dir='ltr'><strong>eum</strong></span> <span class='ocrx_word' id='word_1_310' title='bbox 806 4140 1003 4209; x_wconf 90' lang='lat' dir='ltr'><strong>nobis</strong></span> <span class='ocrx_word' id='word_1_311' title='bbox 1072 4151 1499 4229; x_wconf 90' lang='lat' dir='ltr'><strong>praesentem</strong></span> <span class='ocrx_word' id='word_1_312' title='bbox 1552 4161 1828 4228; x_wconf 88' lang='lat' dir='ltr'><strong>sperare</strong></span> <span class='ocrx_word' id='word_1_313' title='bbox 1887 4139 2265 4219; x_wconf 75' lang='lat' dir='ltr'><strong>debemuS,</strong></span> <span class='ocrx_word' id='word_1_314' title='bbox 2320 4139 2437 4209; x_wconf 90' lang='lat' dir='ltr'><strong>sed</strong></span> <span class='ocrx_word' id='word_1_315' title='bbox 2499 4160 2809 4228; x_wconf 87' lang='lat' dir='ltr'><strong>praeser—</strong></span> 
     </span>
     <span class='ocr_line' id='line_1_40' title="bbox 254 4226 2803 4315; baseline -0 -20"><span class='ocrx_word' id='word_1_316' title='bbox 254 4228 372 4295; x_wconf 86' lang='lat' dir='ltr'><strong>tim</strong></span> <span class='ocrx_word' id='word_1_317' title='bbox 434 4229 502 4296; x_wconf 91' lang='lat' dir='ltr'><strong>in</strong></span> <span class='ocrx_word' id='word_1_318' title='bbox 576 4226 703 4297; x_wconf 85' lang='lat' dir='ltr'><strong>hac</strong></span> <span class='ocrx_word' id='word_1_319' title='bbox 760 4227 871 4297; x_wconf 92' lang='lat' dir='ltr'><strong>die</strong></span> <span class='ocrx_word' id='word_1_320' title='bbox 935 4227 1392 4298; x_wconf 87' lang='lat' dir='ltr'><strong>solemnitatis</strong></span> <span class='ocrx_word' id='word_1_321' title='bbox 1440 4241 1504 4296; x_wconf 89' lang='lat' dir='ltr'><strong>et</strong></span> <span class='ocrx_word' id='word_1_322' title='bbox 1555 4227 1847 4297; x_wconf 86' lang='lat' dir='ltr'><strong>laetitiae</strong></span> <span class='ocrx_word' id='word_1_323' title='bbox 1925 4249 2113 4298; x_wconf 85' lang='lat' dir='ltr'><strong>suae.</strong></span> <span class='ocrx_word' id='word_1_324' title='bbox 2184 4232 2411 4307; x_wconf 88' lang='lat' dir='ltr'><strong>Hanc,</strong></span> <span class='ocrx_word' id='word_1_325' title='bbox 2468 4227 2803 4315; x_wconf 90' lang='lat' dir='ltr'><strong>inquam,</strong></span> 
     </span>
     <span class='ocr_line' id='line_1_41' title="bbox 250 4314 2812 4407; baseline 0 -23"><span class='ocrx_word' id='word_1_326' title='bbox 250 4314 432 4384; x_wconf 91' lang='lat' dir='ltr'><strong>diem</strong></span> <span class='ocrx_word' id='word_1_327' title='bbox 503 4315 796 4387; x_wconf 86' lang='lat' dir='ltr'><strong>laetitiae</strong></span> <span class='ocrx_word' id='word_1_328' title='bbox 858 4317 1009 4407; x_wconf 88' lang='lat' dir='ltr'><strong>ejus</strong></span> <span class='ocrx_word' id='word_1_329' title='bbox 1081 4316 1419 4407; x_wconf 78' lang='lat' dir='ltr'><strong>dixerim,</strong></span> <span class='ocrx_word' id='word_1_330' title='bbox 1492 4316 1558 4385; x_wconf 92' lang='lat' dir='ltr'><strong>in</strong></span> <span class='ocrx_word' id='word_1_331' title='bbox 1627 4339 1764 4403; x_wconf 85' lang='lat' dir='ltr'><strong>qua</strong></span> <span class='ocrx_word' id='word_1_332' title='bbox 1816 4315 2231 4385; x_wconf 89' lang='lat' dir='ltr'><strong>familiarius</strong></span> <span class='ocrx_word' id='word_1_333' title='bbox 2288 4317 2428 4406; x_wconf 89' lang='lat' dir='ltr'><strong>regi</strong></span> <span class='ocrx_word' id='word_1_334' title='bbox 2481 4338 2607 4385; x_wconf 90' lang='lat' dir='ltr'><strong>suo</strong></span> <span class='ocrx_word' id='word_1_335' title='bbox 2672 4314 2812 4384; x_wconf 87' lang='lat' dir='ltr'><strong>dux</strong></span> 
     </span>
    </p>
   </div>
   <div class='ocr_carea' id='block_1_7' title="bbox 308 4436 2559 4497">
    <p class='ocr_par' dir='ltr' id='par_1_8' title="bbox 308 4436 2559 4497">
     <span class='ocr_line' id='line_1_42' title="bbox 308 4436 2559 4497; baseline -0 -20"><span class='ocrx_word' id='word_1_336' title='bbox 308 4439 332 4463; x_wconf 75' lang='lat'><strong>¹·</strong></span> <span class='ocrx_word' id='word_1_337' title='bbox 362 4440 612 4478; x_wconf 77' lang='lat' dir='ltr'><strong>Auctorem</strong></span> <span class='ocrx_word' id='word_1_338' title='bbox 630 4437 750 4487; x_wconf 76' lang='lat' dir='ltr'><strong>rugit</strong></span> <span class='ocrx_word' id='word_1_339' title='bbox 771 4439 814 4478; x_wconf 86' lang='lat' dir='ltr'><strong>S.</strong></span> <span class='ocrx_word' id='word_1_340' title='bbox 839 4436 1062 4487; x_wconf 68' lang='lat' dir='ltr'><strong>Stephani</strong></span> <span class='ocrx_word' id='word_1_341' title='bbox 1082 4448 1253 4488; x_wconf 84' lang='lat' dir='ltr'><strong>corpus</strong></span> <span class='ocrx_word' id='word_1_342' title='bbox 1269 4439 1551 4487; x_wconf 74' lang='lat' dir='ltr'><strong>jampridem</strong></span> <span class='ocrx_word' id='word_1_343' title='bbox 1577 4438 1985 4487; x_wconf 73' lang='lat' dir='ltr'><strong>Constantinopoli</strong></span> <span class='ocrx_word' id='word_1_344' title='bbox 2007 4438 2226 4497; x_wconf 70' lang='lat' dir='ltr'><strong>venetias</strong></span> <span class='ocrx_word' id='word_1_345' title='bbox 2246 4438 2559 4486; x_wconf 74' lang='lat' dir='ltr'><strong>deportatum.</strong></span> 
     </span>
    </p>
   </div>
  </div>
 </body>
</html>
