3357 4995
627 333 756 396 522
1229 351 1308 396 nn
1352 350 1730 398 nannum
1776 352 1831 397 s.
1885 349 2148 398 JOANNIS
2196 350 2372 396 narr.
2728 328 2759 395 J
2769 313 2940 397 UNII
2989 334 3073 398 24

537 437 720 524 ayite
744 460 766 501 .·
799 436 1129 533 appropin
1174 436 1363 502 uavit
1398 437 1574 503 enim
1618 456 1904 525 reynum
1952 438 2284 503 coelorum
2304 435 2572 521 (Mateta.
2611 432 2736 524 111).
2776 436 3074 505 Verbum

537 522 991 611 poenitentiae
1037 521 1134 590 du
1163 544 1240 590 ce
1270 536 1334 592 et
1420 523 1776 602 loriosum‚
1815 524 2100 593 verbum
2160 523 2354 613 regni
2414 522 2765 592 coelorum
2817 522 3074 593 laetum

534 623 599 679 et
644 610 1097 690 adorandum,
1139 610 1241 678 illi
1290 612 1417 681 soi
1465 612 1794 702 primario
1822 613 2268 690 conveniens,
2314 612 2433 697 qui
2485 612 2753 700 primus
2788 613 2942 681 novi
2979 626 3076 680 te-

537 701 853 768 stamenti
902 699 1132 789 posuit
1179 698 1649 769 fundamenta.
1706 705 1884 770 Haec
1931 713 2033 770 est
2069 699 2190 769 illa
2225 722 2378 780 vox,
2424 699 2508 769 de
2540 721 2678 787 qua
2729 702 3074 770 maximus

536 787 651 858 ille
684 786 1183 877 contemplator
1228 788 1624 858 coelestium
1675 789 2020 858 visionum
2051 788 2119 855 in
2154 789 2319 857 haec
2353 788 2556 857 verba
2591 790 3068 879 prosequitur:

533 881 611 945 Et
658 898 782 944 vox
835 877 1079 967 prima,
1117 898 1324 963 quam
1367 877 1624 957 audivi,
1678 890 1793 946 tan
1848 900 2008 946 uam
2058 877 2610 946 citharoedorum
2663 877 3074 946 citharizan-

534 966 706 1035 tium
751 966 819 1033 in
853 965 1138 1034 citharis
1189 965 1334 1035 suis
1365 966 1670 1057 (Apocal.
1717 990 1822 1035 xiv
1863 1020 1876 1033 .
1921 973 1967 1035 Α
2008 965 2258 1035 diebus
2286 966 2464 1035 Adae
2494 988 2715 1053 usque
2744 967 2826 1035 ad
2868 967 3074 1035 Joan-

531 1076 716 1133 nem,
773 1075 1112 1144 organum
1165 1067 1476 1124 nostrum
1527 1076 1800 1125 versum
1851 1068 1952 1126 est
1999 1056 2068 1122 in
2120 1077 2347 1123 vocem
2383 1055 2718 1123 flentium:
2757 1055 2921 1141 quia
2953 1055 3075 1123 ubi

530 1155 966 1232 peccatorum
1004 1142 1407 1230 frequentia,
1468 1165 1588 1212 nec
1628 1143 2080 1232 poenitentiae
2107 1143 2322 1221 locus,
2370 1143 2622 1232 duplex
2649 1157 2792 1212 erat
2839 1143 3074 1233 deplo-

530 1232 730 1300 randi
774 1232 1080 1300 materia.
1134 1231 1426 1311 Occidis,
1483 1231 1704 1301 occidi
1746 1231 2062 1318 juberis:
2099 1232 2384 1301 sabbato
2425 1232 2614 1321 ligna
2644 1231 2937 1322 colligis,
2973 1232 3074 1300 la-

532 1320 757 1410 pidari
797 1320 1105 1409 juberis:
1151 1333 1216 1389 et
1248 1320 1386 1401 ille,
1440 1320 1553 1389 cui
1607 1321 1960 1410 proprium
2010 1333 2112 1389 est
2162 1322 2480 1389 miserere
2520 1323 2793 1410 semper
2817 1335 2882 1390 et
2913 1343 3072 1411 par-

529 1431 703 1487 cere,
746 1408 880 1476 nisi
930 1409 1131 1476 ferire
1161 1430 1295 1477 non
1327 1410 1534 1477 novit.
1576 1408 1861 1478 Dederat
1892 1409 2150 1499 quippe
2189 1409 2290 1479 eis
2331 1421 2690 1499 praecepta
2724 1432 2858 1479 non
2891 1410 3072 1478 bona

531 1497 817 1565 traditor
872 1508 1390 1586 praeceptorum
1426 1553 1442 1574 ,
1506 1509 1570 1565 et
1607 1498 2140 1586 justificationes
2204 1497 2272 1565 in
2342 1499 2598 1586 quibus
2660 1499 2881 1566 vivere
2933 1521 3068 1567 non

532 1599 831 1675 possent.
890 1591 1027 1654 Hoc
1075 1598 1197 1664 est,
1250 1586 1435 1671 quod
1467 1587 1704 1674 justus
1743 1587 2056 1666 miratur,
2098 1587 2383 1656 dicens:
2426 1587 2549 1655 Ubi
2593 1598 2755 1656 sunt
2806 1587 3072 1655 miseri-

530 1674 802 1743 cordiae
853 1687 1009 1742 tuae
1057 1675 1403 1761 antiquae.
1460 1676 1797 1744 Domine?
1832 1675 2128 1743 Joannes
2169 1690 2372 1745 natus
2422 1675 2719 1744 ostendit
2771 1676 3072 1744 medica-
3171 1689 3177 1693 ⁴

530 1776 837 1831 mentum
892 1763 1182 1842 vulneri,
1249 1777 1523 1853 peccato
1578 1765 2093 1853 poenitentiam,
2137 1765 2402 1832 veniam
2456 1764 2832 1850 iniquitati.
2888 1769 3069 1833 Haec

528 1864 629 1918 est
670 1852 890 1939 prima
942 1873 1087 1931 voit,
1127 1874 1336 1938 quam
1390 1874 1512 1920 vox
1559 1853 1925 1922 clamantis
1973 1853 2042 1920 in
2093 1853 2359 1922 deserto
2411 1853 2790 1951 proposuit,
2831 1866 2897 1920 et
2946 1876 3068 1922 vox

531 1941 816 2008 turturis
850 1940 1085 2008 audita
1127 1953 1228 2008 est
1277 1941 1343 2008 in
1392 1955 1565 2009 terra
1601 1955 1856 2010 nostra.
1912 1947 2002 2010 Ex
2056 1955 2216 2009 tunc
2272 1941 2458 2009 misit
2512 1941 2578 2008 in
2629 1963 2704 2009 os
2757 1954 3069 2010 nostrum

528 2029 873 2097 canticum
942 2050 1220 2107 novum,
1281 2051 1559 2097 carmen
1612 2035 1744 2098 Deo
1793 2043 2047 2108 nostro,
2101 2044 2163 2098 et
2215 2032 2482 2098 resonat
2532 2031 2598 2097 in
2664 2051 2779 2098 ore
2838 2042 3069 2099 nostro

530 2117 907 2206 gratiarum
952 2117 1151 2200 actio,
1190 2131 1255 2186 et
1302 2138 1426 2186 vox
1479 2118 1741 2187 laudis:
1778 2117 2323 2208 superexaltatur
2374 2118 2841 2186 misericordia
2877 2119 3066 2208 judi·

527 2205 654 2285 cic,
703 2206 1174 2294 peccatoribus
1226 2207 1552 2296 parcitur,
1622 2221 1859 2297 regnat
1909 2208 2158 2296 pietas,
2201 2206 2471 2294 justitia
2533 2207 3061 2276 dissimulatur:

525 2307 589 2362 et
641 2295 1031 2374 miserendi,
1082 2317 1215 2363 non
1270 2295 1579 2374 feriendi,
1618 2297 1884 2383 quaerit
1934 2297 2362 2365 occasionem
2415 2295 2805 2366 misericors
2836 2309 2901 2364 et
2933 2297 3066 2364 mi-

527 2395 785 2450 serator
819 2383 1172 2451 Dominus.
1208 2383 1619 2453 Citharizant
1647 2407 1811 2475 ergo
1842 2386 1908 2451 in
1946 2385 2230 2452 citharis
2264 2385 2432 2464 suiS,
2471 2386 2590 2470 qui
2636 2385 3060 2473 voluptatum

524 2472 926 2540 effusionem
981 2471 1436 2561 poenitentiae
1483 2473 1909 2543 districtione
1959 2473 2412 2553 reverberant,
2473 2487 2536 2541 et
2585 2473 2668 2541 de
2721 2473 3062 2562 profunda

525 2574 959 2649 peccatorum
1006 2562 1326 2651 voragine
1369 2563 1823 2652 respirantes:
1860 2562 2209 2631 Pharaone
2242 2562 2624 2642 submers0,
2666 2574 2940 2630 cantant
2989 2562 3056 2629 in

528 2650 654 2718 viis
704 2650 998 2729 Domini,
1052 2650 1379 2736 quoniam
1434 2673 1686 2741 magna
1733 2666 1834 2720 est
1882 2651 2101 2740 gloria
2153 2651 2442 2718 Domini.

613 2740 649 2824 ξ
698 2744 828 2809 11.
872 2740 1216 2827 Septimus
1258 2739 1478 2807 honor
1509 2753 1641 2819 est,
1678 2739 1981 2828 dignitas
2018 2740 2084 2807 in
2134 2738 2544 2828 baptismate
2584 2740 2638 2805 ⁴.
2676 2737 3058 2825 Singularis

529 2849 811 2915 prorsus
862 2827 1260 2908 humilitas,
1316 2828 1608 2896 Verbum
1658 2850 1819 2897 caro
1867 2827 2148 2910 factum,
2201 2842 2264 2896 et
2313 2829 2383 2894 in
2439 2826 2808 2916 perfectum
2858 2848 3051 2915 egre-

525 2914 722 2983 diens
776 2916 1042 2995 virum,
1105 2915 1336 2985 relicta
1388 2917 1746 2985 hominum
1815 2918 2295 2994 universitate,
2353 2916 2680 2984 loannem
2738 2915 3052 3000 quaerit,

525 3004 864 3072 Joannem
903 3004 1266 3080 desiderat,
1299 3005 1382 3073 ad
1433 3006 1762 3074 loannem
1819 3006 2024 3074 vadit.
2068 3007 2403 3073 Terribilis
2447 3008 2511 3071 in
2545 3006 2835 3072 consiliis
2885 3009 3066 3073 Deus

523 3116 724 3181 super
752 3095 925 3177 filios
954 3094 1289 3162 hominum
1323 3095 1459 3181 (Ps.
1495 3095 1631 3181 65),
1664 3107 2069 3185 portansque
2102 3096 2328 3162 omnia
2350 3096 2542 3162 verbo
2577 3095 2845 3161 virtutis
2870 3117 3059 3171 suae,

523 3184 995 3271 purgationem
1045 3193 1473 3272 peccatorum
1518 3185 1775 3270 faciens
1820 3184 2049 3271 (chr.
2089 3207 2135 3261 1,
2174 3183 2284 3269 ⁴2);
2327 3182 2506 3250 venit
2558 3204 2598 3249 a
2647 3181 2943 3250 Galilaea
2995 3183 3064 3249 in

524 3269 887 3338 Jordanem
940 3270 1023 3336 ad
1074 3270 1441 3350 loannem,
1498 3286 1574 3339 ut
1622 3272 2003 3360 baptizetur
2051 3272 2135 3339 ab
2185 3293 2285 3338 eo.
2343 3276 2580 3359 Stupet
2624 3270 2946 3350 JoanneS,
3001 3284 3068 3338 et

527 3360 768 3426 timore
837 3360 1267 3439 concutitur,
1325 3372 1683 3446 totumque
1731 3359 2196 3428 Patriarcham
2246 3359 2562 3426 infinitus
2602 3358 2847 3427 horror
2891 3360 3061 3427 insi-

526 3447 674 3515 luit.
711 3452 871 3535 E90‚
912 3446 1156 3531 inquit,
1203 3472 1246 3514 a
1277 3458 1337 3515 te
1371 3450 1565 3516 debeo
1614 3450 1975 3538 baptizari,
2019 3460 2078 3516 ec
2126 3460 2199 3515 tu
2231 3450 2412 3515 venis
2459 3448 2548 3514 ad
2587 3450 2739 3515 me?
2782 3449 2955 3516 Dicit
3003 3449 3065 3516 ei

527 3534 867 3603 Salvator:
922 3538 1078 3603 Sine
1125 3538 1356 3604 modo:
1403 3539 1496 3604 sic
1550 3540 1726 3604 enim
1771 3538 1950 3605 decet
1983 3560 2100 3604 nos
2132 3540 2409 3626 imple-re
2444 3559 2698 3603 omnem
2716 3540 3065 3625 justitiam

522 3624 786 3713 (Mauso.
820 3624 945 3709 111).
982 3626 1449 3711 Aequiescitur
1484 3626 1807 3711 utrinque
1841 3626 2264 3694 salutaribus
2298 3625 2598 3703 monitiS,
2657 3638 2720 3692 et
2762 3626 2955 3693 accin
3016 3627 3065 3694 it

525 3735 595 3779 se
625 3713 919 3780 loannes
962 3712 1042 3780 ad
1085 3714 1600 3802 baptizandum,
1640 3715 1723 3781 ad
1778 3714 1958 3782 susci
2022 3713 2301 3781 iendum
2362 3714 2725 3781 Dominum
2775 3650 3065 3804 Ange?-

525 3824 705 3869 rum.
748 3802 1031 3870 Exuitur
1069 3803 1489 3871 vestimentis
1526 3803 1670 3870 suis
1723 3808 1854 3870 Rex
1915 3804 2197 3903 goriae,
2260 3801 2586 3889 splendor
2640 3801 2949 3881 luminis,
3001 3816 3068 3871 et

522 3891 747 3979 figura
781 3891 1205 3960 substantiae
1249 3892 1381 3958 Dei.
1420 3891 1706 3958 Joannis
1757 3893 2080 3959 manibus
2115 3901 2512 3959 attrectatur
2539 3913 2696 3959 caro
2725 3891 2843 3958 illa
2871 3912 3066 3959 sum-

525 3992 635 4068 pta
686 3978 767 4045 de
820 3979 1114 4069 Virgine,
1170 3979 1693 4066 candidiorique
1741 3979 2043 4049 derivata
2105 3979 2386 4047 materia
2439 3979 2743 4047 nudatur
2801 3980 2870 4047 in
2936 3980 3069 4048 ssu-

525 4068 744 4148 mine,
792 4068 1108 4136 felicibus
1157 4068 1497 4156 Baptistae
1547 4068 1870 4138 manibus
1921 4068 2376 4136 infundenda.
2433 4067 2868 4136 Descendunt
2936 4073 3069 4135 An—

542 4156 680 4236 'eli,
726 4170 788 4224 et
836 4157 1182 4225 coelorum
1242 4158 1521 4245 agmina
1556 4169 1690 4225 tota
1741 4157 2114 4225 reverentia
2153 4168 2446 4225 currunt
2494 4156 2579 4222 ad
2644 4160 3060 4237 Creatorem,

573 4268 609 4312 a
667 4246 1123 4330 tizantemque
1153 4256 1218 4313 et
1252 4245 1667 4334 baptizatum
1706 4245 2130 4314 dominantia
2162 4244 2450 4312 numina
2471 4244 3061 4335 circumcingunt.

525 4339 599 4401 In
639 4334 833 4401 undit
862 4355 1110 4419 aquam
1147 4334 1354 4423 capiti
1390 4335 1727 4403 Creatoris
1760 4347 2072 4403 creatura
2124 4331 2447 4411 nobilior,
2489 4345 2554 4400 et
2595 4334 2705 4400 Dei
2743 4334 3064 4401 verticem

577 4462 600 4486 *
632 4462 921 4508 Baptismum
940 4461 965 4499 J
970 4470 1053 4500 esu
1072 4470 1156 4510 per
1172 4461 1399 4501 &oannem
1419 4461 1469 4500 iu
1484 4461 1702 4501 ‚on-dane.
