<?xml version="1.0" encoding="UTF-8"?>
<!DOCTYPE html PUBLIC "-//W3C//DTD XHTML 1.0 Transitional//EN"
    "http://www.w3.org/TR/xhtml1/DTD/xhtml1-transitional.dtd">
<html xmlns="http://www.w3.org/1999/xhtml" xml:lang="en" lang="en">
 <head>
  <title>
</title>
<meta http-equiv="Content-Type" content="text/html;charset=utf-8" />
  <meta name='ocr-system' content='tesseract 3.04.00' />
  <meta name='ocr-capabilities' content='ocr_page ocr_carea ocr_par ocr_line ocrx_word'/>
</head>
<body>
  <div class='ocr_page' id='page_1' title='image "./historiaeseuvit02lippgoog_0396.png"; bbox 0 0 3357 4995; ppageno 0'>
   <div class='ocr_carea' id='block_1_1' title="bbox 659 302 3126 371">
    <p class='ocr_par' dir='ltr' id='par_1_1' title="bbox 659 302 3126 371">
     <span class='ocr_line' id='line_1_1' title="bbox 659 302 3126 371; baseline -0.002 0"><span class='ocrx_word' id='word_1_1' title='bbox 659 307 787 371; x_wconf 87' lang='lat'>380</span> <span class='ocrx_word' id='word_1_2' title='bbox 1286 324 1364 370; x_wconf 70' lang='grc' dir='ltr'>ΒΕ</span> <span class='ocrx_word' id='word_1_3' title='bbox 1411 324 1466 369; x_wconf 90' lang='lat' dir='ltr'>s.</span> <span class='ocrx_word' id='word_1_4' title='bbox 1523 319 1813 370; x_wconf 58' lang='lat' dir='ltr'>Baunonia</span> <span class='ocrx_word' id='word_1_5' title='bbox 1861 323 2155 370; x_wconf 64' lang='lat' dir='ltr'>misnensi</span> <span class='ocrx_word' id='word_1_6' title='bbox 2203 321 2400 370; x_wconf 76' lang='lat' dir='ltr'>Erlsc.</span> <span class='ocrx_word' id='word_1_7' title='bbox 2764 302 2984 368; x_wconf 83' lang='lat' dir='ltr'>JUNII</span> <span class='ocrx_word' id='word_1_8' title='bbox 3040 303 3126 367; x_wconf 66' lang='lat'>⁴6</span> 
     </span>
    </p>
   </div>
   <div class='ocr_carea' id='block_1_2' title="bbox 566 400 3126 856">
    <p class='ocr_par' dir='ltr' id='par_1_2' title="bbox 566 400 3126 856">
     <span class='ocr_line' id='line_1_2' title="bbox 656 400 3126 492; baseline -0.002 -18"><span class='ocrx_word' id='word_1_9' title='bbox 656 407 693 492; x_wconf 69' lang='grc' dir='ltr'>ξ</span> <span class='ocrx_word' id='word_1_10' title='bbox 738 409 835 474; x_wconf 70' lang='lat'>⁹.</span> <span class='ocrx_word' id='word_1_11' title='bbox 889 407 1130 472; x_wconf 82' lang='lat' dir='ltr'>Decem</span> <span class='ocrx_word' id='word_1_12' title='bbox 1178 414 1243 472; x_wconf 90' lang='lat' dir='ltr'>et</span> <span class='ocrx_word' id='word_1_13' title='bbox 1289 415 1549 492; x_wconf 81' lang='lat' dir='ltr'>septem</span> <span class='ocrx_word' id='word_1_14' title='bbox 1598 424 1818 474; x_wconf 88' lang='lat' dir='ltr'>annos</span> <span class='ocrx_word' id='word_1_15' title='bbox 1869 402 2279 472; x_wconf 88' lang='lat' dir='ltr'>venerabilis</span> <span class='ocrx_word' id='word_1_16' title='bbox 2318 407 2551 470; x_wconf 88' lang='lat' dir='ltr'>Benno</span> <span class='ocrx_word' id='word_1_17' title='bbox 2602 412 2831 472; x_wconf 88' lang='lat' dir='ltr'>noster</span> <span class='ocrx_word' id='word_1_18' title='bbox 2881 400 3126 472; x_wconf 84' lang='lat' dir='ltr'>Gosla-</span> 
     </span>
     <span class='ocr_line' id='line_1_3' title="bbox 566 489 3125 580; baseline -0.001 -19"><span class='ocrx_word' id='word_1_19' title='bbox 566 492 709 561; x_wconf 88' lang='lat' dir='ltr'>riae</span> <span class='ocrx_word' id='word_1_20' title='bbox 762 502 1200 561; x_wconf 91' lang='lat' dir='ltr'>conversatus</span> <span class='ocrx_word' id='word_1_21' title='bbox 1249 503 1388 561; x_wconf 88' lang='lat' dir='ltr'>est:</span> <span class='ocrx_word' id='word_1_22' title='bbox 1454 491 1713 578; x_wconf 90' lang='lat' dir='ltr'>quibus</span> <span class='ocrx_word' id='word_1_23' title='bbox 1783 514 1855 561; x_wconf 90' lang='lat' dir='ltr'>se</span> <span class='ocrx_word' id='word_1_24' title='bbox 1905 492 1972 560; x_wconf 91' lang='lat' dir='ltr'>in</span> <span class='ocrx_word' id='word_1_25' title='bbox 2024 490 2216 560; x_wconf 91' lang='lat' dir='ltr'>omni</span> <span class='ocrx_word' id='word_1_26' title='bbox 2265 511 2514 580; x_wconf 79' lang='lat' dir='ltr'>genere</span> <span class='ocrx_word' id='word_1_27' title='bbox 2562 489 2894 560; x_wconf 87' lang='lat' dir='ltr'>virtutum</span> <span class='ocrx_word' id='word_1_28' title='bbox 2964 511 3125 578; x_wconf 90' lang='lat' dir='ltr'>spe—</span> 
     </span>
     <span class='ocr_line' id='line_1_4' title="bbox 567 578 3123 737; baseline 0.001 -89"><span class='ocrx_word' id='word_1_29' title='bbox 567 580 885 650; x_wconf 90' lang='lat' dir='ltr'>ctabilem</span> <span class='ocrx_word' id='word_1_30' title='bbox 951 579 1306 737; x_wconf 61' lang='lat' dir='ltr'>praebuit,</span> <span class='ocrx_word' id='word_1_31' title='bbox 1358 579 1635 670; x_wconf 85' lang='lat' dir='ltr'>egitque</span> <span class='ocrx_word' id='word_1_32' title='bbox 1706 580 2126 649; x_wconf 87' lang='lat' dir='ltr'>Canonicum</span> <span class='ocrx_word' id='word_1_33' title='bbox 2178 602 2258 648; x_wconf 90' lang='lat' dir='ltr'>ac</span> <span class='ocrx_word' id='word_1_34' title='bbox 2307 579 2712 669; x_wconf 84' lang='lat' dir='ltr'><strong>Magistrum</strong></span> <span class='ocrx_word' id='word_1_35' title='bbox 2784 578 3123 650; x_wconf 91' lang='lat' dir='ltr'>omnibus</span> 
     </span>
     <span class='ocr_line' id='line_1_5' title="bbox 569 666 3123 758; baseline 0 -22"><span class='ocrx_word' id='word_1_36' title='bbox 569 669 879 739; x_wconf 90' lang='lat' dir='ltr'>numeris</span> <span class='ocrx_word' id='word_1_37' title='bbox 908 691 949 737; x_wconf 93' lang='lat' dir='ltr'>a</span> <span class='ocrx_word' id='word_1_38' title='bbox 1001 668 1305 737; x_wconf 89' lang='lat' dir='ltr'>solutum</span> <span class='ocrx_word' id='word_1_39' title='bbox 1333 668 1598 738; x_wconf 82' lang='lat' dir='ltr'>crebris</span> <span class='ocrx_word' id='word_1_40' title='bbox 1629 669 1911 758; x_wconf 79' lang='lat' dir='ltr'>vigiliis,</span> <span class='ocrx_word' id='word_1_41' title='bbox 1956 668 2294 755; x_wconf 80' lang='lat' dir='ltr'>frequenti</span> <span class='ocrx_word' id='word_1_42' title='bbox 2332 666 2588 748; x_wconf 71' lang='lat' dir='ltr'>inedia,</span> <span class='ocrx_word' id='word_1_43' title='bbox 2627 667 2932 737; x_wconf 78' lang='lat' dir='ltr'>assiduis</span> <span class='ocrx_word' id='word_1_44' title='bbox 2961 689 3123 736; x_wconf 86' lang='lat' dir='ltr'>ora-</span> 
     </span>
     <span class='ocr_line' id='line_1_6' title="bbox 567 756 3125 856; baseline -0 -30"><span class='ocrx_word' id='word_1_45' title='bbox 567 758 894 836; x_wconf 89' lang='lat' dir='ltr'>tionibus,</span> <span class='ocrx_word' id='word_1_46' title='bbox 950 771 1097 827; x_wconf 89' lang='lat' dir='ltr'>tum</span> <span class='ocrx_word' id='word_1_47' title='bbox 1149 756 1361 847; x_wconf 86' lang='lat' dir='ltr'>largis</span> <span class='ocrx_word' id='word_1_48' title='bbox 1397 757 1798 847; x_wconf 78' lang='lat' dir='ltr'>patrimonii</span> <span class='ocrx_word' id='word_1_49' title='bbox 1845 758 1956 827; x_wconf 90' lang='lat' dir='ltr'>sui</span> <span class='ocrx_word' id='word_1_50' title='bbox 2004 756 2487 856; x_wconf 75' lang='lat' dir='ltr'>eleemosynis.</span> <span class='ocrx_word' id='word_1_51' title='bbox 2525 760 2961 842; x_wconf 82' lang='lat' dir='ltr'>Quamquam</span> <span class='ocrx_word' id='word_1_52' title='bbox 2997 778 3125 825; x_wconf 86' lang='lat' dir='ltr'>au-</span> 
     </span>
    </p>
   </div>
   <div class='ocr_carea' id='block_1_3' title="bbox 455 845 3119 932">
    <p class='ocr_par' dir='ltr' id='par_1_3' title="bbox 455 845 3119 932">
     <span class='ocr_line' id='line_1_7' title="bbox 455 845 3119 932; baseline -0 -17"><span class='ocrx_word' id='word_1_53' title='bbox 455 870 473 887; x_wconf 93' lang='lat'><strong>·</strong></span> <span class='ocrx_word' id='word_1_54' title='bbox 568 860 700 916; x_wconf 88' lang='lat' dir='ltr'>tem</span> <span class='ocrx_word' id='word_1_55' title='bbox 736 847 837 915; x_wconf 93' lang='lat' dir='ltr'>vir</span> <span class='ocrx_word' id='word_1_56' title='bbox 862 845 1304 915; x_wconf 89' lang='lat' dir='ltr'>beatissimus</span> <span class='ocrx_word' id='word_1_57' title='bbox 1328 851 1557 915; x_wconf 90' lang='lat' dir='ltr'>Benno</span> <span class='ocrx_word' id='word_1_58' title='bbox 1595 847 1910 916; x_wconf 88' lang='lat' dir='ltr'>omnium</span> <span class='ocrx_word' id='word_1_59' title='bbox 1942 866 2182 915; x_wconf 91' lang='lat' dir='ltr'>eorum</span> <span class='ocrx_word' id='word_1_60' title='bbox 2210 868 2330 932; x_wconf 83' lang='lat' dir='ltr'>qui</span> <span class='ocrx_word' id='word_1_61' title='bbox 2381 866 2506 915; x_wconf 92' lang='lat' dir='ltr'>suo</span> <span class='ocrx_word' id='word_1_62' title='bbox 2540 859 2671 913; x_wconf 88' lang='lat' dir='ltr'>tem</span> <span class='ocrx_word' id='word_1_63' title='bbox 2686 866 2844 932; x_wconf 93' lang='lat' dir='ltr'>pore</span> <span class='ocrx_word' id='word_1_64' title='bbox 2878 865 3119 914; x_wconf 85' lang='lat' dir='ltr'>secum</span> 
     </span>
    </p>
   </div>
   <div class='ocr_carea' id='block_1_4' title="bbox 494 932 3193 4304">
    <p class='ocr_par' dir='ltr' id='par_1_4' title="bbox 494 932 3193 3152">
     <span class='ocr_line' id='line_1_8' title="bbox 565 932 3119 1023; baseline -0 -20"><span class='ocrx_word' id='word_1_65' title='bbox 565 935 634 1003; x_wconf 93' lang='lat' dir='ltr'>in</span> <span class='ocrx_word' id='word_1_66' title='bbox 704 935 1004 1005; x_wconf 84' lang='lat' dir='ltr'>Ecclesia</span> <span class='ocrx_word' id='word_1_67' title='bbox 1051 933 1465 1004; x_wconf 83' lang='lat' dir='ltr'>Goslariensi</span> <span class='ocrx_word' id='word_1_68' title='bbox 1518 939 1646 1003; x_wconf 90' lang='lat' dir='ltr'>Deo</span> <span class='ocrx_word' id='word_1_69' title='bbox 1706 935 2186 1012; x_wconf 87' lang='lat' dir='ltr'>militaverant,</span> <span class='ocrx_word' id='word_1_70' title='bbox 2255 955 2391 1002; x_wconf 91' lang='lat' dir='ltr'>non</span> <span class='ocrx_word' id='word_1_71' title='bbox 2443 932 2793 1023; x_wconf 87' lang='lat' dir='ltr'>vulgarem</span> <span class='ocrx_word' id='word_1_72' title='bbox 2860 933 3119 1002; x_wconf 89' lang='lat' dir='ltr'>meruit</span> 
     </span>
     <span class='ocr_line' id='line_1_9' title="bbox 566 1022 3121 1181; baseline -0.001 -89"><span class='ocrx_word' id='word_1_73' title='bbox 566 1027 861 1181; x_wconf 55' lang='grc' dir='ltr'>ἓτειῑίωη</span> <span class='ocrx_word' id='word_1_74' title='bbox 910 1045 989 1093; x_wconf 90' lang='lat' dir='ltr'>eo</span> <span class='ocrx_word' id='word_1_75' title='bbox 1035 1022 1217 1109; x_wconf 92' lang='lat' dir='ltr'>quod</span> <span class='ocrx_word' id='word_1_76' title='bbox 1273 1036 1450 1092; x_wconf 87' lang='lat' dir='ltr'>esset</span> <span class='ocrx_word' id='word_1_77' title='bbox 1508 1037 1733 1093; x_wconf 89' lang='lat' dir='ltr'>rectus</span> <span class='ocrx_word' id='word_1_78' title='bbox 1783 1046 1861 1093; x_wconf 90' lang='lat' dir='ltr'>ac</span> <span class='ocrx_word' id='word_1_79' title='bbox 1913 1025 2196 1114; x_wconf 81' lang='lat' dir='ltr'>integer,</span> <span class='ocrx_word' id='word_1_80' title='bbox 2251 1022 2728 1108; x_wconf 81' lang='lat' dir='ltr'>fraternaeque</span> <span class='ocrx_word' id='word_1_81' title='bbox 2789 1023 2977 1111; x_wconf 82' lang='lat' dir='ltr'>pacis</span> <span class='ocrx_word' id='word_1_82' title='bbox 3040 1046 3121 1090; x_wconf 88' lang='lat' dir='ltr'>ac</span> 
     </span>
     <span class='ocr_line' id='line_1_10' title="bbox 615 1110 3116 1201; baseline -0.002 -20"><span class='ocrx_word' id='word_1_83' title='bbox 615 1114 984 1182; x_wconf 84' lang='lat' dir='ltr'>omesticae</span> <span class='ocrx_word' id='word_1_84' title='bbox 1047 1111 1454 1180; x_wconf 86' lang='lat' dir='ltr'>concordiae</span> <span class='ocrx_word' id='word_1_85' title='bbox 1524 1112 1892 1181; x_wconf 87' lang='lat' dir='ltr'>vehemens</span> <span class='ocrx_word' id='word_1_86' title='bbox 1947 1124 2252 1181; x_wconf 86' lang='lat' dir='ltr'>amator:</span> <span class='ocrx_word' id='word_1_87' title='bbox 2311 1112 2681 1201; x_wconf 81' lang='lat' dir='ltr'>praecipue</span> <span class='ocrx_word' id='word_1_88' title='bbox 2730 1123 2957 1179; x_wconf 90' lang='lat' dir='ltr'>tamen</span> <span class='ocrx_word' id='word_1_89' title='bbox 3015 1110 3116 1178; x_wconf 89' lang='lat' dir='ltr'>illi</span> 
     </span>
     <span class='ocr_line' id='line_1_11' title="bbox 567 1198 3120 1291; baseline -0.001 -21"><span class='ocrx_word' id='word_1_90' title='bbox 567 1223 726 1270; x_wconf 89' lang='lat' dir='ltr'>cum</span> <span class='ocrx_word' id='word_1_91' title='bbox 780 1202 976 1271; x_wconf 90' lang='lat' dir='ltr'>beato</span> <span class='ocrx_word' id='word_1_92' title='bbox 1018 1205 1305 1269; x_wconf 81' lang='lat' dir='ltr'>Annone</span> <span class='ocrx_word' id='word_1_93' title='bbox 1336 1199 1752 1269; x_wconf 90' lang='lat' dir='ltr'>Goslariensi</span> <span class='ocrx_word' id='word_1_94' title='bbox 1786 1213 1950 1271; x_wconf 86' lang='lat' dir='ltr'>tunc</span> <span class='ocrx_word' id='word_1_95' title='bbox 1987 1201 2401 1291; x_wconf 87' lang='lat' dir='ltr'>Praeposito,</span> <span class='ocrx_word' id='word_1_96' title='bbox 2444 1212 2675 1290; x_wconf 89' lang='lat' dir='ltr'>postea</span> <span class='ocrx_word' id='word_1_97' title='bbox 2716 1221 2873 1267; x_wconf 88' lang='lat' dir='ltr'>vero</span> <span class='ocrx_word' id='word_1_98' title='bbox 2923 1198 3120 1268; x_wconf 84' lang='lat' dir='ltr'>Colo-</span> 
     </span>
     <span class='ocr_line' id='line_1_12' title="bbox 568 1287 3120 1378; baseline -0.002 -19"><span class='ocrx_word' id='word_1_99' title='bbox 568 1289 786 1360; x_wconf 90' lang='lat' dir='ltr'>niensi</span> <span class='ocrx_word' id='word_1_100' title='bbox 823 1288 1345 1378; x_wconf 66' lang='lat' dir='ltr'>archiepiscopo</span> <span class='ocrx_word' id='word_1_101' title='bbox 1372 1288 1760 1360; x_wconf 89' lang='lat' dir='ltr'>arctissima</span> <span class='ocrx_word' id='word_1_102' title='bbox 1788 1289 1916 1358; x_wconf 89' lang='lat' dir='ltr'>fuit</span> <span class='ocrx_word' id='word_1_103' title='bbox 1948 1289 2375 1361; x_wconf 86' lang='lat' dir='ltr'>consuetudo</span> <span class='ocrx_word' id='word_1_104' title='bbox 2396 1301 2460 1358; x_wconf 89' lang='lat' dir='ltr'>et</span> <span class='ocrx_word' id='word_1_105' title='bbox 2496 1300 2780 1356; x_wconf 89' lang='lat' dir='ltr'>mutuus</span> <span class='ocrx_word' id='word_1_106' title='bbox 2818 1288 2885 1356; x_wconf 90' lang='lat' dir='ltr'>in</span> <span class='ocrx_word' id='word_1_107' title='bbox 2922 1287 3120 1356; x_wconf 81' lang='lat' dir='ltr'>Chri-</span> 
     </span>
     <span class='ocr_line' id='line_1_13' title="bbox 567 1376 3119 1463; baseline -0.001 -17"><span class='ocrx_word' id='word_1_108' title='bbox 567 1391 670 1447; x_wconf 91' lang='lat' dir='ltr'>sto</span> <span class='ocrx_word' id='word_1_109' title='bbox 719 1400 935 1447; x_wconf 87' lang='lat' dir='ltr'>amor.</span> <span class='ocrx_word' id='word_1_110' title='bbox 975 1376 1325 1463; x_wconf 90' lang='lat' dir='ltr'>Siquidem</span> <span class='ocrx_word' id='word_1_111' title='bbox 1378 1398 1598 1446; x_wconf 91' lang='lat' dir='ltr'>unum</span> <span class='ocrx_word' id='word_1_112' title='bbox 1640 1390 1785 1447; x_wconf 90' lang='lat' dir='ltr'>erat</span> <span class='ocrx_word' id='word_1_113' title='bbox 1836 1378 1973 1447; x_wconf 92' lang='lat' dir='ltr'>illis</span> <span class='ocrx_word' id='word_1_114' title='bbox 2022 1377 2191 1447; x_wconf 90' lang='lat' dir='ltr'>velle</span> <span class='ocrx_word' id='word_1_115' title='bbox 2238 1400 2317 1447; x_wconf 90' lang='lat' dir='ltr'>ac</span> <span class='ocrx_word' id='word_1_116' title='bbox 2355 1376 2571 1447; x_wconf 89' lang='lat' dir='ltr'>nolle:</span> <span class='ocrx_word' id='word_1_117' title='bbox 2632 1376 2802 1445; x_wconf 91' lang='lat' dir='ltr'>velle</span> <span class='ocrx_word' id='word_1_118' title='bbox 2853 1376 3119 1446; x_wconf 87' lang='lat' dir='ltr'>scilicet</span> 
     </span>
     <span class='ocr_line' id='line_1_14' title="bbox 534 1464 3115 1560; baseline -0.001 -26"><span class='ocrx_word' id='word_1_119' title='bbox 534 1466 855 1547; x_wconf 78' lang='lat' dir='ltr'>bonum,</span> <span class='ocrx_word' id='word_1_120' title='bbox 908 1478 973 1534; x_wconf 89' lang='lat' dir='ltr'>et</span> <span class='ocrx_word' id='word_1_121' title='bbox 1013 1464 1325 1535; x_wconf 88' lang='lat' dir='ltr'>recedere</span> <span class='ocrx_word' id='word_1_122' title='bbox 1354 1488 1395 1534; x_wconf 88' lang='lat' dir='ltr'>a</span> <span class='ocrx_word' id='word_1_123' title='bbox 1434 1465 1640 1535; x_wconf 82' lang='lat' dir='ltr'>malo,</span> <span class='ocrx_word' id='word_1_124' title='bbox 1685 1471 2115 1558; x_wconf 84' lang='lat' dir='ltr'>Quapropter</span> <span class='ocrx_word' id='word_1_125' title='bbox 2166 1466 2481 1536; x_wconf 89' lang='lat' dir='ltr'>mirabile</span> <span class='ocrx_word' id='word_1_126' title='bbox 2509 1465 2700 1560; x_wconf 47' lang='lat' dir='ltr'>dictu</span> <span class='ocrx_word' id='word_1_127' title='bbox 2728 1477 2853 1544; x_wconf 89' lang='lat' dir='ltr'>est,</span> <span class='ocrx_word' id='word_1_128' title='bbox 2894 1487 3115 1550; x_wconf 88' lang='lat' dir='ltr'>quan·</span> 
     </span>
     <span class='ocr_line' id='line_1_15' title="bbox 568 1553 3114 1646; baseline 0 -24"><span class='ocrx_word' id='word_1_129' title='bbox 568 1566 714 1623; x_wconf 90' lang='lat' dir='ltr'>tum</span> <span class='ocrx_word' id='word_1_130' title='bbox 767 1554 954 1623; x_wconf 89' lang='lat' dir='ltr'>brevi</span> <span class='ocrx_word' id='word_1_131' title='bbox 1003 1553 1211 1624; x_wconf 89' lang='lat' dir='ltr'>simul</span> <span class='ocrx_word' id='word_1_132' title='bbox 1262 1553 1447 1644; x_wconf 91' lang='lat' dir='ltr'>apud</span> <span class='ocrx_word' id='word_1_133' title='bbox 1503 1559 1714 1624; x_wconf 90' lang='lat' dir='ltr'>Deum</span> <span class='ocrx_word' id='word_1_134' title='bbox 1767 1555 2201 1646; x_wconf 83' lang='lat' dir='ltr'>profecerint,</span> <span class='ocrx_word' id='word_1_135' title='bbox 2233 1569 2297 1625; x_wconf 88' lang='lat' dir='ltr'>et</span> <span class='ocrx_word' id='word_1_136' title='bbox 2344 1577 2551 1643; x_wconf 89' lang='lat' dir='ltr'>quam</span> <span class='ocrx_word' id='word_1_137' title='bbox 2587 1553 2974 1643; x_wconf 89' lang='lat' dir='ltr'>jucundam</span> <span class='ocrx_word' id='word_1_138' title='bbox 3030 1577 3114 1622; x_wconf 85' lang='lat' dir='ltr'>ac</span> 
     </span>
     <span class='ocr_line' id='line_1_16' title="bbox 570 1641 3193 1731; baseline -0.002 -19"><span class='ocrx_word' id='word_1_139' title='bbox 570 1644 841 1712; x_wconf 82' lang='lat' dir='ltr'>firmam</span> <span class='ocrx_word' id='word_1_140' title='bbox 894 1642 1269 1712; x_wconf 87' lang='lat' dir='ltr'>amicitiam</span> <span class='ocrx_word' id='word_1_141' title='bbox 1320 1642 1582 1713; x_wconf 84' lang='lat' dir='ltr'>similes</span> <span class='ocrx_word' id='word_1_142' title='bbox 1619 1643 1756 1713; x_wconf 90' lang='lat' dir='ltr'>illis</span> <span class='ocrx_word' id='word_1_143' title='bbox 1807 1665 2030 1714; x_wconf 90' lang='lat' dir='ltr'>mores</span> <span class='ocrx_word' id='word_1_144' title='bbox 2069 1658 2134 1714; x_wconf 84' lang='lat' dir='ltr'>et</span> <span class='ocrx_word' id='word_1_145' title='bbox 2184 1644 2365 1713; x_wconf 89' lang='lat' dir='ltr'>idem</span> <span class='ocrx_word' id='word_1_146' title='bbox 2416 1643 2589 1713; x_wconf 92' lang='lat' dir='ltr'>coeli</span> <span class='ocrx_word' id='word_1_147' title='bbox 2629 1641 2936 1712; x_wconf 87' lang='lat' dir='ltr'>studium</span> <span class='ocrx_word' id='word_1_148' title='bbox 2992 1664 3111 1731; x_wconf 86' lang='lat' dir='ltr'>pe·</span> <span class='ocrx_word' id='word_1_149' title='bbox 3188 1661 3193 1665; x_wconf 85' lang='grc'><em>·</em></span> 
     </span>
     <span class='ocr_line' id='line_1_17' title="bbox 571 1729 3116 1823; baseline -0.001 -23"><span class='ocrx_word' id='word_1_150' title='bbox 571 1731 844 1821; x_wconf 89' lang='lat' dir='ltr'>pererit.</span> <span class='ocrx_word' id='word_1_151' title='bbox 915 1732 1176 1801; x_wconf 87' lang='lat' dir='ltr'>Etenim</span> <span class='ocrx_word' id='word_1_152' title='bbox 1247 1752 1399 1800; x_wconf 92' lang='lat' dir='ltr'>vere</span> <span class='ocrx_word' id='word_1_153' title='bbox 1448 1745 1608 1801; x_wconf 88' lang='lat' dir='ltr'>tunc</span> <span class='ocrx_word' id='word_1_154' title='bbox 1658 1733 1727 1799; x_wconf 90' lang='lat' dir='ltr'>in</span> <span class='ocrx_word' id='word_1_155' title='bbox 1778 1733 1876 1801; x_wconf 90' lang='lat' dir='ltr'>eis</span> <span class='ocrx_word' id='word_1_156' title='bbox 1923 1732 2345 1823; x_wconf 90' lang='lat' dir='ltr'>completum</span> <span class='ocrx_word' id='word_1_157' title='bbox 2394 1731 2524 1801; x_wconf 89' lang='lat' dir='ltr'>fuit</span> <span class='ocrx_word' id='word_1_158' title='bbox 2588 1731 2759 1801; x_wconf 91' lang='lat' dir='ltr'>illud</span> <span class='ocrx_word' id='word_1_159' title='bbox 2811 1729 3116 1799; x_wconf 88' lang='lat' dir='ltr'>Psalmo-</span> 
     </span>
     <span class='ocr_line' id='line_1_18' title="bbox 568 1820 3114 1911; baseline -0 -22"><span class='ocrx_word' id='word_1_160' title='bbox 568 1820 855 1910; x_wconf 89' lang='lat' dir='ltr'>graphi:</span> <span class='ocrx_word' id='word_1_161' title='bbox 912 1826 1068 1889; x_wconf 82' lang='lat' dir='ltr'>Ecce</span> <span class='ocrx_word' id='word_1_162' title='bbox 1158 1842 1317 1889; x_wconf 84' lang='lat' dir='ltr'>uam</span> <span class='ocrx_word' id='word_1_163' title='bbox 1363 1822 1602 1890; x_wconf 83' lang='lat' dir='ltr'>bonum</span> <span class='ocrx_word' id='word_1_164' title='bbox 1650 1832 1714 1890; x_wconf 80' lang='lat' dir='ltr'>et</span> <span class='ocrx_word' id='word_1_165' title='bbox 1805 1845 1966 1890; x_wconf 83' lang='lat' dir='ltr'>uam</span> <span class='ocrx_word' id='word_1_166' title='bbox 1985 1823 2368 1911; x_wconf 78' lang='lat' dir='ltr'>jucundum</span> <span class='ocrx_word' id='word_1_167' title='bbox 2418 1823 2724 1890; x_wconf 76' lang='lat' dir='ltr'>habitare</span> <span class='ocrx_word' id='word_1_168' title='bbox 2754 1822 3006 1907; x_wconf 79' lang='lat' dir='ltr'>fratres</span> <span class='ocrx_word' id='word_1_169' title='bbox 3043 1823 3114 1888; x_wconf 80' lang='lat' dir='ltr'>z‘n</span> 
     </span>
     <span class='ocr_line' id='line_1_19' title="bbox 566 1843 3110 1999; baseline 0 -22"><span class='ocrx_word' id='word_1_170' title='bbox 566 1932 779 1978; x_wconf 83' lang='lat' dir='ltr'>unum</span> <span class='ocrx_word' id='word_1_171' title='bbox 815 1911 952 1998; x_wconf 69' lang='lat' dir='ltr'><strong>(Px.</strong></span> <span class='ocrx_word' id='word_1_172' title='bbox 997 1843 1175 1997; x_wconf 50' lang='lat'><strong>4323.</strong></span> <span class='ocrx_word' id='word_1_173' title='bbox 1236 1912 1287 1978; x_wconf 92' lang='grc' dir='ltr'><strong>Ο</strong></span> <span class='ocrx_word' id='word_1_174' title='bbox 1336 1907 1677 1999; x_wconf 86' lang='lat' dir='ltr'>legitimos</span> <span class='ocrx_word' id='word_1_175' title='bbox 1726 1914 1768 1977; x_wconf 80' lang='lat' dir='ltr'>C</span> <span class='ocrx_word' id='word_1_176' title='bbox 1828 1910 1972 1978; x_wconf 88' lang='lat' dir='ltr'>risti</span> <span class='ocrx_word' id='word_1_177' title='bbox 2032 1910 2427 1980; x_wconf 87' lang='lat' dir='ltr'>Sacerdotes</span> <span class='ocrx_word' id='word_1_178' title='bbox 2460 1910 2519 1976; x_wconf 63' lang='lat'>⁴.</span> <span class='ocrx_word' id='word_1_179' title='bbox 2575 1909 2844 1979; x_wconf 87' lang='lat' dir='ltr'>Utinam</span> <span class='ocrx_word' id='word_1_180' title='bbox 2901 1919 3110 1995; x_wconf 90' lang='lat' dir='ltr'>atque</span> 
     </span>
     <span class='ocr_line' id='line_1_20' title="bbox 567 1996 3112 2084; baseline -0 -18"><span class='ocrx_word' id='word_1_181' title='bbox 567 1997 831 2066; x_wconf 89' lang='lat' dir='ltr'>utinam</span> <span class='ocrx_word' id='word_1_182' title='bbox 873 1998 927 2066; x_wconf 91' lang='lat' dir='ltr'>is</span> <span class='ocrx_word' id='word_1_183' title='bbox 977 1996 1201 2066; x_wconf 91' lang='lat' dir='ltr'>nodus</span> <span class='ocrx_word' id='word_1_184' title='bbox 1230 2009 1434 2084; x_wconf 89' lang='lat' dir='ltr'>atque</span> <span class='ocrx_word' id='word_1_185' title='bbox 1482 1997 1609 2065; x_wconf 92' lang='lat' dir='ltr'>hoc</span> <span class='ocrx_word' id='word_1_186' title='bbox 1650 1998 2032 2076; x_wconf 88' lang='lat' dir='ltr'>vinculum,</span> <span class='ocrx_word' id='word_1_187' title='bbox 2087 1998 2335 2069; x_wconf 88' lang='lat' dir='ltr'>Christi</span> <span class='ocrx_word' id='word_1_188' title='bbox 2384 1998 2646 2068; x_wconf 89' lang='lat' dir='ltr'>scilicet</span> <span class='ocrx_word' id='word_1_189' title='bbox 2673 1997 2998 2076; x_wconf 87' lang='lat' dir='ltr'>charitas,</span> <span class='ocrx_word' id='word_1_190' title='bbox 3045 2011 3112 2065; x_wconf 89' lang='lat' dir='ltr'>et</span> 
     </span>
     <span class='ocr_line' id='line_1_21' title="bbox 566 2085 3138 2177; baseline 0.001 -24"><span class='ocrx_word' id='word_1_191' title='bbox 566 2085 960 2154; x_wconf 89' lang='lat' dir='ltr'>divinarum</span> <span class='ocrx_word' id='word_1_192' title='bbox 1010 2106 1239 2155; x_wconf 91' lang='lat' dir='ltr'>rerum</span> <span class='ocrx_word' id='word_1_193' title='bbox 1270 2085 1606 2165; x_wconf 90' lang='lat' dir='ltr'>studium,</span> <span class='ocrx_word' id='word_1_194' title='bbox 1648 2102 1915 2156; x_wconf 88' lang='lat' dir='ltr'>nostros</span> <span class='ocrx_word' id='word_1_195' title='bbox 1962 2108 2236 2175; x_wconf 91' lang='lat' dir='ltr'>quoque</span> <span class='ocrx_word' id='word_1_196' title='bbox 2261 2089 2584 2177; x_wconf 82' lang='lat' dir='ltr'>jungeret</span> <span class='ocrx_word' id='word_1_197' title='bbox 2618 2085 3017 2155; x_wconf 87' lang='lat' dir='ltr'>Sacerdotes</span> <span class='ocrx_word' id='word_1_198' title='bbox 3048 2087 3138 2155; x_wconf 80' lang='lat' dir='ltr'>et‘</span> 
     </span>
     <span class='ocr_line' id='line_1_22' title="bbox 568 2173 3111 2246; baseline 0 -4"><span class='ocrx_word' id='word_1_199' title='bbox 568 2174 1023 2244; x_wconf 90' lang='lat' dir='ltr'>Ecclesiarum</span> <span class='ocrx_word' id='word_1_200' title='bbox 1085 2173 1446 2243; x_wconf 91' lang='lat' dir='ltr'>Praelatos.</span> <span class='ocrx_word' id='word_1_201' title='bbox 1496 2175 1604 2243; x_wconf 90' lang='lat' dir='ltr'>Sic</span> <span class='ocrx_word' id='word_1_202' title='bbox 1649 2175 1834 2244; x_wconf 92' lang='lat' dir='ltr'>enim</span> <span class='ocrx_word' id='word_1_203' title='bbox 1876 2174 2169 2246; x_wconf 89' lang='lat' dir='ltr'>sublatis</span> <span class='ocrx_word' id='word_1_204' title='bbox 2201 2198 2238 2244; x_wconf 91' lang='lat' dir='ltr'>e</span> <span class='ocrx_word' id='word_1_205' title='bbox 2288 2176 2510 2246; x_wconf 89' lang='lat' dir='ltr'>medio</span> <span class='ocrx_word' id='word_1_206' title='bbox 2549 2175 2839 2244; x_wconf 89' lang='lat' dir='ltr'>occultis</span> <span class='ocrx_word' id='word_1_207' title='bbox 2869 2196 3111 2244; x_wconf 87' lang='lat' dir='ltr'>eorum</span> 
     </span>
     <span class='ocr_line' id='line_1_23' title="bbox 568 2262 3113 2353; baseline 0 -23"><span class='ocrx_word' id='word_1_208' title='bbox 568 2263 1039 2333; x_wconf 84' lang='lat' dir='ltr'>simultatibus</span> <span class='ocrx_word' id='word_1_209' title='bbox 1072 2286 1151 2332; x_wconf 91' lang='lat' dir='ltr'>ac</span> <span class='ocrx_word' id='word_1_210' title='bbox 1198 2262 1400 2343; x_wconf 91' lang='lat' dir='ltr'>odiis,</span> <span class='ocrx_word' id='word_1_211' title='bbox 1458 2285 1578 2353; x_wconf 89' lang='lat' dir='ltr'>per</span> <span class='ocrx_word' id='word_1_212' title='bbox 1626 2262 1966 2333; x_wconf 88' lang='lat' dir='ltr'>fraternae</span> <span class='ocrx_word' id='word_1_213' title='bbox 2010 2264 2419 2333; x_wconf 87' lang='lat' dir='ltr'>concordiae</span> <span class='ocrx_word' id='word_1_214' title='bbox 2472 2286 2718 2333; x_wconf 79' lang='lat' dir='ltr'>nexum</span> <span class='ocrx_word' id='word_1_215' title='bbox 2773 2277 2910 2332; x_wconf 90' lang='lat' dir='ltr'>tam</span> <span class='ocrx_word' id='word_1_216' title='bbox 2964 2264 3113 2333; x_wconf 92' lang='lat' dir='ltr'>suis</span> 
     </span>
     <span class='ocr_line' id='line_1_24' title="bbox 566 2351 3102 2438; baseline -0.001 -18"><span class='ocrx_word' id='word_1_217' title='bbox 566 2365 791 2422; x_wconf 87' lang='lat' dir='ltr'>essent</span> <span class='ocrx_word' id='word_1_218' title='bbox 856 2351 1398 2421; x_wconf 88' lang='lat' dir='ltr'>honorabiliores</span> <span class='ocrx_word' id='word_1_219' title='bbox 1431 2406 1445 2432; x_wconf 93' lang='lat'><strong><em>‚</em></strong></span> <span class='ocrx_word' id='word_1_220' title='bbox 1499 2372 1706 2438; x_wconf 90' lang='lat' dir='ltr'>quam</span> <span class='ocrx_word' id='word_1_221' title='bbox 1757 2353 2169 2423; x_wconf 88' lang='lat' dir='ltr'>adversariis</span> <span class='ocrx_word' id='word_1_222' title='bbox 2223 2353 2426 2422; x_wconf 87' lang='lat' dir='ltr'>etiam</span> <span class='ocrx_word' id='word_1_223' title='bbox 2478 2351 3102 2422; x_wconf 89' lang='lat' dir='ltr'>formidabiliores:</span> 
     </span>
     <span class='ocr_line' id='line_1_25' title="bbox 565 2439 3109 2532; baseline 0.001 -24"><span class='ocrx_word' id='word_1_224' title='bbox 565 2461 691 2510; x_wconf 87' lang='lat' dir='ltr'>nec</span> <span class='ocrx_word' id='word_1_225' title='bbox 743 2440 832 2511; x_wconf 90' lang='lat' dir='ltr'>ita</span> <span class='ocrx_word' id='word_1_226' title='bbox 866 2441 1300 2511; x_wconf 87' lang='lat' dir='ltr'>laederentur</span> <span class='ocrx_word' id='word_1_227' title='bbox 1348 2439 1710 2520; x_wconf 88' lang='lat' dir='ltr'>Ecclesiae,</span> <span class='ocrx_word' id='word_1_228' title='bbox 1748 2440 2215 2532; x_wconf 88' lang='lat' dir='ltr'>diriperentur</span> <span class='ocrx_word' id='word_1_229' title='bbox 2261 2464 2496 2511; x_wconf 90' lang='lat' dir='ltr'>earum</span> <span class='ocrx_word' id='word_1_230' title='bbox 2546 2441 2746 2521; x_wconf 88' lang='lat' dir='ltr'>bona,</span> <span class='ocrx_word' id='word_1_231' title='bbox 2786 2454 2851 2510; x_wconf 87' lang='lat' dir='ltr'>et</span> <span class='ocrx_word' id='word_1_232' title='bbox 2878 2440 3109 2510; x_wconf 90' lang='lat' dir='ltr'>omnis</span> 
     </span>
     <span class='ocr_line' id='line_1_26' title="bbox 567 2528 3108 2620; baseline 0 -23"><span class='ocrx_word' id='word_1_233' title='bbox 567 2528 706 2599; x_wconf 90' lang='lat' dir='ltr'>fere</span> <span class='ocrx_word' id='word_1_234' title='bbox 753 2531 1216 2600; x_wconf 86' lang='lat' dir='ltr'>ecclesiastica</span> <span class='ocrx_word' id='word_1_235' title='bbox 1247 2528 1587 2620; x_wconf 89' lang='lat' dir='ltr'>deperiret</span> <span class='ocrx_word' id='word_1_236' title='bbox 1614 2531 2007 2600; x_wconf 89' lang='lat' dir='ltr'>auctoritas.</span> <span class='ocrx_word' id='word_1_237' title='bbox 2064 2530 2191 2600; x_wconf 88' lang='lat' dir='ltr'>Sed</span> <span class='ocrx_word' id='word_1_238' title='bbox 2241 2552 2574 2618; x_wconf 85' lang='lat' dir='ltr'>quorsum</span> <span class='ocrx_word' id='word_1_239' title='bbox 2603 2530 2790 2599; x_wconf 73' lang='lat' dir='ltr'>abii?</span> <span class='ocrx_word' id='word_1_240' title='bbox 2817 2528 2907 2598; x_wconf 83' lang='lat' dir='ltr'>Ad</span> <span class='ocrx_word' id='word_1_241' title='bbox 2946 2533 3108 2598; x_wconf 86' lang='lat' dir='ltr'>Ore-</span> 
     </span>
     <span class='ocr_line' id='line_1_27' title="bbox 566 2617 3107 2719; baseline -0.001 -31"><span class='ocrx_word' id='word_1_242' title='bbox 566 2630 736 2688; x_wconf 85' lang='lat' dir='ltr'>stem</span> <span class='ocrx_word' id='word_1_243' title='bbox 784 2632 850 2688; x_wconf 89' lang='lat' dir='ltr'>et</span> <span class='ocrx_word' id='word_1_244' title='bbox 896 2619 1218 2709; x_wconf 84' lang='lat' dir='ltr'>Pyladem</span> <span class='ocrx_word' id='word_1_245' title='bbox 1261 2632 1528 2689; x_wconf 88' lang='lat' dir='ltr'>nostros</span> <span class='ocrx_word' id='word_1_246' title='bbox 1554 2625 1908 2688; x_wconf 78' lang='lat' dir='ltr'>Annonem</span> <span class='ocrx_word' id='word_1_247' title='bbox 1940 2631 2006 2688; x_wconf 85' lang='lat' dir='ltr'>et</span> <span class='ocrx_word' id='word_1_248' title='bbox 2046 2625 2438 2688; x_wconf 88' lang='lat' dir='ltr'>Bennonem</span> <span class='ocrx_word' id='word_1_249' title='bbox 2469 2617 2732 2719; x_wconf 62' lang='lat' dir='ltr'>scilicet</span> <span class='ocrx_word' id='word_1_250' title='bbox 2781 2636 3107 2687; x_wconf 88' lang='lat' dir='ltr'>revocan-</span> 
     </span>
     <span class='ocr_line' id='line_1_28' title="bbox 564 2705 3108 2790; baseline -0.001 -14"><span class='ocrx_word' id='word_1_251' title='bbox 564 2706 699 2777; x_wconf 91' lang='lat' dir='ltr'>dus</span> <span class='ocrx_word' id='word_1_252' title='bbox 745 2720 846 2777; x_wconf 91' lang='lat' dir='ltr'>est</span> <span class='ocrx_word' id='word_1_253' title='bbox 898 2708 1231 2778; x_wconf 89' lang='lat' dir='ltr'>calamus.</span> <span class='ocrx_word' id='word_1_254' title='bbox 1278 2712 1586 2790; x_wconf 88' lang='lat' dir='ltr'>Quorum</span> <span class='ocrx_word' id='word_1_255' title='bbox 1640 2720 1894 2777; x_wconf 90' lang='lat' dir='ltr'>tantam</span> <span class='ocrx_word' id='word_1_256' title='bbox 1952 2708 2127 2777; x_wconf 91' lang='lat' dir='ltr'>inter</span> <span class='ocrx_word' id='word_1_257' title='bbox 2165 2730 2237 2776; x_wconf 90' lang='lat' dir='ltr'>se</span> <span class='ocrx_word' id='word_1_258' title='bbox 2286 2707 2856 2786; x_wconf 84' lang='lat' dir='ltr'>benevolentiam,</span> <span class='ocrx_word' id='word_1_259' title='bbox 2913 2705 3108 2775; x_wconf 90' lang='lat' dir='ltr'>nulla</span> 
     </span>
     <span class='ocr_line' id='line_1_29' title="bbox 569 2794 3109 2883; baseline -0 -20"><span class='ocrx_word' id='word_1_260' title='bbox 569 2817 677 2867; x_wconf 90' lang='lat' dir='ltr'>res</span> <span class='ocrx_word' id='word_1_261' title='bbox 723 2796 890 2866; x_wconf 91' lang='lat' dir='ltr'>adeo</span> <span class='ocrx_word' id='word_1_262' title='bbox 938 2797 1123 2871; x_wconf 83' lang='lat' dir='ltr'>fovit,</span> <span class='ocrx_word' id='word_1_263' title='bbox 1178 2818 1256 2865; x_wconf 89' lang='lat' dir='ltr'>ac</span> <span class='ocrx_word' id='word_1_264' title='bbox 1289 2818 1368 2865; x_wconf 92' lang='lat' dir='ltr'>ea</span> <span class='ocrx_word' id='word_1_265' title='bbox 1416 2796 1501 2865; x_wconf 91' lang='lat' dir='ltr'>de</span> <span class='ocrx_word' id='word_1_266' title='bbox 1547 2815 1687 2883; x_wconf 88' lang='lat' dir='ltr'>qua</span> <span class='ocrx_word' id='word_1_267' title='bbox 1723 2795 1926 2866; x_wconf 91' lang='lat' dir='ltr'>modo</span> <span class='ocrx_word' id='word_1_268' title='bbox 1957 2796 2258 2865; x_wconf 85' lang='lat' dir='ltr'>dixeram</span> <span class='ocrx_word' id='word_1_269' title='bbox 2312 2796 2610 2867; x_wconf 89' lang='lat' dir='ltr'>fraterna</span> <span class='ocrx_word' id='word_1_270' title='bbox 2659 2794 2906 2864; x_wconf 88' lang='lat' dir='ltr'>Christi</span> <span class='ocrx_word' id='word_1_271' title='bbox 2942 2794 3109 2863; x_wconf 91' lang='lat' dir='ltr'>cha-</span> 
     </span>
     <span class='ocr_line' id='line_1_30' title="bbox 494 2878 3109 2975; baseline -0.001 -23"><span class='ocrx_word' id='word_1_272' title='bbox 494 2928 513 2935; x_wconf 87' lang='lat'><strong>·</strong></span> <span class='ocrx_word' id='word_1_273' title='bbox 568 2885 755 2962; x_wconf 88' lang='lat' dir='ltr'>ritas,</span> <span class='ocrx_word' id='word_1_274' title='bbox 795 2884 1002 2972; x_wconf 91' lang='lat' dir='ltr'>quod,</span> <span class='ocrx_word' id='word_1_275' title='bbox 1062 2898 1140 2954; x_wconf 91' lang='lat' dir='ltr'>ut</span> <span class='ocrx_word' id='word_1_276' title='bbox 1188 2884 1825 2975; x_wconf 79' lang='lat' dir='ltr'>inquitApostoluS,</span> <span class='ocrx_word' id='word_1_277' title='bbox 1882 2878 2317 2974; x_wconf 66' lang='lat' dir='ltr'>perfectionis</span> <span class='ocrx_word' id='word_1_278' title='bbox 2376 2899 2479 2956; x_wconf 89' lang='lat' dir='ltr'>est</span> <span class='ocrx_word' id='word_1_279' title='bbox 2526 2884 2907 2954; x_wconf 91' lang='lat' dir='ltr'>vinculum.</span> <span class='ocrx_word' id='word_1_280' title='bbox 2965 2887 3109 2951; x_wconf 86' lang='lat' dir='ltr'>Hac</span> 
     </span>
     <span class='ocr_line' id='line_1_31' title="bbox 568 2973 3109 3131; baseline -0.001 -89"><span class='ocrx_word' id='word_1_281' title='bbox 568 2973 780 3131; x_wconf 62' lang='lat' dir='ltr'>igitur</span> <span class='ocrx_word' id='word_1_282' title='bbox 825 2973 1000 3043; x_wconf 89' lang='lat' dir='ltr'>duce</span> <span class='ocrx_word' id='word_1_283' title='bbox 1046 2973 1132 3042; x_wconf 90' lang='lat' dir='ltr'>de</span> <span class='ocrx_word' id='word_1_284' title='bbox 1166 2973 1408 3043; x_wconf 90' lang='lat' dir='ltr'>virtute</span> <span class='ocrx_word' id='word_1_285' title='bbox 1443 2973 1512 3041; x_wconf 92' lang='lat' dir='ltr'>in</span> <span class='ocrx_word' id='word_1_286' title='bbox 1550 2973 1869 3043; x_wconf 88' lang='lat' dir='ltr'>virtutem</span> <span class='ocrx_word' id='word_1_287' title='bbox 1905 2973 2363 3053; x_wconf 89' lang='lat' dir='ltr'>ambulantes,</span> <span class='ocrx_word' id='word_1_288' title='bbox 2407 2987 2695 3061; x_wconf 89' lang='lat' dir='ltr'>uterque</span> <span class='ocrx_word' id='word_1_289' title='bbox 2742 2995 2782 3041; x_wconf 90' lang='lat' dir='ltr'>a</span> <span class='ocrx_word' id='word_1_290' title='bbox 2835 2977 2965 3041; x_wconf 88' lang='lat' dir='ltr'>Deo</span> <span class='ocrx_word' id='word_1_291' title='bbox 2995 2993 3109 3039; x_wconf 85' lang='lat' dir='ltr'>ex-</span> 
     </span>
     <span class='ocr_line' id='line_1_32' title="bbox 566 3060 2910 3152; baseline -0.001 -22"><span class='ocrx_word' id='word_1_292' title='bbox 566 3084 608 3130; x_wconf 92' lang='lat' dir='ltr'>a</span> <span class='ocrx_word' id='word_1_293' title='bbox 641 3073 839 3140; x_wconf 82' lang='lat' dir='ltr'>tatus,</span> <span class='ocrx_word' id='word_1_294' title='bbox 876 3076 941 3131; x_wconf 91' lang='lat' dir='ltr'>et</span> <span class='ocrx_word' id='word_1_295' title='bbox 991 3063 1058 3130; x_wconf 92' lang='lat' dir='ltr'>in</span> <span class='ocrx_word' id='word_1_296' title='bbox 1111 3060 1383 3131; x_wconf 89' lang='lat' dir='ltr'>modico</span> <span class='ocrx_word' id='word_1_297' title='bbox 1431 3061 1655 3131; x_wconf 82' lang='lat' dir='ltr'>fidelis</span> <span class='ocrx_word' id='word_1_298' title='bbox 1690 3084 1899 3152; x_wconf 92' lang='lat' dir='ltr'>supra</span> <span class='ocrx_word' id='word_1_299' title='bbox 1950 3062 2164 3131; x_wconf 89' lang='lat' dir='ltr'>multa</span> <span class='ocrx_word' id='word_1_300' title='bbox 2211 3063 2623 3131; x_wconf 88' lang='lat' dir='ltr'>constitutus</span> <span class='ocrx_word' id='word_1_301' title='bbox 2672 3076 2774 3130; x_wconf 91' lang='lat' dir='ltr'>est</span> <span class='ocrx_word' id='word_1_302' title='bbox 2819 3062 2910 3128; x_wconf 67' lang='lat'>⁴⁴².</span> 
     </span>
    </p>

    <p class='ocr_par' dir='ltr' id='par_1_5' title="bbox 559 3149 3110 4304">
     <span class='ocr_line' id='line_1_33' title="bbox 652 3149 3106 3241; baseline -0.004 -16"><span class='ocrx_word' id='word_1_303' title='bbox 652 3152 688 3237; x_wconf 70' lang='grc' dir='ltr'><strong>ξ</strong></span> <span class='ocrx_word' id='word_1_304' title='bbox 734 3155 893 3225; x_wconf 80' lang='lat'>1⁰.</span> <span class='ocrx_word' id='word_1_305' title='bbox 932 3156 1121 3220; x_wconf 79' lang='lat' dir='ltr'>Anno</span> <span class='ocrx_word' id='word_1_306' title='bbox 1153 3149 1396 3220; x_wconf 88' lang='lat' dir='ltr'>salutis</span> <span class='ocrx_word' id='word_1_307' title='bbox 1414 3172 1534 3218; x_wconf 68' lang='lat' dir='ltr'>mcv</span> <span class='ocrx_word' id='word_1_308' title='bbox 1558 3150 1998 3220; x_wconf 88' lang='lat' dir='ltr'>beatissimus</span> <span class='ocrx_word' id='word_1_309' title='bbox 2030 3157 2219 3220; x_wconf 81' lang='lat' dir='ltr'>Anno</span> <span class='ocrx_word' id='word_1_310' title='bbox 2247 3173 2367 3241; x_wconf 91' lang='lat' dir='ltr'>per</span> <span class='ocrx_word' id='word_1_311' title='bbox 2394 3152 2769 3220; x_wconf 90' lang='lat' dir='ltr'>Henricum</span> <span class='ocrx_word' id='word_1_312' title='bbox 2798 3154 2893 3219; x_wconf 91' lang='lat'>111</span> <span class='ocrx_word' id='word_1_313' title='bbox 2921 3171 3106 3239; x_wconf 85' lang='lat' dir='ltr'>prae·</span> 
     </span>
     <span class='ocr_line' id='line_1_34' title="bbox 568 3238 3110 3330; baseline 0 -23"><span class='ocrx_word' id='word_1_314' title='bbox 568 3238 856 3319; x_wconf 82' lang='lat' dir='ltr'>dictum,</span> <span class='ocrx_word' id='word_1_315' title='bbox 900 3260 1151 3330; x_wconf 88' lang='lat' dir='ltr'>magno</span> <span class='ocrx_word' id='word_1_316' title='bbox 1199 3238 1537 3307; x_wconf 90' lang='lat' dir='ltr'>bonorum</span> <span class='ocrx_word' id='word_1_317' title='bbox 1580 3239 1896 3308; x_wconf 89' lang='lat' dir='ltr'>omnium</span> <span class='ocrx_word' id='word_1_318' title='bbox 1946 3261 2256 3319; x_wconf 85' lang='lat' dir='ltr'>assensu,</span> <span class='ocrx_word' id='word_1_319' title='bbox 2296 3240 2711 3330; x_wconf 79' lang='lat' dir='ltr'>Agrippinae</span> <span class='ocrx_word' id='word_1_320' title='bbox 2756 3239 2952 3308; x_wconf 90' lang='lat' dir='ltr'>urbis</span> <span class='ocrx_word' id='word_1_321' title='bbox 3002 3260 3110 3307; x_wconf 88' lang='lat' dir='ltr'>se-</span> 
     </span>
     <span class='ocr_line' id='line_1_35' title="bbox 568 3327 3107 3417; baseline -0.001 -20"><span class='ocrx_word' id='word_1_322' title='bbox 568 3327 721 3398; x_wconf 92' lang='lat' dir='ltr'>dem</span> <span class='ocrx_word' id='word_1_323' title='bbox 760 3328 1051 3417; x_wconf 88' lang='lat' dir='ltr'>adeptus</span> <span class='ocrx_word' id='word_1_324' title='bbox 1080 3340 1203 3407; x_wconf 90' lang='lat' dir='ltr'>est,</span> <span class='ocrx_word' id='word_1_325' title='bbox 1246 3327 1346 3395; x_wconf 92' lang='lat' dir='ltr'>vir</span> <span class='ocrx_word' id='word_1_326' title='bbox 1378 3327 1499 3414; x_wconf 92' lang='lat' dir='ltr'>qui</span> <span class='ocrx_word' id='word_1_327' title='bbox 1544 3338 1636 3397; x_wconf 88' lang='lat' dir='ltr'>tot</span> <span class='ocrx_word' id='word_1_328' title='bbox 1684 3331 1938 3398; x_wconf 85' lang='lat' dir='ltr'>Rerum</span> <span class='ocrx_word' id='word_1_329' title='bbox 1967 3327 2402 3416; x_wconf 87' lang='lat' dir='ltr'>publicarum</span> <span class='ocrx_word' id='word_1_330' title='bbox 2455 3328 2881 3398; x_wconf 88' lang='lat' dir='ltr'>turbationes</span> <span class='ocrx_word' id='word_1_331' title='bbox 2910 3341 2976 3396; x_wconf 93' lang='lat' dir='ltr'>et</span> <span class='ocrx_word' id='word_1_332' title='bbox 3006 3328 3107 3394; x_wconf 91' lang='lat' dir='ltr'>in·</span> 
     </span>
     <span class='ocr_line' id='line_1_36' title="bbox 565 3416 3104 3516; baseline -0.001 -30"><span class='ocrx_word' id='word_1_333' title='bbox 565 3416 807 3486; x_wconf 90' lang='lat' dir='ltr'>cendia</span> <span class='ocrx_word' id='word_1_334' title='bbox 837 3471 857 3496; x_wconf 90' lang='lat'>,</span> <span class='ocrx_word' id='word_1_335' title='bbox 912 3429 1079 3503; x_wconf 91' lang='lat' dir='ltr'>quot</span> <span class='ocrx_word' id='word_1_336' title='bbox 1126 3437 1252 3486; x_wconf 90' lang='lat' dir='ltr'>suo</span> <span class='ocrx_word' id='word_1_337' title='bbox 1300 3429 1431 3487; x_wconf 90' lang='lat' dir='ltr'>tem</span> <span class='ocrx_word' id='word_1_338' title='bbox 1491 3439 1606 3485; x_wconf 93' lang='lat' dir='ltr'>ore</span> <span class='ocrx_word' id='word_1_339' title='bbox 1641 3416 1711 3485; x_wconf 86' lang='lat' dir='ltr'>in</span> <span class='ocrx_word' id='word_1_340' title='bbox 1744 3416 2042 3506; x_wconf 89' lang='lat' dir='ltr'>Imperio</span> <span class='ocrx_word' id='word_1_341' title='bbox 2068 3417 2325 3516; x_wconf 88' lang='lat' dir='ltr'>passim</span> <span class='ocrx_word' id='word_1_342' title='bbox 2370 3417 2696 3498; x_wconf 85' lang='lat' dir='ltr'>extitere,</span> <span class='ocrx_word' id='word_1_343' title='bbox 2759 3416 2949 3485; x_wconf 89' lang='lat' dir='ltr'>solus</span> <span class='ocrx_word' id='word_1_344' title='bbox 3002 3416 3104 3483; x_wconf 79' lang='lat' dir='ltr'>vel</span> 
     </span>
     <span class='ocr_line' id='line_1_37' title="bbox 566 3504 3110 3595; baseline -0.001 -20"><span class='ocrx_word' id='word_1_345' title='bbox 566 3506 1064 3591; x_wconf 89' lang='lat' dir='ltr'>aequanimiter</span> <span class='ocrx_word' id='word_1_346' title='bbox 1114 3504 1311 3583; x_wconf 90' lang='lat' dir='ltr'>ferre,</span> <span class='ocrx_word' id='word_1_347' title='bbox 1357 3527 1433 3574; x_wconf 91' lang='lat' dir='ltr'>ve</span> <span class='ocrx_word' id='word_1_348' title='bbox 1503 3506 1591 3575; x_wconf 90' lang='lat' dir='ltr'>ab</span> <span class='ocrx_word' id='word_1_349' title='bbox 1641 3505 1812 3574; x_wconf 90' lang='lat' dir='ltr'>urbe</span> <span class='ocrx_word' id='word_1_350' title='bbox 1859 3527 1981 3573; x_wconf 87' lang='lat' dir='ltr'>sua</span> <span class='ocrx_word' id='word_1_351' title='bbox 2032 3505 2372 3595; x_wconf 79' lang='lat' dir='ltr'>singulari</span> <span class='ocrx_word' id='word_1_352' title='bbox 2424 3504 2794 3595; x_wconf 80' lang='lat' dir='ltr'>prudentia</span> <span class='ocrx_word' id='word_1_353' title='bbox 2847 3506 3110 3574; x_wconf 86' lang='lat' dir='ltr'>noverit</span> 
     </span>
     <span class='ocr_line' id='line_1_38' title="bbox 566 3592 3109 3683; baseline -0.001 -20"><span class='ocrx_word' id='word_1_354' title='bbox 566 3615 819 3663; x_wconf 88' lang='lat' dir='ltr'>arcere.</span> <span class='ocrx_word' id='word_1_355' title='bbox 856 3593 1252 3664; x_wconf 81' lang='lat' dir='ltr'>valedicens</span> <span class='ocrx_word' id='word_1_356' title='bbox 1300 3593 1513 3683; x_wconf 92' lang='lat' dir='ltr'>igitur</span> <span class='ocrx_word' id='word_1_357' title='bbox 1559 3592 1969 3663; x_wconf 85' lang='lat' dir='ltr'>charissimo</span> <span class='ocrx_word' id='word_1_358' title='bbox 2016 3593 2241 3663; x_wconf 88' lang='lat' dir='ltr'>amico</span> <span class='ocrx_word' id='word_1_359' title='bbox 2277 3617 2403 3664; x_wconf 90' lang='lat' dir='ltr'>suo</span> <span class='ocrx_word' id='word_1_360' title='bbox 2460 3595 2786 3673; x_wconf 88' lang='lat' dir='ltr'>Bennoni,</span> <span class='ocrx_word' id='word_1_361' title='bbox 2843 3599 3109 3662; x_wconf 85' lang='lat' dir='ltr'>«Macte</span> 
     </span>
     <span class='ocr_line' id='line_1_39' title="bbox 567 3682 3109 3772; baseline -0 -23"><span class='ocrx_word' id='word_1_362' title='bbox 567 3683 812 3751; x_wconf 84' lang='lat' dir='ltr'>virtute</span> <span class='ocrx_word' id='word_1_363' title='bbox 858 3698 1023 3763; x_wconf 88' lang='lat' dir='ltr'>esto,</span> <span class='ocrx_word' id='word_1_364' title='bbox 1077 3683 1322 3769; x_wconf 89' lang='lat' dir='ltr'>inquit,</span> <span class='ocrx_word' id='word_1_365' title='bbox 1364 3682 1594 3761; x_wconf 88' lang='lat' dir='ltr'>frater,</span> <span class='ocrx_word' id='word_1_366' title='bbox 1645 3703 1768 3751; x_wconf 89' lang='lat' dir='ltr'>nec</span> <span class='ocrx_word' id='word_1_367' title='bbox 1820 3693 2015 3772; x_wconf 87' lang='lat' dir='ltr'>putes</span> <span class='ocrx_word' id='word_1_368' title='bbox 2075 3682 2301 3757; x_wconf 80' lang='lat' dir='ltr'>velim,</span> <span class='ocrx_word' id='word_1_369' title='bbox 2364 3705 2472 3750; x_wconf 90' lang='lat' dir='ltr'>me</span> <span class='ocrx_word' id='word_1_370' title='bbox 2522 3684 2621 3751; x_wconf 91' lang='lat' dir='ltr'>tui</span> <span class='ocrx_word' id='word_1_371' title='bbox 2669 3682 2810 3751; x_wconf 88' lang='lat' dir='ltr'>fore</span> <span class='ocrx_word' id='word_1_372' title='bbox 2861 3682 3109 3749; x_wconf 82' lang='lat' dir='ltr'>imme-</span> 
     </span>
     <span class='ocr_line' id='line_1_40' title="bbox 564 3769 3107 3860; baseline -0.001 -20"><span class='ocrx_word' id='word_1_373' title='bbox 564 3792 848 3850; x_wconf 89' lang='lat' dir='ltr'>morem,</span> <span class='ocrx_word' id='word_1_374' title='bbox 900 3773 1069 3857; x_wconf 90' lang='lat' dir='ltr'>quin</span> <span class='ocrx_word' id='word_1_375' title='bbox 1120 3784 1430 3860; x_wconf 87' lang='lat' dir='ltr'>coeptam</span> <span class='ocrx_word' id='word_1_376' title='bbox 1483 3773 1660 3840; x_wconf 88' lang='lat' dir='ltr'>inter</span> <span class='ocrx_word' id='word_1_377' title='bbox 1716 3792 1841 3839; x_wconf 87' lang='lat' dir='ltr'>nos</span> <span class='ocrx_word' id='word_1_378' title='bbox 1891 3769 2494 3841; x_wconf 87' lang='lat' dir='ltr'>necessitudinem.</span> <span class='ocrx_word' id='word_1_379' title='bbox 2551 3770 2670 3840; x_wconf 90' lang='lat' dir='ltr'>ubi</span> <span class='ocrx_word' id='word_1_380' title='bbox 2723 3770 3107 3860; x_wconf 76' lang='lat' dir='ltr'>praesentia</span> 
     </span>
     <span class='ocr_line' id='line_1_41' title="bbox 563 3858 3107 3949; baseline -0.001 -22"><span class='ocrx_word' id='word_1_381' title='bbox 563 3859 958 3946; x_wconf 74' lang='lat' dir='ltr'>nequimUS,</span> <span class='ocrx_word' id='word_1_382' title='bbox 1015 3859 1255 3930; x_wconf 85' lang='lat' dir='ltr'>saltem</span> <span class='ocrx_word' id='word_1_383' title='bbox 1291 3858 1505 3930; x_wconf 88' lang='lat' dir='ltr'>literis</span> <span class='ocrx_word' id='word_1_384' title='bbox 1552 3859 1960 3929; x_wconf 67' lang='lat' dir='ltr'>fovebimus</span> <span class='ocrx_word' id='word_1_385' title='bbox 2023 3864 2372 3929; x_wconf 82' lang='lat' dir='ltr'>Annonem</span> <span class='ocrx_word' id='word_1_386' title='bbox 2413 3858 2646 3949; x_wconf 85' lang='lat' dir='ltr'>igitur,</span> <span class='ocrx_word' id='word_1_387' title='bbox 2683 3860 3107 3943; x_wconf 88' lang='lat' dir='ltr'>ubicumque</span> 
     </span>
     <span class='ocr_line' id='line_1_42' title="bbox 559 3946 3101 4038; baseline -0 -23"><span class='ocrx_word' id='word_1_388' title='bbox 559 3946 788 4028; x_wconf 87' lang='lat' dir='ltr'>fuerit,</span> <span class='ocrx_word' id='word_1_389' title='bbox 843 3961 1039 4018; x_wconf 89' lang='lat' dir='ltr'>tuum</span> <span class='ocrx_word' id='word_1_390' title='bbox 1090 3969 1238 4018; x_wconf 90' lang='lat' dir='ltr'>esse</span> <span class='ocrx_word' id='word_1_391' title='bbox 1287 3961 1533 4038; x_wconf 85' lang='lat' dir='ltr'>puta.»</span> <span class='ocrx_word' id='word_1_392' title='bbox 1585 3952 1716 4017; x_wconf 86' lang='lat' dir='ltr'>Nec</span> <span class='ocrx_word' id='word_1_393' title='bbox 1764 3947 1828 4016; x_wconf 91' lang='lat' dir='ltr'>id</span> <span class='ocrx_word' id='word_1_394' title='bbox 1866 3959 2092 4017; x_wconf 89' lang='lat' dir='ltr'>tamen</span> <span class='ocrx_word' id='word_1_395' title='bbox 2126 3947 2526 4017; x_wconf 89' lang='lat' dir='ltr'>humaniter</span> <span class='ocrx_word' id='word_1_396' title='bbox 2579 3947 2928 4038; x_wconf 88' lang='lat' dir='ltr'>pollicitus</span> <span class='ocrx_word' id='word_1_397' title='bbox 2974 3959 3101 4027; x_wconf 89' lang='lat' dir='ltr'>est,</span> 
     </span>
     <span class='ocr_line' id='line_1_43' title="bbox 560 4036 3100 4128; baseline -0.001 -23"><span class='ocrx_word' id='word_1_398' title='bbox 560 4057 766 4123; x_wconf 90' lang='lat' dir='ltr'>quam</span> <span class='ocrx_word' id='word_1_399' title='bbox 818 4049 1061 4105; x_wconf 89' lang='lat' dir='ltr'>eventu</span> <span class='ocrx_word' id='word_1_400' title='bbox 1122 4050 1357 4128; x_wconf 89' lang='lat' dir='ltr'>postea</span> <span class='ocrx_word' id='word_1_401' title='bbox 1412 4036 1820 4126; x_wconf 85' lang='lat' dir='ltr'>explanavit.</span> <span class='ocrx_word' id='word_1_402' title='bbox 1869 4041 2128 4105; x_wconf 87' lang='lat' dir='ltr'>Mortuo</span> <span class='ocrx_word' id='word_1_403' title='bbox 2167 4036 2353 4105; x_wconf 89' lang='lat' dir='ltr'>enim</span> <span class='ocrx_word' id='word_1_404' title='bbox 2409 4036 2613 4126; x_wconf 91' lang='lat' dir='ltr'>paulo</span> <span class='ocrx_word' id='word_1_405' title='bbox 2666 4048 2814 4126; x_wconf 91' lang='lat' dir='ltr'>post</span> <span class='ocrx_word' id='word_1_406' title='bbox 2871 4041 3100 4124; x_wconf 90' lang='lat' dir='ltr'>Impe-</span> 
     </span>
     <span class='ocr_line' id='line_1_44' title="bbox 561 4123 3093 4215; baseline -0.001 -23"><span class='ocrx_word' id='word_1_407' title='bbox 561 4136 781 4194; x_wconf 87' lang='lat' dir='ltr'>ratore</span> <span class='ocrx_word' id='word_1_408' title='bbox 870 4124 1145 4207; x_wconf 80' lang='lat' dir='ltr'>raefatO,</span> <span class='ocrx_word' id='word_1_409' title='bbox 1204 4146 1495 4215; x_wconf 88' lang='lat' dir='ltr'>regnum</span> <span class='ocrx_word' id='word_1_410' title='bbox 1563 4123 1712 4193; x_wconf 86' lang='lat' dir='ltr'>filio</span> <span class='ocrx_word' id='word_1_411' title='bbox 1756 4146 1881 4194; x_wconf 92' lang='lat' dir='ltr'>suo</span> <span class='ocrx_word' id='word_1_412' title='bbox 1931 4124 2223 4193; x_wconf 88' lang='lat' dir='ltr'>Henrico</span> <span class='ocrx_word' id='word_1_413' title='bbox 2274 4129 2402 4193; x_wconf 91' lang='lat'>1111</span> <span class='ocrx_word' id='word_1_414' title='bbox 2451 4123 2909 4215; x_wconf 78' lang='lat' dir='ltr'>Aquisgrani‚</span> <span class='ocrx_word' id='word_1_415' title='bbox 2959 4145 3093 4191; x_wconf 91' lang='lat' dir='ltr'>non</span> 
     </span>
     <span class='ocr_line' id='line_1_45' title="bbox 559 4212 3095 4304; baseline 0 -24"><span class='ocrx_word' id='word_1_416' title='bbox 559 4212 649 4282; x_wconf 87' lang='lat' dir='ltr'>ita</span> <span class='ocrx_word' id='word_1_417' title='bbox 700 4228 916 4283; x_wconf 89' lang='lat' dir='ltr'>muto</span> <span class='ocrx_word' id='word_1_418' title='bbox 960 4214 1150 4304; x_wconf 89' lang='lat' dir='ltr'>prius</span> <span class='ocrx_word' id='word_1_419' title='bbox 1200 4215 1505 4293; x_wconf 83' lang='lat' dir='ltr'>inunctO,</span> <span class='ocrx_word' id='word_1_420' title='bbox 1563 4213 1924 4284; x_wconf 87' lang='lat' dir='ltr'>concessit.</span> <span class='ocrx_word' id='word_1_421' title='bbox 1979 4212 2109 4295; x_wconf 88' lang='lat' dir='ltr'>Qui</span> <span class='ocrx_word' id='word_1_422' title='bbox 2158 4235 2319 4283; x_wconf 88' lang='lat' dir='ltr'>cum</span> <span class='ocrx_word' id='word_1_423' title='bbox 2364 4212 2593 4283; x_wconf 88' lang='lat' dir='ltr'>adhuc</span> <span class='ocrx_word' id='word_1_424' title='bbox 2665 4234 2833 4303; x_wconf 88' lang='lat' dir='ltr'>puer</span> <span class='ocrx_word' id='word_1_425' title='bbox 2889 4224 3095 4290; x_wconf 88' lang='lat' dir='ltr'>esset,</span> 
     </span>
    </p>
   </div>
   <div class='ocr_carea' id='block_1_5' title="bbox 610 4374 2538 4479">
    <p class='ocr_par' dir='ltr' id='par_1_6' title="bbox 610 4374 2538 4479">
     <span class='ocr_line' id='line_1_46' title="bbox 610 4374 2538 4434; baseline -0.001 -18"><span class='ocrx_word' id='word_1_426' title='bbox 610 4378 636 4403; x_wconf 71' lang='lat'><strong>⁸</strong></span> <span class='ocrx_word' id='word_1_427' title='bbox 666 4377 811 4425; x_wconf 73' lang='lat' dir='ltr'>Quam</span> <span class='ocrx_word' id='word_1_428' title='bbox 833 4374 1057 4425; x_wconf 73' lang='lat' dir='ltr'>optabilis</span> <span class='ocrx_word' id='word_1_429' title='bbox 1081 4375 1329 4417; x_wconf 71' lang='lat' dir='ltr'>concordia</span> <span class='ocrx_word' id='word_1_430' title='bbox 1346 4376 1395 4416; x_wconf 79' lang='lat' dir='ltr'>ct</span> <span class='ocrx_word' id='word_1_431' title='bbox 1413 4376 1622 4434; x_wconf 63' lang='lat' dir='ltr'>charitas</span> <span class='ocrx_word' id='word_1_432' title='bbox 1642 4376 1768 4417; x_wconf 74' lang='lat' dir='ltr'>inter.-</span> <span class='ocrx_word' id='word_1_433' title='bbox 1788 4375 2064 4416; x_wconf 73' lang='lat' dir='ltr'>Sacerdotes</span> <span class='ocrx_word' id='word_1_434' title='bbox 2083 4376 2130 4416; x_wconf 86' lang='lat' dir='ltr'>et</span> <span class='ocrx_word' id='word_1_435' title='bbox 2148 4384 2263 4416; x_wconf 78' lang='lat' dir='ltr'>suos</span> <span class='ocrx_word' id='word_1_436' title='bbox 2285 4375 2538 4417; x_wconf 64' lang='lat' dir='ltr'>Praelatos.</span> 
     </span>
     <span class='ocr_line' id='line_1_47' title="bbox 610 4429 1823 4479; baseline -0.003 -8"><span class='ocrx_word' id='word_1_437' title='bbox 610 4430 663 4457; x_wconf 56' lang='lat' dir='ltr'><em>n</em></span> <span class='ocrx_word' id='word_1_438' title='bbox 691 4430 755 4471; x_wconf 79' lang='lat' dir='ltr'>De</span> <span class='ocrx_word' id='word_1_439' title='bbox 775 4431 817 4470; x_wconf 80' lang='grc'>8.</span> <span class='ocrx_word' id='word_1_440' title='bbox 840 4433 1034 4471; x_wconf 77' lang='lat' dir='ltr'>Annene</span> <span class='ocrx_word' id='word_1_441' title='bbox 1055 4430 1216 4472; x_wconf 79' lang='lat' dir='ltr'>colon.</span> <span class='ocrx_word' id='word_1_442' title='bbox 1233 4431 1314 4479; x_wconf 79' lang='lat' dir='ltr'>Ep.</span> <span class='ocrx_word' id='word_1_443' title='bbox 1337 4429 1433 4479; x_wconf 74' lang='lat' dir='ltr'>agit</span> <span class='ocrx_word' id='word_1_444' title='bbox 1453 4430 1621 4470; x_wconf 73' lang='lat' dir='ltr'>surius</span> <span class='ocrx_word' id='word_1_445' title='bbox 1648 4438 1694 4469; x_wconf 79' lang='lat' dir='ltr'>iv</span> <span class='ocrx_word' id='word_1_446' title='bbox 1716 4430 1823 4469; x_wconf 85' lang='lat' dir='ltr'>Dcc.</span> 
     </span>
    </p>
   </div>
  </div>
 </body>
</html>
