3357 4995
691 304 818 369 628
1466 319 1545 365 nr.
1593 320 1650 366 s.
1704 320 1898 367 rnrno
1947 319 2261 368 ArosroLo
2785 303 3004 368 JUNII
3053 305 3152 369 29

601 427 877 478 omnem
926 405 1229 475 excitans
1278 404 1670 474 carminum
1722 426 2007 474 suorum
2061 403 2460 495 potentiam,
2503 417 2877 495 congregat
2917 427 3157 495 popu-

603 495 792 576 lum,
854 494 1332 580 offensumque
1381 515 1453 561 se
1515 492 1683 561 dicit
1752 515 1791 561 a
1848 492 2209 563 Galilaeis:
2267 493 2667 562 relicturum
2718 514 2792 561 se
2847 494 3142 575 Urbem,

602 607 813 672 quam
838 584 1013 653 tueri
1055 582 1322 653 soleret.
1365 583 1548 651 Diem
1586 580 1847 662 statuit,
1887 581 2251 672 pollicetur
2279 581 2608 663 volatum,
2641 602 2778 670 quo
2820 583 3155 672 supernis

604 672 887 743 sedibus
958 673 1347 741 veheretur:
1400 670 1560 752 cui,
1621 670 1901 757 quando
1971 670 2218 752 vellet,
2288 669 2558 741 coelum
2608 672 2890 762 pateret.
2969 676 3154 741 Con-

604 761 870 832 scendit
898 772 1150 831 statuto
1198 760 1310 829 die
1344 771 1645 831 montem
1696 759 2183 848 Capitolinum,
2220 782 2299 829 ac
2339 781 2413 828 se
2459 758 2546 828 de
2577 781 2749 851 rupe
2780 760 3144 846 deJiciens,

602 851 832 920 volare
876 851 1121 941 coepit.
1176 850 1407 919 Mirari
1452 848 1782 1005 populu&
1824 862 1891 917 et
1937 849 2246 918 venerari
2280 847 2615 938 plerique,
2669 848 2976 919 dicentes
3026 851 3150 918 Dei

604 962 753 1010 esse
790 940 1190 1030 potentiam,
1257 960 1390 1007 non
1500 937 1779 1016 ominiS,
1826 937 1948 1023 qui
1994 960 2155 1007 cum
2205 958 2490 1027 corpore
2547 936 2891 1007 volitaret:
2966 938 3146 1007 nihil

606 1028 739 1099 tale
758 1029 999 1099 fecisse
1033 1028 1401 1098 Christum.
1441 1032 1630 1095 Tunc
1663 1031 1903 1096 Petrus
1942 1026 2011 1094 in
2051 1025 2276 1095 medio
2310 1038 2524 1106 stans,
2562 1026 2700 1096 ait:
2738 1049 2774 1092 «
2806 1033 2972 1097 Jesu
3015 1032 3149 1095 Do-

605 1118 814 1198 mine,
851 1116 1133 1187 ostende
1191 1116 1254 1184 ei
1300 1137 1510 1186 vanas
1561 1126 1742 1184 artes
1791 1136 1955 1184 suas
2001 1136 2173 1196 esse,
2227 1137 2313 1183 ne
2376 1116 2502 1184 hac
2551 1116 2779 1205 specie
2839 1116 3146 1207 populus

604 1208 753 1288 iste,
810 1207 932 1294 qui
979 1205 1367 1275 crediturus
1405 1215 1528 1283 est,
1581 1203 1988 1293 decipiatur.
2045 1203 2322 1273 Decidat
2369 1203 2679 1286 Domine,
2733 1204 2833 1274 sic
2882 1218 3140 1285 tamen,

605 1309 683 1367 ut
731 1294 904 1365 nihil
947 1317 1019 1364 se
1053 1293 1357 1384 potuisse
1403 1292 1639 1362 vivens
1688 1305 2155 1381 recognoscat.
2196 1316 2231 1360 »
2280 1297 2358 1361 Et
2396 1293 2625 1362 statim
2667 1294 2738 1361 in
2773 1314 2937 1363 voce
2967 1294 3148 1363 Petri

604 1383 976 1475 implicatis
1024 1382 1333 1470 remigiis
1389 1380 1658 1450 alarum
1708 1403 1884 1468 quas
1933 1393 2347 1470 sumpserat,
2400 1382 2692 1451 corruit:
2733 1403 2858 1451 nec
2905 1384 3148 1452 exani-

605 1486 834 1543 matus
874 1484 997 1553 est,
1030 1471 1144 1540 sed
1180 1468 1392 1539 fracto
1440 1468 1929 1556 debilitatoque
1957 1492 2182 1551 crure,
2229 1470 2511 1541 Aritiam
2546 1471 2906 1552 concessit,
2939 1484 3150 1558 atque

610 1562 704 1631 ibi
748 1573 1061 1631 mortuus
1091 1571 1215 1628 est.

694 1653 730 1737 ξ
778 1656 862 1722 4.
917 1654 1063 1731 Quo
1109 1659 1489 1737 comperto,
1547 1647 1909 1738 deceptum
1952 1669 2023 1718 se
2072 1652 2242 1717 Nero
2289 1659 2353 1716 et
2413 1647 2847 1730 destitutum,
2900 1647 3150 1718 dolens

608 1739 777 1808 tanti
826 1760 1064 1807 casum
1116 1737 1347 1816 amici,
1406 1736 1898 1824 sublatumque
1946 1736 2078 1805 sibi
2131 1736 2353 1805 virum
2403 1737 2643 1806 utilem
2707 1750 2772 1807 et
2830 1758 3150 1806 necessa-

607 1828 787 1897 rium
853 1826 1318 1915 Reipublicae,
1381 1823 1824 1915 indignatus,
1877 1846 2206 1913 quaerere
2257 1825 2481 1916 coepit
2546 1848 2830 1906 causaS,
2884 1827 3151 1913 quibus

606 1922 878 1985 Petrum
929 1914 1289 1983 occideret.
1334 1919 1412 1982 Et
1439 1913 1589 2002 jam
1639 1927 1913 2003 tempus
1966 1914 2224 1993 aderat,
2278 1935 2418 2000 quo
2466 1916 2683 1984 sancti
2737 1926 3153 1985 vocarentur

605 2003 903 2095 Apostoli
964 2009 1201 2072 Petrus
1270 2014 1335 2071 et
1381 2002 1659 2071 Paulus.
1736 2003 2037 2090 Denique
2099 2003 2259 2072 dato
2313 2014 2388 2072 ut
2448 2003 3154 2094 comprehenderetur

607 2105 991 2194 praecept0,
1049 2091 1418 2182 rogabatur
1468 2097 1726 2170 Petrus,
1800 2103 1877 2161 ut
1946 2113 2093 2160 sese
2152 2091 2288 2160 alio
2334 2090 2694 2162 conferret.
2761 2092 3149 2162 Resistebat

610 2182 749 2263 ille,
788 2182 1050 2261 dicens,
1110 2201 1542 2266 nequaquam
1594 2202 1666 2248 se
1714 2179 2084 2260 facturum,
2152 2192 2228 2250 ut
2276 2193 2608 2266 tanquam
2658 2194 2847 2251 metu
2904 2182 3151 2250 mortis

611 2271 889 2341 territus
935 2269 1234 2339 cederet:
1273 2269 1532 2338 bonum
1582 2290 1732 2339 esse
1771 2290 1895 2359 pro
1943 2268 2209 2338 Christo
2251 2270 2425 2359 pati:
2468 2270 2592 2356 qui
2642 2292 2765 2359 pro
2813 2270 3151 2339 omnibus

612 2382 684 2429 se
732 2360 932 2430 morti
982 2357 1372 2428 obtulisset:
1419 2379 1555 2426 non
1610 2372 1894 2427 mortem
1957 2357 2172 2437 illam,
2227 2357 2342 2427 sed
2394 2358 2981 2428 immortalitatem
3039 2358 3149 2428 fu-

610 2461 871 2519 turam:
926 2460 1252 2534 tanquam
1304 2446 1702 2538 indignum,
1763 2459 1840 2516 ut
1887 2447 2036 2537 ipse
2073 2445 2336 2538 fugeret
2391 2448 2778 2537 passionem
2838 2448 2951 2518 sui
2999 2469 3149 2518 cor-

613 2538 823 2630 poris,
877 2538 998 2623 qui
1049 2537 1300 2606 multos
1347 2535 1657 2606 doctrina
1707 2558 1828 2605 sua
1871 2535 2282 2625 compulerit
2322 2558 2393 2604 se
2431 2536 2686 2606 hostias
2727 2558 2850 2626 pro
2882 2537 3148 2607 Christo

551 2679 559 2687 .
607 2628 872 2706 offerre,
929 2624 1159 2694 deberi
1211 2624 1340 2694 sibi
1374 2625 1753 2693 secundum
1809 2624 2075 2694 Domini
2125 2647 2384 2706 vocem,
2443 2636 2619 2694 utet
2667 2626 2815 2716 ipse
2861 2626 2930 2694 in
2998 2649 3150 2717 pas-

611 2717 802 2786 sione
837 2738 962 2786 sua
988 2715 1251 2784 Christo
1285 2713 1572 2802 gloriam
1610 2726 1814 2800 atque
1847 2714 2174 2782 honorem
2203 2713 2417 2782 daret.
2450 2718 2628 2784 Haec
2656 2728 2722 2784 et
2744 2715 2882 2784 alia
2908 2719 3150 2785 Petrus

611 2805 946 2880 obtexere,
1000 2801 1116 2871 sed
1154 2802 1345 2892 plebs
1386 2801 1781 2891 lacrymans
1814 2822 2152 2888 quaerens
2184 2824 2269 2871 ne
2317 2824 2388 2871 se
2422 2801 2862 2890 relinqueret,
2905 2815 2974 2872 et
3020 2803 3153 2872 ssu-

610 2905 956 2964 ctuantem
1006 2893 1183 2959 inter
1243 2889 1577 2980 procellas
1648 2890 2013 2981 gentilium
2085 2889 2518 2960 destitueret:
2583 2893 2806 2962 victus
2870 2891 3152 2962 fletibus

610 2987 874 3062 Petrus,
919 2979 1158 3049 cessit:
1202 2980 1518 3070 promisit
1554 3001 1627 3049 se
1663 2981 1840 3049 Urbe
1878 3001 2343 3070 egressurum.
2384 2981 2699 3050 Proxima
2734 2993 2929 3050 nocte
2958 2980 3154 3050 salu-

614 3073 772 3140 tatis
800 3068 1130 3139 fratribus
1178 3082 1242 3138 et
1294 3067 1630 3137 celebrata
1685 3069 2014 3147 oratione,
2080 3068 2426 3159 proficisci
2475 3068 2666 3138 solus
2718 3070 2964 3161 coepit.
3021 3069 3152 3140 Ubi

609 3171 891 3229 ventum
940 3170 1041 3227 est
1078 3157 1163 3226 ad
1201 3168 1489 3247 portam,
1544 3157 1725 3226 videt
1758 3157 1890 3226 sibi
1926 3157 2268 3227 Christum
2305 3178 2686 3237 occurrere,
2742 3171 2809 3227 et
2845 3157 3153 3227 adorans

609 3269 770 3317 eum
811 3246 1017 3316 dixit:
1073 3247 1378 3328 Domine,
1443 3266 1579 3331 quo
1631 3244 1868 3315 vadis?
1907 3245 2081 3314 Dicit
2124 3245 2186 3314 ei
2241 3245 2588 3316 Christus:
2634 3251 2889 3317 Iterum
2947 3247 3153 3316 venio

611 3334 951 3425 crucifigi.
1006 3333 1340 3404 Intellexit
1375 3339 1609 3405 Petrus
1640 3334 1727 3403 de
1774 3356 1896 3403 sua
1931 3333 2192 3404 dictum
2231 3335 2572 3423 passione,
2610 3336 2792 3422 quod
2843 3357 2922 3405 ea
2955 3335 3154 3404 Chri-

611 3438 759 3494 stus
814 3445 1153 3515 passurus
1185 3421 1554 3504 videretur,
1588 3424 1709 3509 qui
1751 3423 2009 3513 patitur
2055 3423 2125 3491 in
2161 3423 2479 3513 singuliS,
2535 3445 2672 3494 non
2710 3425 2953 3512 utique
3001 3444 3156 3493 cor-

611 3513 799 3604 poris
845 3512 1101 3592 dolore,
1141 3511 1257 3580 sed
1306 3511 1605 3598 quadam
1639 3511 2151 3581 misericordiae
2178 3512 2681 3602 compassione,
2735 3526 2855 3584 aut
2885 3512 3154 3604 gloriae

610 3602 1024 3672 celebritate.
1078 3605 1156 3670 Et
1193 3622 1588 3680 conversus,
1645 3599 1717 3669 in
1771 3599 2015 3670 Urbem
2055 3600 2279 3681 rediit,
2331 3613 2712 3692 captusque
2743 3625 2783 3671 a
2825 3623 3156 3693 persecu-

612 3691 875 3761 toribus
922 3690 1109 3760 cruci
1150 3689 1610 3790 adjudicatuS,
1651 3688 1962 3780 poposcit
2008 3702 2084 3759 ut
2134 3689 2425 3759 inversis
2459 3690 2762 3781 vestigiis
2801 3690 2998 3761 cruci
3047 3691 3155 3759 af-

610 3779 956 3870 figeretur,
993 3777 1178 3866 quod
1228 3777 1561 3868 indignus
1608 3791 1807 3859 esset,
1854 3777 1975 3865 qui
2014 3777 2226 3847 simili
2271 3777 2471 3849 modo
2501 3778 3028 3870 crucifigeretur
3073 3792 3158 3850 ut

614 3889 860 3957 passus
889 3878 990 3937 est
1039 3867 1152 3936 Dei
1203 3865 1438 3936 Filius.
1500 3870 1646 3949 Quo
1707 3866 2093 3958 impetrato,
2135 3865 2237 3936 vel
2277 3867 2443 3954 quia
2491 3868 2584 3938 ita
2616 3867 3022 3948 debebatur,
3079 3879 3161 3938 ut

612 3956 919 4027 Christus
983 3954 1452 4055 praedixerat,
1508 3954 1608 4024 vel
1656 3956 1822 4043 quia
1853 3965 2247 4046 persecutor
2301 3977 2438 4025 non
2511 3956 2768 4028 invitus
2832 3956 3037 4027 indul
3090 3969 3158 4027 et

613 4066 991 4137 poenarum
1052 4055 1499 4126 incrementa,
1551 4055 1616 4113 et
1663 4044 1813 4136 ipse
1866 4044 2146 4126 Paulus,
2200 4044 2373 4114 alter
2417 4067 2644 4127 cruce,
2699 4045 2873 4116 alter
2919 3979 3158 4137 gladio

614 4145 898 4205 necatus
948 4144 1073 4205 est.
