3357 4995
3042 159 3050 188 l'

633 325 759 388 324
1450 341 1527 386 nr:
1574 341 1630 387 s.
1687 340 1933 388 BAsmo
1983 339 2198 387 MAGNO
2742 320 2964 386 JUNII
3015 320 3098 385 ⁴4

539 427 873 496 Basilium
922 425 1278 515 elegerunt
1328 426 1786 515 Episcopum:
1826 426 1945 511 qui
1995 438 2279 514 accepta
2310 424 2849 503 consecratione,
2907 445 3105 513 rege-

543 518 662 586 bat
708 515 1079 584 Ecclesiam
1116 513 1348 583 divina
1390 513 1603 583 fretus
1661 513 2114 602 providentia.
2171 514 2417 604 Elapso
2465 526 2695 582 autem
2742 513 3115 599 aliquanto-

546 618 873 694 tempore,
931 605 1193 693 rogavit
1225 602 1558 672 divinitus
1601 602 1731 673 sibi
1782 603 1932 671 dari
1967 604 2283 692 gratiam,
2335 602 2744 693 sapientiam
2784 615 2849 671 et
2896 600 3104 670 intel-

543 693 823 773 lectum,
864 703 941 761 ut
990 691 1290 781 propriis
1324 692 1764 763 sermonibus
1800 704 2025 782 posset
2074 691 2175 760 illi
2216 693 2659 760 incruentum
2717 691 2959 759 offerre
2991 712 3105 759 sa-

547 781 912 862 crificium,
966 793 1030 849 et
1076 793 1152 849 ut
1214 780 1567 850 adveniret
1627 782 1699 848 in
1750 781 1978 870 ipsum
2044 781 2340 870 Spiritus
2401 785 2714 849 Sanctus
2769 785 2924 849 Post
2984 799 3103 850 sex

544 871 757 960 igitur
789 870 992 938 horas
1043 868 1226 937 velut
1275 869 1341 936 in
1393 870 1639 939 ecstasi
1678 869 1923 948 sactus,
1964 869 2280 959 septima,
2337 869 2740 939 adveniente
2790 868 2858 936 in
2896 867 3099 937 illum

547 960 804 1048 Spiritu
848 964 1117 1036 Sancto,
1171 958 1395 1047 coepit
1440 959 1832 1028 ministrare
1868 963 1997 1028 Deo
2049 977 2167 1048 per
2211 957 2525 1047 singulos
2569 958 2716 1027 dies
2744 958 2917 1046 (sive
2946 956 3106 1024 Mis-

546 1071 691 1117 sam
743 1048 988 1127 facere,
1028 1046 1128 1115 vel
1171 1047 1612 1134 sacrificare);
1645 1061 1850 1133 atque
1898 1046 2131 1133 aliquo
2173 1047 2525 1136 interjecto
2577 1047 2906 1135 temporis
2940 1067 3105 1134 spa-

547 1137 664 1217 tio,
721 1136 854 1206 fide
902 1149 968 1205 et
1014 1136 1320 1204 oratione
1368 1138 1592 1225 coepit
1644 1136 1922 1225 propria
1973 1157 2188 1204 manu
2237 1136 2603 1204 ministerii
2641 1135 2766 1224 (id
2814 1148 2938 1213 est,
2990 1133 3104 1201 Li-

545 1226 856 1316 turgiae‚
915 1225 1013 1293 sic
1079 1225 1262 1292 enirn
1314 1225 1661 1294 evidenter
1733 1237 2019 1314 apparet
2090 1225 2163 1292 in
2225 1229 2481 1294 Graeco
2531 1224 2722 1314 legi)
2774 1223 3105 1312 myteria

545 1316 867 1384 scribere.
906 1319 1110 1382 Porro
1145 1326 1338 1381 nocte
1384 1313 1684 1399 quadarn
1728 1314 2008 1383 veniens
2035 1313 2118 1382 ad
2169 1334 2328 1382 eum
2364 1314 2696 1384 Dominus
2732 1313 2798 1380 in
2838 1312 3104 1382 visione

545 1427 705 1472 cum
759 1401 1117 1492 ApostoliS,
1175 1403 1709 1492 propositionem
1757 1404 1954 1490 panis
1996 1401 2256 1471 faciens
2298 1402 2365 1470 in
2405 1414 2642 1471 sancto
2691 1401 2927 1480 altari,
2982 1423 3105 1469 ex·
3188 1451 3205 1467 .

547 1493 777 1561 citavit
821 1512 1007 1569 eum,
1063 1489 1301 1560 dicens
1349 1491 1457 1559 ei:
1514 1492 1909 1561 Secundum
1948 1491 2342 1581 petitionem
2387 1504 2575 1559 tuam
2628 1490 2973 1580 repleatur
3021 1511 3103 1557 os

548 1594 743 1649 tuum
797 1578 1022 1659 laude,
1063 1592 1137 1647 ut
1189 1581 1485 1670 propriis
1534 1581 1973 1649 sermonibus
2021 1580 2266 1650 offeras
2301 1579 2719 1658 sacrificium
2771 1580 3100 1648 incruen-

549 1682 720 1738 tum.
776 1673 851 1736 At
882 1666 997 1736 ille
1053 1690 1185 1736 non
1237 1669 1461 1736 ferens
1509 1669 1731 1738 oculis
1789 1669 2145 1748 visionem,
2204 1669 2499 1737 surrexit
2545 1690 2704 1736 cum
2758 1680 3094 1747 tremore,
3159 1691 3165 1696 ·

546 1771 612 1825 et
659 1757 994 1826 accedens
1028 1756 1114 1824 ad
1165 1770 1477 1826 sanctum
1530 1757 1764 1838 altare,
1818 1758 2040 1848 coepit
2096 1757 2364 1832 dicere,
2420 1756 2629 1827 simul
2677 1757 2879 1826 etiam
2928 1756 3102 1826 scri—

550 1847 713 1915 bere
746 1847 814 1915 in
866 1845 1143 1914 charta:
1177 1850 1542 1936 Repleatur
1587 1871 1656 1916 os
1704 1870 1926 1916 meum
1968 1847 2192 1925 laude,
2225 1856 2301 1915 ut
2348 1846 2687 1934 hymnum
2740 1844 3103 1934 dicatglo-

551 1935 695 2004 riae
744 1949 900 2004 tuae
948 1935 1231 2004 Domine
1283 1940 1504 2015 DeuS‚
1561 1935 1680 2021 qui
1723 1936 1969 2005 creasti
2034 1957 2160 2003 nos
2190 1990 2204 2014 ‚
2258 1948 2323 2003 et
2378 1934 2724 2003 adduxisti
2774 1934 2844 2001 in
2888 1934 3100 2010 vitam

555 2024 734 2092 hanc
772 2047 784 2090 :
837 2037 903 2092 et
950 2034 1251 2092 caeteras
1281 2024 1626 2094 orationes
1680 2037 1955 2093 sanctae
1990 2024 2332 2113 liturgiae,
2371 2022 2473 2092 vel
2525 2023 3105 2104 sanctiministe-

548 2113 656 2181 rii.
717 2117 793 2181 Et
845 2125 994 2202 post
1033 2112 1239 2182 finem
1290 2114 1681 2181 orationum
1732 2113 2050 2182 exaltavit
2080 2134 2351 2201 panem,
2392 2112 2541 2181 sine
2588 2111 3105 2180 intermissione

550 2222 757 2270 orans
804 2215 870 2270 et
916 2201 1199 2271 dicens:
1257 2202 1613 2291 «Respice
1663 2204 1948 2270 Domine
1994 2208 2161 2270 ,lesu
2214 2200 2474 2270 Christe
2523 2205 2700 2270 Deus
2741 2212 2969 2269 noster
3016 2200 3105 2269 de

554 2302 789 2361 sancto
838 2290 1230 2359 habitaculo
1264 2304 1403 2371 tuo,
1442 2305 1507 2359 et
1537 2291 1691 2359 veni
1725 2290 1811 2358 ad
1849 2289 2424 2359 sanctificandum
2464 2311 2609 2369 1108,
2648 2290 2770 2376 qui
2818 2310 3101 2357 sursum

551 2401 711 2448 cum
763 2384 957 2447 Patre
1006 2379 1227 2457 sedes
1281 2394 1348 2448 et
1396 2380 1507 2448 hic
1542 2378 1979 2449 invisibiliter
2016 2379 2378 2449 nobiscum
2414 2378 2615 2447 ades:
2662 2379 2950 2468 dignare
2984 2399 3104 2467 po-

551 2469 714 2537 tenti
767 2491 982 2537 manu
1037 2480 1152 2537 tua
1203 2468 1469 2538 tradere
1509 2468 1746 2550 nobiS‚
1813 2482 1877 2537 et
1933 2489 2054 2559 per
2115 2489 2240 2537 nos
2288 2467 2481 2537 omni
2529 2466 2807 2558 popule,
2864 2478 3103 2536 sancta

550 2558 874 2627 sanctis.»
913 2557 1218 2647 Populus
1267 2558 1643 2648 respondit:
1684 2563 1918 2627 «Unus
1947 2569 2248 2637 sanctuS‚
2290 2579 2475 2626 unus
2523 2557 2857 2625 Dominus
2896 2562 3104 2625 Jesus

554 2647 862 2717 Christus
919 2669 1076 2715 cuin
1139 2651 1386 2717 Sancto
1437 2647 1698 2736 Spiritu
1746 2648 1812 2715 in
1852 2646 2069 2735 gloria
2108 2646 2224 2714 Dei
2270 2646 2511 2725 Patris,
2570 2651 2853 2714 Amen.»
2896 2650 3104 2713 Porro

548 2736 862 2804 Eubulus
910 2748 976 2803 et
1023 2735 1232 2824 primi
1281 2758 1316 2805 e
1350 2736 1537 2804 Clero
1588 2736 1906 2804 astabant
1935 2734 2021 2803 ad
2071 2734 2310 2824 templi
2360 2735 2559 2814 foreS,
2614 2733 3097 2820 videbantque,

549 2822 772 2892 lucem
826 2823 1334 2913 intelligibilem
1370 2826 1436 2892 in
1484 2823 1761 2912 templo,
1798 2836 1862 2892 et
1911 2824 2091 2893 viros
2123 2823 2458 2911 gloriosos
2482 2836 2548 2892 et
2593 2822 2900 2893 illustres
2936 2844 3106 2891 can-

537 2911 736 3005 ‘didis
774 2913 1064 2982 amictos
1112 2913 1441 2983 vestibus:
1486 2934 1790 2999 cumque
1836 2912 2379 2981 audirentvoces
2428 2912 2667 3002 populi
2723 2911 3106 3000 Deum'glo-

546 3000 907 3080 rificantis,
964 3014 1026 3070 et
1077 3001 1406 3070 Basilium
1438 3014 1802 3071 cernerent
1838 3000 2038 3070 altari
2087 3001 2560 3082 assistentem,
2608 2999 2971 3090 stupefacti
3029 2999 3102 3067 in

546 3089 831 3170 visione,
885 3104 1295 3175 corruerunt
1346 3091 1414 3158 in
1465 3090 1676 3161 facies
1730 3112 1916 3169 suas,
1982 3089 2446 3178 glorificantes
2510 3093 2748 3158 Deum.
2803 3095 3106 3157 Exeunte

552 3191 779 3246 autem
833 3176 1106 3258 Basilio;
1150 3179 1236 3247 ad
1273 3178 1464 3248 illius
1522 3179 1731 3268 pedes
1779 3201 1850 3247 se
1899 3178 2317 3265 dejecerunt:
2376 3178 2632 3265 illoque
2679 3178 3099 3257 sciscitante,

550 3267 719 3353 quid
771 3267 903 3336 sibi
940 3265 1135 3335 vellet
1182 3268 1439 3337 isthaec
1489 3268 1797 3337 adoratio
1827 3280 1892 3337 et
1941 3266 2219 3337 illorum
2273 3267 2692 3357 praesentia,
2753 3266 3104 3334 indicave-

552 3368 717 3425 runt
763 3356 823 3424 ei
875 3356 1206 3425 visionem
1251 3356 1761 3437 admirabilem,
1816 3378 2024 3443 quam
2087 3356 2155 3423 in
2208 3367 2339 3424 tem
2401 3354 2465 3425 lo
2513 3355 2866 3425 vidissent.
2929 3360 3103 3421 Tum
3152 3436 3161 3443 ν

547 3444 665 3512 ille
699 3444 956 3535 gratias
1004 3466 1217 3533 agens
1244 3448 1376 3514 Deo
1426 3445 1574 3515 sine
1625 3445 2158 3525 intermissione,
2191 3467 2329 3530 quo
2413 3444 2681 3514 fecisset
2724 3441 3094 3522 mirabilia,

547 3534 905 3603 accersivit
938 3533 1393 3615 aurifabrum,
1438 3534 1772 3620 'ussitque
1820 3533 2067 3605 confici
2116 3534 2515 3603 columbam
2562 3555 2643 3603 ex
2686 3554 2854 3602 auro
2898 3554 3098 3622 pur0,

549 3623 619 3689 in
670 3643 809 3708 qua
858 3623 1164 3710 reposuit
1190 3627 1254 3692 S.
1289 3628 1425 3691 Euc
1480 3624 1816 3704 aristiam,
1872 3621 2307 3712 suspendens
2339 3644 2490 3691 eam
2543 3643 2755 3711 supra
2790 3642 3100 3689 mensam

550 3722 887 3790 sanctam,
924 3710 992 3778 in
1046 3711 1270 3800 specie
1301 3725 1579 3781 sanctae
1625 3711 1992 3783 columbae
2022 3710 2234 3792 illius,
2273 3732 2451 3797 quae
2480 3710 2803 3801 apparuit
2851 3709 2920 3777 in
2942 3715 3106 3778 Jor-

542 3798 725 3867 dane
794 3800 1080 3867 Domino
1154 3800 1519 3889 baptizato.
1575 3806 1667 3871 Eo
1739 3812 2066 3892 peracto,
2123 3801 2502 3869 orationem
2571 3798 3102 3869 consolatoriam

545 3888 769 3977 coepit
817 3888 1069 3957 habere
1107 3890 1189 3957 ad
1229 3890 1591 3979 populum,
1630 3890 2082 3975 convenitque
2110 3889 2178 3957 in
2206 3886 2567 3958 ecclesiam
2619 3887 2893 3958 infinita
2924 3885 3106 3955 mul-

545 3976 790 4057 titud0,
846 3977 963 4046 cui
1009 3977 1333 4047 intererat
1379 3980 1583 4049 etiam
1619 4001 1918 4068 magnus
1969 3977 2084 4047 ille
2133 3977 2470 4066 Ephraem
2523 3977 2777 4058 abbas,
2831 3976 2918 4045 de
2964 3995 3105 4062 quo

543 4078 778 4154 postea
819 4064 1216 4147 referemus
1269 4067 1864 4155 quemadmodum
1907 4066 2421 4136 demonstrante
2472 4070 2604 4135 Deo
2653 4066 2900 4134 viderit
2945 4063 3107 4133 hea-

544 4153 895 4224 tissimum
948 4168 1208 4244 patrem
1259 4170 1572 4226 nostrum
1626 4156 1986 4226 Basilium.

637 4245 674 4329 §
719 4249 851 4316 11.
909 4245 1217 4326 Quodam
1284 4259 1590 4334 tempore
1659 4245 1900 4314 divina
1964 4243 2082 4312 illo
2129 4242 2519 4313 celebrante
2568 4242 2932 4332 mysteria,
2985 4242 3108 4311 Ju-

543 4331 762 4402 daeus
792 4332 1079 4420 quidam
1130 4356 1202 4404 se
1248 4355 1377 4403 ceu
1418 4333 1849 4403 Christianus
1898 4330 2155 4424 populo
2191 4331 2592 4410 immiscuit,
2635 4330 2844 4401 officii
2897 4330 3107 4400 mini-

545 4420 830 4491 sterium
867 4422 1221 4513 explorare
1281 4422 1537 4504 volenS,
1584 4422 1903 4511 videtque
1951 4422 2022 4491 in
2074 4420 2400 4491 manibus
2449 4419 2682 4490 Basilii
2747 4420 2817 4489 in
2871 4432 3103 4510 partes
