<?xml version="1.0" encoding="UTF-8"?>
<!DOCTYPE html PUBLIC "-//W3C//DTD XHTML 1.0 Transitional//EN"
    "http://www.w3.org/TR/xhtml1/DTD/xhtml1-transitional.dtd">
<html xmlns="http://www.w3.org/1999/xhtml" xml:lang="en" lang="en">
 <head>
  <title>
</title>
<meta http-equiv="Content-Type" content="text/html;charset=utf-8" />
  <meta name='ocr-system' content='tesseract 3.04.00' />
  <meta name='ocr-capabilities' content='ocr_page ocr_carea ocr_par ocr_line ocrx_word'/>
</head>
<body>
  <div class='ocr_page' id='page_1' title='image "./historiaeseuvit02lippgoog_0531.png"; bbox 0 0 3357 4995; ppageno 0'>
   <div class='ocr_carea' id='block_1_1' title="bbox 171 339 2624 408">
    <p class='ocr_par' dir='ltr' id='par_1_1' title="bbox 171 339 2624 408">
     <span class='ocr_line' id='line_1_1' title="bbox 171 339 2624 408; baseline 0 -1"><span class='ocrx_word' id='word_1_1' title='bbox 171 339 386 407; x_wconf 86' lang='lat' dir='ltr'>JUNII</span> <span class='ocrx_word' id='word_1_2' title='bbox 434 341 515 408; x_wconf 74' lang='lat'>24</span> <span class='ocrx_word' id='word_1_3' title='bbox 860 358 935 404; x_wconf 72' lang='lat' dir='ltr'>or.</span> <span class='ocrx_word' id='word_1_4' title='bbox 983 358 1354 404; x_wconf 70' lang='grc' dir='ltr'><strong>ΝΑτινιτΑτΕ</strong></span> <span class='ocrx_word' id='word_1_5' title='bbox 1403 359 1457 404; x_wconf 91' lang='lat' dir='ltr'>s.</span> <span class='ocrx_word' id='word_1_6' title='bbox 1512 358 1775 405; x_wconf 66' lang='lat' dir='ltr'>Joanms</span> <span class='ocrx_word' id='word_1_7' title='bbox 1824 360 2002 405; x_wconf 60' lang='lat' dir='ltr'>narr.</span> <span class='ocrx_word' id='word_1_8' title='bbox 2498 345 2624 407; x_wconf 70' lang='lat'>515</span> 
     </span>
    </p>
   </div>
   <div class='ocr_carea' id='block_1_2' title="bbox 145 441 2810 3457">
    <p class='ocr_par' dir='ltr' id='par_1_2' title="bbox 165 441 2713 1508">
     <span class='ocr_line' id='line_1_2' title="bbox 172 441 2713 532; baseline 0 -20"><span class='ocrx_word' id='word_1_9' title='bbox 172 450 337 512; x_wconf 85' lang='lat' dir='ltr'>Cum</span> <span class='ocrx_word' id='word_1_10' title='bbox 397 457 623 510; x_wconf 87' lang='lat' dir='ltr'>autem</span> <span class='ocrx_word' id='word_1_11' title='bbox 684 441 1027 510; x_wconf 83' lang='lat' dir='ltr'>Elizaheth</span> <span class='ocrx_word' id='word_1_12' title='bbox 1079 463 1214 511; x_wconf 88' lang='lat' dir='ltr'>non</span> <span class='ocrx_word' id='word_1_13' title='bbox 1264 442 1469 511; x_wconf 82' lang='lat' dir='ltr'>ferret</span> <span class='ocrx_word' id='word_1_14' title='bbox 1527 443 1743 512; x_wconf 85' lang='lat' dir='ltr'>saltus</span> <span class='ocrx_word' id='word_1_15' title='bbox 1793 443 1942 522; x_wconf 85' lang='lat' dir='ltr'>filii,</span> <span class='ocrx_word' id='word_1_16' title='bbox 2000 443 2260 532; x_wconf 81' lang='lat' dir='ltr'><strong>Spiritu</strong></span> <span class='ocrx_word' id='word_1_17' title='bbox 2316 449 2562 513; x_wconf 88' lang='lat' dir='ltr'>Sancto</span> <span class='ocrx_word' id='word_1_18' title='bbox 2612 467 2713 513; x_wconf 90' lang='lat' dir='ltr'>re-</span> 
     </span>
     <span class='ocr_line' id='line_1_3' title="bbox 174 530 2713 622; baseline 0.001 -23"><span class='ocrx_word' id='word_1_19' title='bbox 174 532 349 622; x_wconf 85' lang='lat' dir='ltr'>pleta</span> <span class='ocrx_word' id='word_1_20' title='bbox 397 530 825 609; x_wconf 79' lang='lat' dir='ltr'>exclamavit,</span> <span class='ocrx_word' id='word_1_21' title='bbox 884 530 1123 599; x_wconf 88' lang='lat' dir='ltr'>dicens</span> <span class='ocrx_word' id='word_1_22' title='bbox 1170 530 1475 621; x_wconf 85' lang='lat' dir='ltr'>Virgini:</span> <span class='ocrx_word' id='word_1_23' title='bbox 1540 533 1895 600; x_wconf 74' lang='lat' dir='ltr'><em>Benedicta</em></span> <span class='ocrx_word' id='word_1_24' title='bbox 1946 542 2018 599; x_wconf 81' lang='lat' dir='ltr'>tu</span> <span class='ocrx_word' id='word_1_25' title='bbox 2069 535 2138 600; x_wconf 78' lang='lat' dir='ltr'>in</span> <span class='ocrx_word' id='word_1_26' title='bbox 2193 536 2611 614; x_wconf 76' lang='lat' dir='ltr'>mulie-ribus,</span> <span class='ocrx_word' id='word_1_27' title='bbox 2652 545 2713 602; x_wconf 79' lang='lat' dir='ltr'>et</span> 
     </span>
     <span class='ocr_line' id='line_1_4' title="bbox 171 620 2713 708; baseline 0.001 -19"><span class='ocrx_word' id='word_1_28' title='bbox 171 621 546 689; x_wconf 79' lang='lat' dir='ltr'>benedictus</span> <span class='ocrx_word' id='word_1_29' title='bbox 600 622 861 706; x_wconf 75' lang='lat' dir='ltr'>fructus</span> <span class='ocrx_word' id='word_1_30' title='bbox 912 621 1160 688; x_wconf 79' lang='lat' dir='ltr'>ventris</span> <span class='ocrx_word' id='word_1_31' title='bbox 1183 621 1305 687; x_wconf 80' lang='lat' dir='ltr'>tui.</span> <span class='ocrx_word' id='word_1_32' title='bbox 1361 625 1482 700; x_wconf 89' lang='lat' dir='ltr'>Tu,</span> <span class='ocrx_word' id='word_1_33' title='bbox 1539 621 1785 707; x_wconf 85' lang='lat' dir='ltr'>inquit,</span> <span class='ocrx_word' id='word_1_34' title='bbox 1816 642 1887 689; x_wconf 91' lang='lat' dir='ltr'>es</span> <span class='ocrx_word' id='word_1_35' title='bbox 1932 620 2286 690; x_wconf 88' lang='lat' dir='ltr'>benedicta</span> <span class='ocrx_word' id='word_1_36' title='bbox 2334 643 2510 708; x_wconf 89' lang='lat' dir='ltr'>quae</span> <span class='ocrx_word' id='word_1_37' title='bbox 2559 644 2713 691; x_wconf 85' lang='lat' dir='ltr'>exe-</span> 
     </span>
     <span class='ocr_line' id='line_1_5' title="bbox 169 707 2709 799; baseline 0 -22"><span class='ocrx_word' id='word_1_38' title='bbox 169 708 496 777; x_wconf 87' lang='lat' dir='ltr'>crationis</span> <span class='ocrx_word' id='word_1_39' title='bbox 542 719 768 796; x_wconf 90' lang='lat' dir='ltr'>portas</span> <span class='ocrx_word' id='word_1_40' title='bbox 817 707 1255 776; x_wconf 89' lang='lat' dir='ltr'>solutionem.</span> <span class='ocrx_word' id='word_1_41' title='bbox 1301 714 1398 777; x_wconf 83' lang='lat' dir='ltr'>Tu</span> <span class='ocrx_word' id='word_1_42' title='bbox 1438 730 1509 777; x_wconf 92' lang='lat' dir='ltr'>es</span> <span class='ocrx_word' id='word_1_43' title='bbox 1544 709 1898 778; x_wconf 86' lang='lat' dir='ltr'>benedicta</span> <span class='ocrx_word' id='word_1_44' title='bbox 1948 731 2124 795; x_wconf 86' lang='lat' dir='ltr'>quae</span> <span class='ocrx_word' id='word_1_45' title='bbox 2168 721 2398 799; x_wconf 86' lang='lat' dir='ltr'>portas</span> <span class='ocrx_word' id='word_1_46' title='bbox 2450 711 2709 780; x_wconf 90' lang='lat' dir='ltr'>donum</span> 
     </span>
     <span class='ocr_line' id='line_1_6' title="bbox 171 796 2712 887; baseline -0 -20"><span class='ocrx_word' id='word_1_47' title='bbox 171 796 572 887; x_wconf 77' lang='lat' dir='ltr'>sapientiae.</span> <span class='ocrx_word' id='word_1_48' title='bbox 623 801 722 864; x_wconf 88' lang='lat' dir='ltr'>Tu</span> <span class='ocrx_word' id='word_1_49' title='bbox 770 818 842 864; x_wconf 88' lang='lat' dir='ltr'>es</span> <span class='ocrx_word' id='word_1_50' title='bbox 900 797 1259 865; x_wconf 87' lang='lat' dir='ltr'>benedicta</span> <span class='ocrx_word' id='word_1_51' title='bbox 1308 819 1484 883; x_wconf 86' lang='lat' dir='ltr'>quae</span> <span class='ocrx_word' id='word_1_52' title='bbox 1524 820 1683 867; x_wconf 90' lang='lat' dir='ltr'>eum</span> <span class='ocrx_word' id='word_1_53' title='bbox 1735 809 1960 887; x_wconf 82' lang='lat' dir='ltr'>gestas</span> <span class='ocrx_word' id='word_1_54' title='bbox 2011 798 2078 865; x_wconf 91' lang='lat' dir='ltr'>in</span> <span class='ocrx_word' id='word_1_55' title='bbox 2132 812 2350 879; x_wconf 89' lang='lat' dir='ltr'>uter0,</span> <span class='ocrx_word' id='word_1_56' title='bbox 2404 799 2525 885; x_wconf 86' lang='lat' dir='ltr'>qui</span> <span class='ocrx_word' id='word_1_57' title='bbox 2565 821 2712 867; x_wconf 90' lang='lat' dir='ltr'>am-</span> 
     </span>
     <span class='ocr_line' id='line_1_7' title="bbox 170 884 2707 979; baseline -0 -23"><span class='ocrx_word' id='word_1_58' title='bbox 170 886 434 956; x_wconf 84' lang='lat' dir='ltr'>bulavit</span> <span class='ocrx_word' id='word_1_59' title='bbox 492 885 560 952; x_wconf 89' lang='lat' dir='ltr'>in</span> <span class='ocrx_word' id='word_1_60' title='bbox 615 884 959 974; x_wconf 81' lang='lat' dir='ltr'>paradiso.</span> <span class='ocrx_word' id='word_1_61' title='bbox 1015 890 1112 955; x_wconf 90' lang='lat' dir='ltr'>Tu</span> <span class='ocrx_word' id='word_1_62' title='bbox 1159 907 1232 956; x_wconf 90' lang='lat' dir='ltr'>es</span> <span class='ocrx_word' id='word_1_63' title='bbox 1282 886 1676 966; x_wconf 87' lang='lat' dir='ltr'>benedicta,</span> <span class='ocrx_word' id='word_1_64' title='bbox 1731 887 1931 973; x_wconf 80' lang='lat' dir='ltr'>cujus</span> <span class='ocrx_word' id='word_1_65' title='bbox 1994 900 2311 955; x_wconf 89' lang='lat' dir='ltr'>sanctum</span> <span class='ocrx_word' id='word_1_66' title='bbox 2376 888 2707 979; x_wconf 88' lang='lat' dir='ltr'>templum</span> 
     </span>
     <span class='ocr_line' id='line_1_8' title="bbox 168 973 2710 1054; baseline -0.001 -9"><span class='ocrx_word' id='word_1_67' title='bbox 168 976 298 1045; x_wconf 83' lang='lat' dir='ltr'>suit</span> <span class='ocrx_word' id='word_1_68' title='bbox 341 988 593 1043; x_wconf 87' lang='lat' dir='ltr'>venter.</span> <span class='ocrx_word' id='word_1_69' title='bbox 650 973 1008 1043; x_wconf 77' lang='lat' dir='ltr'>Benedicta</span> <span class='ocrx_word' id='word_1_70' title='bbox 1038 988 1112 1044; x_wconf 89' lang='lat' dir='ltr'>tu</span> <span class='ocrx_word' id='word_1_71' title='bbox 1145 975 1214 1042; x_wconf 89' lang='lat' dir='ltr'>in</span> <span class='ocrx_word' id='word_1_72' title='bbox 1252 975 1689 1054; x_wconf 82' lang='lat' dir='ltr'>mulieribuS‚</span> <span class='ocrx_word' id='word_1_73' title='bbox 1725 988 1789 1043; x_wconf 93' lang='lat' dir='ltr'>et</span> <span class='ocrx_word' id='word_1_74' title='bbox 1814 974 2216 1044; x_wconf 86' lang='lat' dir='ltr'>benedictus</span> <span class='ocrx_word' id='word_1_75' title='bbox 2255 975 2520 1045; x_wconf 87' lang='lat' dir='ltr'>fructus</span> <span class='ocrx_word' id='word_1_76' title='bbox 2553 998 2710 1044; x_wconf 88' lang='lat' dir='ltr'>ven-</span> 
     </span>
     <span class='ocr_line' id='line_1_9' title="bbox 168 1063 2712 1148; baseline -0 -14"><span class='ocrx_word' id='word_1_77' title='bbox 168 1066 289 1134; x_wconf 87' lang='lat' dir='ltr'>tris</span> <span class='ocrx_word' id='word_1_78' title='bbox 361 1064 500 1132; x_wconf 91' lang='lat' dir='ltr'>tui:</span> <span class='ocrx_word' id='word_1_79' title='bbox 556 1084 636 1131; x_wconf 82' lang='lat' dir='ltr'>ex</span> <span class='ocrx_word' id='word_1_80' title='bbox 682 1085 819 1148; x_wconf 87' lang='lat' dir='ltr'>quo</span> <span class='ocrx_word' id='word_1_81' title='bbox 868 1086 1027 1132; x_wconf 91' lang='lat' dir='ltr'>cum</span> <span class='ocrx_word' id='word_1_82' title='bbox 1078 1064 1451 1132; x_wconf 86' lang='lat' dir='ltr'>comederit</span> <span class='ocrx_word' id='word_1_83' title='bbox 1500 1063 1735 1144; x_wconf 80' lang='lat' dir='ltr'>Adam,</span> <span class='ocrx_word' id='word_1_84' title='bbox 1778 1065 2000 1132; x_wconf 88' lang='lat' dir='ltr'>vincet</span> <span class='ocrx_word' id='word_1_85' title='bbox 2050 1064 2443 1133; x_wconf 89' lang='lat' dir='ltr'>inimicum.</span> <span class='ocrx_word' id='word_1_86' title='bbox 2499 1070 2712 1134; x_wconf 89' lang='lat' dir='ltr'>Bene-</span> 
     </span>
     <span class='ocr_line' id='line_1_10' title="bbox 165 1151 2708 1238; baseline 0 -16"><span class='ocrx_word' id='word_1_87' title='bbox 165 1155 393 1222; x_wconf 85' lang='lat' dir='ltr'>dictus</span> <span class='ocrx_word' id='word_1_88' title='bbox 455 1151 743 1230; x_wconf 77' lang='lat' dir='ltr'>fructu5‚</span> <span class='ocrx_word' id='word_1_89' title='bbox 798 1153 920 1238; x_wconf 91' lang='lat' dir='ltr'>qui</span> <span class='ocrx_word' id='word_1_90' title='bbox 982 1151 1109 1220; x_wconf 88' lang='lat' dir='ltr'>suit</span> <span class='ocrx_word' id='word_1_91' title='bbox 1158 1154 1403 1221; x_wconf 88' lang='lat' dir='ltr'>mundi</span> <span class='ocrx_word' id='word_1_92' title='bbox 1471 1152 1671 1222; x_wconf 89' lang='lat' dir='ltr'>cibus</span> <span class='ocrx_word' id='word_1_93' title='bbox 1719 1165 1783 1220; x_wconf 92' lang='lat' dir='ltr'>et</span> <span class='ocrx_word' id='word_1_94' title='bbox 1823 1154 2141 1221; x_wconf 89' lang='lat' dir='ltr'>amictus.</span> <span class='ocrx_word' id='word_1_95' title='bbox 2199 1159 2276 1221; x_wconf 89' lang='lat' dir='ltr'>Et</span> <span class='ocrx_word' id='word_1_96' title='bbox 2324 1153 2510 1223; x_wconf 89' lang='lat' dir='ltr'>unde</span> <span class='ocrx_word' id='word_1_97' title='bbox 2585 1154 2708 1223; x_wconf 87' lang='lat' dir='ltr'>hoc</span> 
     </span>
     <span class='ocr_line' id='line_1_11' title="bbox 168 1240 2710 1332; baseline 0 -23"><span class='ocrx_word' id='word_1_98' title='bbox 168 1242 363 1318; x_wconf 87' lang='lat' dir='ltr'>mihi,</span> <span class='ocrx_word' id='word_1_99' title='bbox 424 1253 498 1309; x_wconf 91' lang='lat' dir='ltr'>ut</span> <span class='ocrx_word' id='word_1_100' title='bbox 549 1241 772 1308; x_wconf 88' lang='lat' dir='ltr'>veniat</span> <span class='ocrx_word' id='word_1_101' title='bbox 820 1253 1037 1309; x_wconf 88' lang='lat' dir='ltr'>mater</span> <span class='ocrx_word' id='word_1_102' title='bbox 1076 1241 1345 1309; x_wconf 84' lang='lat' dir='ltr'>Domini</span> <span class='ocrx_word' id='word_1_103' title='bbox 1388 1242 1520 1309; x_wconf 89' lang='lat' dir='ltr'>mei</span> <span class='ocrx_word' id='word_1_104' title='bbox 1561 1240 1646 1309; x_wconf 89' lang='lat' dir='ltr'>ad</span> <span class='ocrx_word' id='word_1_105' title='bbox 1701 1245 1856 1309; x_wconf 76' lang='lat' dir='ltr'>me?</span> <span class='ocrx_word' id='word_1_106' title='bbox 1896 1246 2101 1320; x_wconf 87' lang='lat' dir='ltr'>Haec,</span> <span class='ocrx_word' id='word_1_107' title='bbox 2141 1262 2179 1310; x_wconf 97' lang='lat' dir='ltr'>o</span> <span class='ocrx_word' id='word_1_108' title='bbox 2231 1243 2442 1332; x_wconf 85' lang='lat' dir='ltr'>virgo,</span> <span class='ocrx_word' id='word_1_109' title='bbox 2482 1244 2710 1311; x_wconf 84' lang='lat' dir='ltr'>infans</span> 
     </span>
     <span class='ocr_line' id='line_1_12' title="bbox 165 1329 2709 1422; baseline 0 -24"><span class='ocrx_word' id='word_1_110' title='bbox 165 1353 272 1400; x_wconf 89' lang='lat' dir='ltr'>me</span> <span class='ocrx_word' id='word_1_111' title='bbox 322 1330 581 1406; x_wconf 84' lang='lat' dir='ltr'>docuit,</span> <span class='ocrx_word' id='word_1_112' title='bbox 639 1330 826 1397; x_wconf 90' lang='lat' dir='ltr'>intus</span> <span class='ocrx_word' id='word_1_113' title='bbox 896 1342 1171 1417; x_wconf 85' lang='lat' dir='ltr'>propter</span> <span class='ocrx_word' id='word_1_114' title='bbox 1220 1343 1402 1398; x_wconf 86' lang='lat' dir='ltr'>tuam</span> <span class='ocrx_word' id='word_1_115' title='bbox 1458 1329 1939 1398; x_wconf 80' lang='lat' dir='ltr'>salutationem</span> <span class='ocrx_word' id='word_1_116' title='bbox 1994 1331 2250 1399; x_wconf 88' lang='lat' dir='ltr'>saliens</span> <span class='ocrx_word' id='word_1_117' title='bbox 2324 1353 2536 1422; x_wconf 85' lang='lat' dir='ltr'>supra</span> <span class='ocrx_word' id='word_1_118' title='bbox 2586 1354 2709 1399; x_wconf 87' lang='lat' dir='ltr'>na-</span> 
     </span>
     <span class='ocr_line' id='line_1_13' title="bbox 165 1417 2322 1508; baseline -0.001 -20"><span class='ocrx_word' id='word_1_119' title='bbox 165 1433 420 1488; x_wconf 83' lang='lat' dir='ltr'>turam.</span> <span class='ocrx_word' id='word_1_120' title='bbox 461 1422 639 1486; x_wconf 89' lang='lat' dir='ltr'>Haec</span> <span class='ocrx_word' id='word_1_121' title='bbox 673 1431 833 1486; x_wconf 91' lang='lat' dir='ltr'>sunt</span> <span class='ocrx_word' id='word_1_122' title='bbox 869 1417 1070 1485; x_wconf 88' lang='lat' dir='ltr'>verba</span> <span class='ocrx_word' id='word_1_123' title='bbox 1119 1418 1545 1487; x_wconf 86' lang='lat' dir='ltr'>Elizabethae</span> <span class='ocrx_word' id='word_1_124' title='bbox 1596 1419 1929 1508; x_wconf 84' lang='lat' dir='ltr'>inspirata</span> <span class='ocrx_word' id='word_1_125' title='bbox 1963 1418 2322 1488; x_wconf 67' lang='lat' dir='ltr'>divinitus</span> 
     </span>
    </p>

    <p class='ocr_par' dir='ltr' id='par_1_3' title="bbox 145 1506 2810 3457">
     <span class='ocr_line' id='line_1_14' title="bbox 249 1506 2710 1594; baseline -0 -17"><span class='ocrx_word' id='word_1_126' title='bbox 249 1511 284 1594; x_wconf 67' lang='grc' dir='ltr'>,ξ</span> <span class='ocrx_word' id='word_1_127' title='bbox 338 1511 481 1577; x_wconf 64' lang='lat'>12.</span> <span class='ocrx_word' id='word_1_128' title='bbox 536 1506 895 1575; x_wconf 74' lang='lat' dir='ltr'>Zacharias</span> <span class='ocrx_word' id='word_1_129' title='bbox 944 1518 1168 1575; x_wconf 87' lang='lat' dir='ltr'>autem</span> <span class='ocrx_word' id='word_1_130' title='bbox 1200 1561 1218 1585; x_wconf 85' lang='lat'>,</span> <span class='ocrx_word' id='word_1_131' title='bbox 1277 1520 1353 1574; x_wconf 92' lang='lat' dir='ltr'>ut</span> <span class='ocrx_word' id='word_1_132' title='bbox 1399 1507 1585 1584; x_wconf 90' lang='lat' dir='ltr'>dixi,</span> <span class='ocrx_word' id='word_1_133' title='bbox 1643 1507 1831 1575; x_wconf 90' lang='lat' dir='ltr'>domi</span> <span class='ocrx_word' id='word_1_134' title='bbox 1900 1508 2175 1588; x_wconf 89' lang='lat' dir='ltr'>mansit,</span> <span class='ocrx_word' id='word_1_135' title='bbox 2238 1520 2313 1577; x_wconf 92' lang='lat' dir='ltr'>ut</span> <span class='ocrx_word' id='word_1_136' title='bbox 2361 1508 2483 1576; x_wconf 88' lang='lat' dir='ltr'>cui</span> <span class='ocrx_word' id='word_1_137' title='bbox 2532 1522 2710 1578; x_wconf 86' lang='lat' dir='ltr'>esset</span> 
     </span>
     <span class='ocr_line' id='line_1_15' title="bbox 164 1594 2705 1685; baseline 0 -22"><span class='ocrx_word' id='word_1_138' title='bbox 164 1596 565 1685; x_wconf 89' lang='lat' dir='ltr'>impositum</span> <span class='ocrx_word' id='word_1_139' title='bbox 604 1594 873 1663; x_wconf 82' lang='lat' dir='ltr'>frenum</span> <span class='ocrx_word' id='word_1_140' title='bbox 928 1595 1451 1673; x_wconf 48' lang='lat' dir='ltr'>incredulitati&amp;</span> <span class='ocrx_word' id='word_1_141' title='bbox 1488 1610 1766 1685; x_wconf 84' lang='lat' dir='ltr'>accepta</span> <span class='ocrx_word' id='word_1_142' title='bbox 1821 1595 2002 1664; x_wconf 86' lang='lat' dir='ltr'>vocis</span> <span class='ocrx_word' id='word_1_143' title='bbox 2031 1596 2405 1666; x_wconf 88' lang='lat' dir='ltr'>amissione</span> <span class='ocrx_word' id='word_1_144' title='bbox 2432 1597 2705 1682; x_wconf 85' lang='lat' dir='ltr'>aequali</span> 
     </span>
     <span class='ocr_line' id='line_1_16' title="bbox 160 1684 2705 1773; baseline 0 -20"><span class='ocrx_word' id='word_1_145' title='bbox 160 1684 619 1773; x_wconf 79' lang='lat' dir='ltr'>conceptioni,</span> <span class='ocrx_word' id='word_1_146' title='bbox 683 1697 755 1751; x_wconf 94' lang='lat' dir='ltr'>ut</span> <span class='ocrx_word' id='word_1_147' title='bbox 802 1684 921 1769; x_wconf 87' lang='lat' dir='ltr'>qui</span> <span class='ocrx_word' id='word_1_148' title='bbox 971 1685 1386 1772; x_wconf 85' lang='lat' dir='ltr'>suscepisset</span> <span class='ocrx_word' id='word_1_149' title='bbox 1432 1698 1656 1752; x_wconf 89' lang='lat' dir='ltr'>ortum</span> <span class='ocrx_word' id='word_1_150' title='bbox 1711 1684 1877 1763; x_wconf 81' lang='lat' dir='ltr'>filii,</span> <span class='ocrx_word' id='word_1_151' title='bbox 1935 1685 2306 1753; x_wconf 88' lang='lat' dir='ltr'>terminum</span> <span class='ocrx_word' id='word_1_152' title='bbox 2376 1687 2705 1754; x_wconf 89' lang='lat' dir='ltr'>condem—</span> 
     </span>
     <span class='ocr_line' id='line_1_17' title="bbox 164 1772 2700 1861; baseline 0 -20"><span class='ocrx_word' id='word_1_153' title='bbox 164 1773 486 1842; x_wconf 87' lang='lat' dir='ltr'>nationis.</span> <span class='ocrx_word' id='word_1_154' title='bbox 538 1778 899 1857; x_wconf 84' lang='lat' dir='ltr'>Postquam</span> <span class='ocrx_word' id='word_1_155' title='bbox 954 1794 1109 1840; x_wconf 83' lang='lat' dir='ltr'>vero</span> <span class='ocrx_word' id='word_1_156' title='bbox 1155 1795 1234 1841; x_wconf 77' lang='lat' dir='ltr'>ex</span> <span class='ocrx_word' id='word_1_157' title='bbox 1281 1772 1546 1840; x_wconf 89' lang='lat' dir='ltr'>deserto</span> <span class='ocrx_word' id='word_1_158' title='bbox 1580 1784 1773 1841; x_wconf 81' lang='lat' dir='ltr'>utero</span> <span class='ocrx_word' id='word_1_159' title='bbox 1827 1774 2156 1861; x_wconf 74' lang='lat' dir='ltr'>processit</span> <span class='ocrx_word' id='word_1_160' title='bbox 2205 1773 2374 1843; x_wconf 91' lang='lat' dir='ltr'>civis</span> <span class='ocrx_word' id='word_1_161' title='bbox 2425 1773 2700 1853; x_wconf 87' lang='lat' dir='ltr'>deserti,</span> 
     </span>
     <span class='ocr_line' id='line_1_18' title="bbox 165 1860 2707 1951; baseline 0 -21"><span class='ocrx_word' id='word_1_162' title='bbox 165 1877 358 1951; x_wconf 88' lang='lat' dir='ltr'>pater</span> <span class='ocrx_word' id='word_1_163' title='bbox 387 1861 612 1951; x_wconf 82' lang='lat' dir='ltr'>petitis</span> <span class='ocrx_word' id='word_1_164' title='bbox 651 1860 1134 1949; x_wconf 83' lang='lat' dir='ltr'>pugillaribus,</span> <span class='ocrx_word' id='word_1_165' title='bbox 1187 1882 1266 1928; x_wconf 88' lang='lat' dir='ltr'>ea</span> <span class='ocrx_word' id='word_1_166' title='bbox 1313 1873 1503 1948; x_wconf 80' lang='lat' dir='ltr'>grate</span> <span class='ocrx_word' id='word_1_167' title='bbox 1552 1862 1685 1929; x_wconf 88' lang='lat' dir='ltr'>scri</span> <span class='ocrx_word' id='word_1_168' title='bbox 1742 1861 1828 1929; x_wconf 91' lang='lat' dir='ltr'>sit</span> <span class='ocrx_word' id='word_1_169' title='bbox 1858 1884 2033 1947; x_wconf 84' lang='lat' dir='ltr'>quae</span> <span class='ocrx_word' id='word_1_170' title='bbox 2075 1883 2210 1929; x_wconf 89' lang='lat' dir='ltr'>non</span> <span class='ocrx_word' id='word_1_171' title='bbox 2261 1862 2550 1932; x_wconf 88' lang='lat' dir='ltr'>credens</span> <span class='ocrx_word' id='word_1_172' title='bbox 2580 1886 2707 1931; x_wconf 87' lang='lat' dir='ltr'>au-</span> 
     </span>
     <span class='ocr_line' id='line_1_19' title="bbox 159 1949 2694 2040; baseline -0.001 -21"><span class='ocrx_word' id='word_1_173' title='bbox 159 1952 419 2020; x_wconf 88' lang='lat' dir='ltr'>dierat:</span> <span class='ocrx_word' id='word_1_174' title='bbox 476 1963 743 2018; x_wconf 90' lang='lat' dir='ltr'>etcum</span> <span class='ocrx_word' id='word_1_175' title='bbox 810 1949 949 2017; x_wconf 84' lang='lat' dir='ltr'>filio</span> <span class='ocrx_word' id='word_1_176' title='bbox 1020 1949 1428 2018; x_wconf 83' lang='lat' dir='ltr'>reddidisset</span> <span class='ocrx_word' id='word_1_177' title='bbox 1487 1949 1687 2038; x_wconf 86' lang='lat' dir='ltr'>appel</span> <span class='ocrx_word' id='word_1_178' title='bbox 1722 1950 2060 2027; x_wconf 84' lang='lat' dir='ltr'>ationem,</span> <span class='ocrx_word' id='word_1_179' title='bbox 2120 1971 2349 2018; x_wconf 89' lang='lat' dir='ltr'>vocem</span> <span class='ocrx_word' id='word_1_180' title='bbox 2416 1951 2694 2040; x_wconf 88' lang='lat' dir='ltr'>recepit.</span> 
     </span>
     <span class='ocr_line' id='line_1_20' title="bbox 158 2038 2700 2128; baseline -0.001 -20"><span class='ocrx_word' id='word_1_181' title='bbox 158 2041 375 2118; x_wconf 86' lang='lat' dir='ltr'>Talia,</span> <span class='ocrx_word' id='word_1_182' title='bbox 416 2061 454 2106; x_wconf 96' lang='lat' dir='ltr'>o</span> <span class='ocrx_word' id='word_1_183' title='bbox 488 2044 895 2106; x_wconf 86' lang='lat' dir='ltr'>Praecursor</span> <span class='ocrx_word' id='word_1_184' title='bbox 943 2038 1268 2126; x_wconf 88' lang='lat' dir='ltr'>Baptista,</span> <span class='ocrx_word' id='word_1_185' title='bbox 1302 2051 1413 2105; x_wconf 89' lang='lat' dir='ltr'>tua</span> <span class='ocrx_word' id='word_1_186' title='bbox 1447 2051 1632 2117; x_wconf 86' lang='lat' dir='ltr'>sunt,</span> <span class='ocrx_word' id='word_1_187' title='bbox 1688 2051 2052 2124; x_wconf 85' lang='lat' dir='ltr'>antequam</span> <span class='ocrx_word' id='word_1_188' title='bbox 2111 2040 2510 2119; x_wconf 74' lang='lat' dir='ltr'>nascereris,</span> <span class='ocrx_word' id='word_1_189' title='bbox 2550 2061 2700 2128; x_wconf 84' lang='lat' dir='ltr'>my-</span> 
     </span>
     <span class='ocr_line' id='line_1_21' title="bbox 158 2127 2702 2217; baseline -0 -20"><span class='ocrx_word' id='word_1_190' title='bbox 158 2128 394 2197; x_wconf 86' lang='lat' dir='ltr'>steria.</span> <span class='ocrx_word' id='word_1_191' title='bbox 451 2127 674 2195; x_wconf 88' lang='lat' dir='ltr'>Talem</span> <span class='ocrx_word' id='word_1_192' title='bbox 730 2127 851 2195; x_wconf 88' lang='lat' dir='ltr'>tibi</span> <span class='ocrx_word' id='word_1_193' title='bbox 902 2132 1077 2197; x_wconf 85' lang='lat' dir='ltr'>Deus</span> <span class='ocrx_word' id='word_1_194' title='bbox 1140 2127 1428 2214; x_wconf 77' lang='lat' dir='ltr'>largitus</span> <span class='ocrx_word' id='word_1_195' title='bbox 1476 2140 1576 2194; x_wconf 90' lang='lat' dir='ltr'>est</span> <span class='ocrx_word' id='word_1_196' title='bbox 1629 2127 2030 2215; x_wconf 85' lang='lat' dir='ltr'>dignitatem</span> <span class='ocrx_word' id='word_1_197' title='bbox 2083 2141 2241 2195; x_wconf 88' lang='lat' dir='ltr'>ante</span> <span class='ocrx_word' id='word_1_198' title='bbox 2308 2129 2702 2217; x_wconf 86' lang='lat' dir='ltr'>conceptio-</span> 
     </span>
     <span class='ocr_line' id='line_1_22' title="bbox 157 2215 2701 2305; baseline -0.001 -19"><span class='ocrx_word' id='word_1_199' title='bbox 157 2239 343 2286; x_wconf 88' lang='lat' dir='ltr'>nem.</span> <span class='ocrx_word' id='word_1_200' title='bbox 387 2215 652 2284; x_wconf 78' lang='lat' dir='ltr'>Gabriel</span> <span class='ocrx_word' id='word_1_201' title='bbox 691 2229 915 2284; x_wconf 89' lang='lat' dir='ltr'>ortum</span> <span class='ocrx_word' id='word_1_202' title='bbox 986 2216 1275 2294; x_wconf 87' lang='lat' dir='ltr'>Domini,</span> <span class='ocrx_word' id='word_1_203' title='bbox 1329 2229 1392 2283; x_wconf 90' lang='lat' dir='ltr'>et</span> <span class='ocrx_word' id='word_1_204' title='bbox 1452 2228 1635 2283; x_wconf 80' lang='lat' dir='ltr'>tuam</span> <span class='ocrx_word' id='word_1_205' title='bbox 1681 2215 2130 2284; x_wconf 87' lang='lat' dir='ltr'>annunciavit</span> <span class='ocrx_word' id='word_1_206' title='bbox 2177 2216 2701 2305; x_wconf 85' lang='lat' dir='ltr'>conceptionem</span> 
     </span>
     <span class='ocr_line' id='line_1_23' title="bbox 156 2304 2703 2392; baseline -0 -19"><span class='ocrx_word' id='word_1_207' title='bbox 156 2308 225 2373; x_wconf 89' lang='lat' dir='ltr'>in</span> <span class='ocrx_word' id='word_1_208' title='bbox 281 2304 561 2392; x_wconf 88' lang='lat' dir='ltr'>templo,</span> <span class='ocrx_word' id='word_1_209' title='bbox 616 2305 959 2389; x_wconf 87' lang='lat' dir='ltr'>quomodo</span> <span class='ocrx_word' id='word_1_210' title='bbox 1012 2305 1079 2372; x_wconf 89' lang='lat' dir='ltr'>in</span> <span class='ocrx_word' id='word_1_211' title='bbox 1135 2304 1435 2372; x_wconf 79' lang='lat' dir='ltr'>thalamo</span> <span class='ocrx_word' id='word_1_212' title='bbox 1489 2318 1546 2370; x_wconf 87' lang='lat' dir='ltr'>te</span> <span class='ocrx_word' id='word_1_213' title='bbox 1594 2326 1741 2371; x_wconf 87' lang='lat' dir='ltr'>esse</span> <span class='ocrx_word' id='word_1_214' title='bbox 1789 2317 2194 2392; x_wconf 89' lang='lat' dir='ltr'>conceptum</span> <span class='ocrx_word' id='word_1_215' title='bbox 2251 2304 2444 2373; x_wconf 86' lang='lat' dir='ltr'>dixit.</span> <span class='ocrx_word' id='word_1_216' title='bbox 2504 2305 2703 2373; x_wconf 89' lang='lat' dir='ltr'>Pium</span> 
     </span>
     <span class='ocr_line' id='line_1_24' title="bbox 152 2391 2708 2481; baseline -0.001 -18"><span class='ocrx_word' id='word_1_217' title='bbox 152 2417 235 2463; x_wconf 88' lang='lat' dir='ltr'>ac</span> <span class='ocrx_word' id='word_1_218' title='bbox 273 2391 675 2480; x_wconf 84' lang='lat' dir='ltr'>religiosum</span> <span class='ocrx_word' id='word_1_219' title='bbox 720 2393 972 2481; x_wconf 91' lang='lat' dir='ltr'>populo</span> <span class='ocrx_word' id='word_1_220' title='bbox 1006 2393 1266 2461; x_wconf 88' lang='lat' dir='ltr'>donum</span> <span class='ocrx_word' id='word_1_221' title='bbox 1302 2394 1367 2460; x_wconf 92' lang='lat' dir='ltr'>in</span> <span class='ocrx_word' id='word_1_222' title='bbox 1404 2392 1656 2460; x_wconf 86' lang='lat' dir='ltr'>celebri</span> <span class='ocrx_word' id='word_1_223' title='bbox 1701 2393 1886 2471; x_wconf 83' lang='lat' dir='ltr'>festO,</span> <span class='ocrx_word' id='word_1_224' title='bbox 1942 2406 2164 2461; x_wconf 91' lang='lat' dir='ltr'>ortum</span> <span class='ocrx_word' id='word_1_225' title='bbox 2221 2405 2416 2462; x_wconf 88' lang='lat' dir='ltr'>tuum</span> <span class='ocrx_word' id='word_1_226' title='bbox 2476 2393 2708 2462; x_wconf 88' lang='lat' dir='ltr'>attulit</span> 
     </span>
     <span class='ocr_line' id='line_1_25' title="bbox 154 2480 2810 2571; baseline -0.003 -19"><span class='ocrx_word' id='word_1_227' title='bbox 154 2481 652 2571; x_wconf 77' lang='lat' dir='ltr'>Archangelus.</span> <span class='ocrx_word' id='word_1_228' title='bbox 724 2482 932 2551; x_wconf 86' lang='lat' dir='ltr'>Fuisti</span> <span class='ocrx_word' id='word_1_229' title='bbox 1008 2482 1265 2571; x_wconf 89' lang='lat' dir='ltr'>Spiritu</span> <span class='ocrx_word' id='word_1_230' title='bbox 1314 2480 1606 2559; x_wconf 76' lang='lat' dir='ltr'>afflatuS,</span> <span class='ocrx_word' id='word_1_231' title='bbox 1669 2495 1744 2550; x_wconf 92' lang='lat' dir='ltr'>ut</span> <span class='ocrx_word' id='word_1_232' title='bbox 1805 2481 1921 2567; x_wconf 86' lang='lat' dir='ltr'>qui</span> <span class='ocrx_word' id='word_1_233' title='bbox 1974 2481 2232 2550; x_wconf 87' lang='lat' dir='ltr'>donum</span> <span class='ocrx_word' id='word_1_234' title='bbox 2308 2482 2706 2571; x_wconf 86' lang='lat' dir='ltr'>prophetiae</span> <span class='ocrx_word' id='word_1_235' title='bbox 2804 2538 2810 2544; x_wconf 84' lang='lat'>.</span> 
     </span>
     <span class='ocr_line' id='line_1_26' title="bbox 149 2569 2700 2661; baseline -0 -21"><span class='ocrx_word' id='word_1_236' title='bbox 149 2570 484 2661; x_wconf 89' lang='lat' dir='ltr'>accepisti</span> <span class='ocrx_word' id='word_1_237' title='bbox 521 2571 585 2638; x_wconf 88' lang='lat' dir='ltr'>in</span> <span class='ocrx_word' id='word_1_238' title='bbox 642 2584 853 2639; x_wconf 88' lang='lat' dir='ltr'>utero.</span> <span class='ocrx_word' id='word_1_239' title='bbox 912 2571 1174 2651; x_wconf 73' lang='lat' dir='ltr'>Saliens</span> <span class='ocrx_word' id='word_1_240' title='bbox 1217 2571 1283 2638; x_wconf 87' lang='lat' dir='ltr'>in</span> <span class='ocrx_word' id='word_1_241' title='bbox 1321 2583 1572 2647; x_wconf 82' lang='lat' dir='ltr'>ventre,</span> <span class='ocrx_word' id='word_1_242' title='bbox 1629 2592 1706 2637; x_wconf 87' lang='lat' dir='ltr'>ea</span> <span class='ocrx_word' id='word_1_243' title='bbox 1746 2569 2025 2639; x_wconf 89' lang='lat' dir='ltr'>dicebas</span> <span class='ocrx_word' id='word_1_244' title='bbox 2055 2592 2231 2655; x_wconf 86' lang='lat' dir='ltr'>quae</span> <span class='ocrx_word' id='word_1_245' title='bbox 2265 2572 2502 2659; x_wconf 84' lang='lat' dir='ltr'>Moysi,</span> <span class='ocrx_word' id='word_1_246' title='bbox 2539 2593 2700 2639; x_wconf 92' lang='lat' dir='ltr'>cum</span> 
     </span>
     <span class='ocr_line' id='line_1_27' title="bbox 151 2654 2702 2749; baseline -0.001 -18"><span class='ocrx_word' id='word_1_247' title='bbox 151 2661 659 2737; x_wconf 88' lang='lat' dir='ltr'>consenuisset,</span> <span class='ocrx_word' id='word_1_248' title='bbox 724 2665 898 2728; x_wconf 84' lang='lat' dir='ltr'>Deus</span> <span class='ocrx_word' id='word_1_249' title='bbox 948 2654 1385 2747; x_wconf 62' lang='lat' dir='ltr'>significavit.</span> <span class='ocrx_word' id='word_1_250' title='bbox 1454 2668 1599 2741; x_wconf 78' lang='lat' dir='ltr'>Qua</span> <span class='ocrx_word' id='word_1_251' title='bbox 1656 2659 1740 2725; x_wconf 89' lang='lat' dir='ltr'>de</span> <span class='ocrx_word' id='word_1_252' title='bbox 1790 2682 1993 2727; x_wconf 87' lang='lat' dir='ltr'>causa</span> <span class='ocrx_word' id='word_1_253' title='bbox 2050 2671 2108 2727; x_wconf 91' lang='lat' dir='ltr'>te</span> <span class='ocrx_word' id='word_1_254' title='bbox 2161 2660 2485 2747; x_wconf 88' lang='lat' dir='ltr'>majorem</span> <span class='ocrx_word' id='word_1_255' title='bbox 2546 2680 2702 2749; x_wconf 88' lang='lat' dir='ltr'>pro—</span> 
     </span>
     <span class='ocr_line' id='line_1_28' title="bbox 155 2747 2705 2839; baseline -0.001 -21"><span class='ocrx_word' id='word_1_256' title='bbox 155 2749 384 2839; x_wconf 91' lang='lat' dir='ltr'>phetis</span> <span class='ocrx_word' id='word_1_257' title='bbox 423 2749 679 2816; x_wconf 89' lang='lat' dir='ltr'>vocavit</span> <span class='ocrx_word' id='word_1_258' title='bbox 726 2770 1025 2837; x_wconf 91' lang='lat' dir='ltr'>sponsus</span> <span class='ocrx_word' id='word_1_259' title='bbox 1075 2747 1435 2817; x_wconf 87' lang='lat' dir='ltr'>Ecclesiae.</span> <span class='ocrx_word' id='word_1_260' title='bbox 1471 2748 1636 2829; x_wconf 79' lang='lat' dir='ltr'>Quis</span> <span class='ocrx_word' id='word_1_261' title='bbox 1667 2748 1852 2815; x_wconf 90' lang='lat' dir='ltr'>enim</span> <span class='ocrx_word' id='word_1_262' title='bbox 1888 2769 1966 2815; x_wconf 85' lang='lat' dir='ltr'>ex</span> <span class='ocrx_word' id='word_1_263' title='bbox 2022 2747 2370 2836; x_wconf 87' lang='lat' dir='ltr'>prophetis</span> <span class='ocrx_word' id='word_1_264' title='bbox 2405 2771 2483 2817; x_wconf 86' lang='lat' dir='ltr'>ex</span> <span class='ocrx_word' id='word_1_265' title='bbox 2511 2762 2705 2819; x_wconf 88' lang='lat' dir='ltr'>utero</span> 
     </span>
     <span class='ocr_line' id='line_1_29' title="bbox 152 2836 2700 2927; baseline -0.001 -19"><span class='ocrx_word' id='word_1_266' title='bbox 152 2838 402 2907; x_wconf 87' lang='lat' dir='ltr'>matris</span> <span class='ocrx_word' id='word_1_267' title='bbox 455 2837 754 2905; x_wconf 88' lang='lat' dir='ltr'>narravit</span> <span class='ocrx_word' id='word_1_268' title='bbox 794 2837 1247 2925; x_wconf 66' lang='lat' dir='ltr'>mysterium?</span> <span class='ocrx_word' id='word_1_269' title='bbox 1286 2837 1452 2917; x_wconf 85' lang='lat' dir='ltr'>Quis</span> <span class='ocrx_word' id='word_1_270' title='bbox 1499 2836 1834 2923; x_wconf 80' lang='lat' dir='ltr'>exjustis,</span> <span class='ocrx_word' id='word_1_271' title='bbox 1869 2836 1935 2903; x_wconf 90' lang='lat' dir='ltr'>in</span> <span class='ocrx_word' id='word_1_272' title='bbox 1990 2837 2139 2924; x_wconf 92' lang='lat' dir='ltr'>ipso</span> <span class='ocrx_word' id='word_1_273' title='bbox 2169 2848 2323 2904; x_wconf 87' lang='lat' dir='ltr'>ortu</span> <span class='ocrx_word' id='word_1_274' title='bbox 2375 2838 2548 2927; x_wconf 86' lang='lat' dir='ltr'>patri</span> <span class='ocrx_word' id='word_1_275' title='bbox 2585 2859 2700 2905; x_wconf 93' lang='lat' dir='ltr'>vo-</span> 
     </span>
     <span class='ocr_line' id='line_1_30' title="bbox 155 2924 2701 3014; baseline -0.001 -18"><span class='ocrx_word' id='word_1_276' title='bbox 155 2949 306 2996; x_wconf 89' lang='lat' dir='ltr'>cem</span> <span class='ocrx_word' id='word_1_277' title='bbox 346 2924 576 2994; x_wconf 88' lang='lat' dir='ltr'>attulit</span> <span class='ocrx_word' id='word_1_278' title='bbox 626 2925 1082 3014; x_wconf 78' lang='lat' dir='ltr'>hospitalem?</span> <span class='ocrx_word' id='word_1_279' title='bbox 1131 2931 1230 2993; x_wconf 88' lang='lat' dir='ltr'>Tu</span> <span class='ocrx_word' id='word_1_280' title='bbox 1278 2937 1504 2993; x_wconf 88' lang='lat' dir='ltr'>autem</span> <span class='ocrx_word' id='word_1_281' title='bbox 1559 2925 1767 2993; x_wconf 89' lang='lat' dir='ltr'>simul</span> <span class='ocrx_word' id='word_1_282' title='bbox 1803 2945 1958 2992; x_wconf 90' lang='lat' dir='ltr'>eum</span> <span class='ocrx_word' id='word_1_283' title='bbox 2010 2925 2130 3011; x_wconf 90' lang='lat' dir='ltr'>qui</span> <span class='ocrx_word' id='word_1_284' title='bbox 2185 2939 2244 2993; x_wconf 92' lang='lat' dir='ltr'>te</span> <span class='ocrx_word' id='word_1_285' title='bbox 2279 2939 2701 3014; x_wconf 85' lang='lat' dir='ltr'>genuerat,a</span> 
     </span>
     <span class='ocr_line' id='line_1_31' title="bbox 157 3012 2694 3103; baseline 0 -22"><span class='ocrx_word' id='word_1_286' title='bbox 157 3015 345 3085; x_wconf 86' lang='lat' dir='ltr'>vocis</span> <span class='ocrx_word' id='word_1_287' title='bbox 401 3014 779 3103; x_wconf 87' lang='lat' dir='ltr'>privatione</span> <span class='ocrx_word' id='word_1_288' title='bbox 816 3014 1141 3099; x_wconf 87' lang='lat' dir='ltr'>liberasti,</span> <span class='ocrx_word' id='word_1_289' title='bbox 1196 3026 1259 3081; x_wconf 92' lang='lat' dir='ltr'>et</span> <span class='ocrx_word' id='word_1_290' title='bbox 1309 3014 1634 3102; x_wconf 83' lang='lat' dir='ltr'>dignatus</span> <span class='ocrx_word' id='word_1_291' title='bbox 1665 3012 1854 3081; x_wconf 87' lang='lat' dir='ltr'>fuisti</span> <span class='ocrx_word' id='word_1_292' title='bbox 1909 3013 2285 3103; x_wconf 76' lang='lat' dir='ltr'>prophetia.</span> <span class='ocrx_word' id='word_1_293' title='bbox 2335 3016 2462 3095; x_wconf 80' lang='lat' dir='ltr'>Qui</span> <span class='ocrx_word' id='word_1_294' title='bbox 2510 3014 2694 3083; x_wconf 89' lang='lat' dir='ltr'>enim</span> 
     </span>
     <span class='ocr_line' id='line_1_32' title="bbox 145 3100 2699 3194; baseline -0.001 -21"><span class='ocrx_word' id='word_1_295' title='bbox 145 3118 293 3173; x_wconf 87' lang='lat' dir='ltr'>erat</span> <span class='ocrx_word' id='word_1_296' title='bbox 331 3102 545 3194; x_wconf 89' lang='lat' dir='ltr'>paulo</span> <span class='ocrx_word' id='word_1_297' title='bbox 595 3114 751 3171; x_wconf 89' lang='lat' dir='ltr'>ante</span> <span class='ocrx_word' id='word_1_298' title='bbox 786 3115 1042 3178; x_wconf 85' lang='lat' dir='ltr'>mutus,</span> <span class='ocrx_word' id='word_1_299' title='bbox 1083 3102 1345 3191; x_wconf 87' lang='lat' dir='ltr'>Spiritu</span> <span class='ocrx_word' id='word_1_300' title='bbox 1376 3108 1620 3170; x_wconf 82' lang='lat' dir='ltr'>Sancto</span> <span class='ocrx_word' id='word_1_301' title='bbox 1656 3100 1982 3190; x_wconf 89' lang='lat' dir='ltr'>impletus</span> <span class='ocrx_word' id='word_1_302' title='bbox 2014 3102 2213 3172; x_wconf 90' lang='lat' dir='ltr'>nobis</span> <span class='ocrx_word' id='word_1_303' title='bbox 2260 3104 2509 3172; x_wconf 89' lang='lat' dir='ltr'>cecinit</span> <span class='ocrx_word' id='word_1_304' title='bbox 2535 3126 2699 3171; x_wconf 87' lang='lat' dir='ltr'>can-</span> 
     </span>
     <span class='ocr_line' id='line_1_33' title="bbox 150 3190 2703 3281; baseline -0.001 -19"><span class='ocrx_word' id='word_1_305' title='bbox 150 3194 412 3262; x_wconf 90' lang='lat' dir='ltr'>ticum:</span> <span class='ocrx_word' id='word_1_306' title='bbox 474 3191 654 3277; x_wconf 86' lang='lat' dir='ltr'>quod</span> <span class='ocrx_word' id='word_1_307' title='bbox 716 3191 1078 3280; x_wconf 84' lang='lat' dir='ltr'>paululum</span> <span class='ocrx_word' id='word_1_308' title='bbox 1149 3204 1487 3259; x_wconf 87' lang='lat' dir='ltr'>mutatum</span> <span class='ocrx_word' id='word_1_309' title='bbox 1553 3213 1676 3279; x_wconf 81' lang='lat' dir='ltr'>ego</span> <span class='ocrx_word' id='word_1_310' title='bbox 1726 3203 2113 3281; x_wconf 88' lang='lat' dir='ltr'>opportune</span> <span class='ocrx_word' id='word_1_311' title='bbox 2162 3190 2524 3261; x_wconf 86' lang='lat' dir='ltr'>inchoabo.</span> <span class='ocrx_word' id='word_1_312' title='bbox 2582 3191 2703 3260; x_wconf 91' lang='lat' dir='ltr'>Ille</span> 
     </span>
     <span class='ocr_line' id='line_1_34' title="bbox 147 3279 2695 3369; baseline -0 -19"><span class='ocrx_word' id='word_1_313' title='bbox 147 3285 341 3351; x_wconf 89' lang='lat' dir='ltr'>enim</span> <span class='ocrx_word' id='word_1_314' title='bbox 394 3279 585 3358; x_wconf 89' lang='lat' dir='ltr'>dicit,</span> <span class='ocrx_word' id='word_1_315' title='bbox 641 3279 1044 3348; x_wconf 86' lang='lat' dir='ltr'>Benedictus</span> <span class='ocrx_word' id='word_1_316' title='bbox 1105 3281 1435 3348; x_wconf 90' lang='lat' dir='ltr'>Dominus</span> <span class='ocrx_word' id='word_1_317' title='bbox 1502 3284 1678 3347; x_wconf 89' lang='lat' dir='ltr'>Deus</span> <span class='ocrx_word' id='word_1_318' title='bbox 1739 3279 1991 3347; x_wconf 72' lang='lat' dir='ltr'>Israel:</span> <span class='ocrx_word' id='word_1_319' title='bbox 2042 3284 2176 3369; x_wconf 82' lang='lat' dir='ltr'>Ego</span> <span class='ocrx_word' id='word_1_320' title='bbox 2238 3292 2466 3349; x_wconf 88' lang='lat' dir='ltr'>autem</span> <span class='ocrx_word' id='word_1_321' title='bbox 2518 3280 2695 3360; x_wconf 70' lang='lat' dir='ltr'>dim,</span> 
     </span>
     <span class='ocr_line' id='line_1_35' title="bbox 150 3366 2697 3457; baseline -0.001 -18"><span class='ocrx_word' id='word_1_322' title='bbox 150 3370 567 3439; x_wconf 83' lang='lat' dir='ltr'>Benedictus</span> <span class='ocrx_word' id='word_1_323' title='bbox 613 3374 786 3437; x_wconf 88' lang='lat' dir='ltr'>Deus</span> <span class='ocrx_word' id='word_1_324' title='bbox 835 3368 1417 3437; x_wconf 80' lang='lat' dir='ltr'>Christianorum:</span> <span class='ocrx_word' id='word_1_325' title='bbox 1464 3368 1604 3457; x_wconf 90' lang='lat' dir='ltr'>Ipsi</span> <span class='ocrx_word' id='word_1_326' title='bbox 1637 3366 1854 3456; x_wconf 82' lang='lat' dir='ltr'>gloria</span> <span class='ocrx_word' id='word_1_327' title='bbox 1889 3369 1955 3434; x_wconf 90' lang='lat' dir='ltr'>in</span> <span class='ocrx_word' id='word_1_328' title='bbox 2000 3368 2232 3436; x_wconf 84' lang='lat' dir='ltr'>secula</span> <span class='ocrx_word' id='word_1_329' title='bbox 2280 3368 2697 3449; x_wconf 90' lang='lat' dir='ltr'>seculorum,</span> 
     </span>
    </p>
   </div>
   <div class='ocr_carea' id='block_1_3' title="bbox 146 3465 388 3529">
    <p class='ocr_par' dir='ltr' id='par_1_4' title="bbox 146 3465 388 3529">
     <span class='ocr_line' id='line_1_36' title="bbox 146 3465 388 3529; baseline -0.004 -1"><span class='ocrx_word' id='word_1_330' title='bbox 146 3465 388 3529; x_wconf 78' lang='lat' dir='ltr'>Amen.</span> 
     </span>
    </p>
   </div>
   <div class='ocr_carea' id='block_1_4' title="bbox 618 3582 659 3606">
    <p class='ocr_par' dir='ltr' id='par_1_5' title="bbox 618 3582 659 3606">
     <span class='ocr_line' id='line_1_37' title="bbox 618 3582 659 3606; baseline 0 0"><span class='ocrx_word' id='word_1_331' title='bbox 618 3582 659 3606; x_wconf 59' lang='lat' dir='ltr'>Q</span> 
     </span>
    </p>
   </div>
   <div class='ocr_carea' id='block_1_5' title="bbox 644 3652 2219 3893">
    <p class='ocr_par' dir='ltr' id='par_1_6' title="bbox 644 3652 2219 3893">
     <span class='ocr_line' id='line_1_38' title="bbox 782 3652 2075 3731; baseline -0.002 -1"><span class='ocrx_word' id='word_1_332' title='bbox 782 3655 916 3731; x_wconf 83' lang='lat' dir='ltr'>DE</span> <span class='ocrx_word' id='word_1_333' title='bbox 974 3655 1049 3731; x_wconf 86' lang='lat' dir='ltr'>S.</span> <span class='ocrx_word' id='word_1_334' title='bbox 1115 3652 1517 3731; x_wconf 84' lang='lat' dir='ltr'><strong>JOANNE</strong></span> <span class='ocrx_word' id='word_1_335' title='bbox 1578 3654 2075 3729; x_wconf 84' lang='lat' dir='ltr'>BAPTISTA</span> 
     </span>
     <span class='ocr_line' id='line_1_39' title="bbox 644 3828 2219 3893; baseline -0.003 0"><span class='ocrx_word' id='word_1_336' title='bbox 644 3831 936 3893; x_wconf 68' lang='grc' dir='ltr'>ΒΕΑΤΙ</span> <span class='ocrx_word' id='word_1_337' title='bbox 1016 3829 1312 3892; x_wconf 82' lang='lat' dir='ltr'>PETRI</span> <span class='ocrx_word' id='word_1_338' title='bbox 1392 3829 1807 3891; x_wconf 63' lang='lat' dir='ltr'>ommni</span> <span class='ocrx_word' id='word_1_339' title='bbox 1889 3828 2219 3890; x_wconf 78' lang='lat' dir='ltr'>SERMO</span> 
     </span>
    </p>
   </div>
   <div class='ocr_carea' id='block_1_6' title="bbox 146 3966 2696 4143">
    <p class='ocr_par' dir='ltr' id='par_1_7' title="bbox 146 3966 2696 4143">
     <span class='ocr_line' id='line_1_40' title="bbox 146 3966 2696 4044; baseline -0.002 -7"><span class='ocrx_word' id='word_1_340' title='bbox 146 3992 275 4037; x_wconf 69' lang='grc' dir='ltr'>Αιιι</span> <span class='ocrx_word' id='word_1_341' title='bbox 316 3994 483 4041; x_wconf 64' lang='lat' dir='ltr'>Antis</span> <span class='ocrx_word' id='word_1_342' title='bbox 526 3991 694 4039; x_wconf 67' lang='lat' dir='ltr'>nunc</span> <span class='ocrx_word' id='word_1_343' title='bbox 744 3990 1075 4037; x_wconf 66' lang='lat' dir='ltr'>sannorum</span> <span class='ocrx_word' id='word_1_344' title='bbox 1124 3989 1460 4035; x_wconf 64' lang='lat' dir='ltr'>ramnum.</span> <span class='ocrx_word' id='word_1_345' title='bbox 1514 3988 1816 4036; x_wconf 67' lang='lat' dir='ltr'>ALOYSHJS</span> <span class='ocrx_word' id='word_1_346' title='bbox 1861 3972 2045 4034; x_wconf 86' lang='lat' dir='ltr'>Tomo</span> <span class='ocrx_word' id='word_1_347' title='bbox 2087 3975 2148 4044; x_wconf 85' lang='grc'>8,</span> <span class='ocrx_word' id='word_1_348' title='bbox 2206 3966 2285 4033; x_wconf 80' lang='lat' dir='ltr'>de</span> <span class='ocrx_word' id='word_1_349' title='bbox 2347 3967 2502 4035; x_wconf 83' lang='lat' dir='ltr'>Vitis</span> <span class='ocrx_word' id='word_1_350' title='bbox 2549 3969 2696 4042; x_wconf 79' lang='lat' dir='ltr'>SS.‚</span> 
     </span>
     <span class='ocr_line' id='line_1_41' title="bbox 611 4094 2243 4143; baseline -0.003 0"><span class='ocrx_word' id='word_1_351' title='bbox 611 4099 785 4143; x_wconf 69' lang='lat' dir='ltr'>parm</span> <span class='ocrx_word' id='word_1_352' title='bbox 854 4096 1118 4143; x_wconf 63' lang='lat' dir='ltr'>nauum</span> <span class='ocrx_word' id='word_1_353' title='bbox 1184 4096 1394 4142; x_wconf 67' lang='lat' dir='ltr'>noum</span> <span class='ocrx_word' id='word_1_354' title='bbox 1466 4096 1527 4141; x_wconf 78' lang='grc' dir='ltr'>Ει</span> <span class='ocrx_word' id='word_1_355' title='bbox 1597 4094 1952 4141; x_wconf 72' lang='lat' dir='ltr'>raAssmxuM</span> <span class='ocrx_word' id='word_1_356' title='bbox 2022 4094 2243 4139; x_wconf 60' lang='lat' dir='ltr'>naam.</span> 
     </span>
    </p>
   </div>
   <div class='ocr_carea' id='block_1_7' title="bbox 142 4250 2700 4518">
    <p class='ocr_par' dir='ltr' id='par_1_8' title="bbox 142 4250 2700 4518">
     <span class='ocr_line' id='line_1_42' title="bbox 234 4250 2700 4341; baseline -0.004 -15"><span class='ocrx_word' id='word_1_357' title='bbox 234 4258 272 4339; x_wconf 66' lang='grc' dir='ltr'>,ξ</span> <span class='ocrx_word' id='word_1_358' title='bbox 320 4261 400 4325; x_wconf 77' lang='grc'>1.</span> <span class='ocrx_word' id='word_1_359' title='bbox 455 4254 693 4334; x_wconf 89' lang='lat' dir='ltr'>Hodie,</span> <span class='ocrx_word' id='word_1_360' title='bbox 758 4253 1235 4334; x_wconf 87' lang='lat' dir='ltr'>dilectissimi,</span> <span class='ocrx_word' id='word_1_361' title='bbox 1290 4253 1438 4321; x_wconf 89' lang='lat' dir='ltr'>dies</span> <span class='ocrx_word' id='word_1_362' title='bbox 1512 4251 1740 4320; x_wconf 87' lang='lat' dir='ltr'>illuxit</span> <span class='ocrx_word' id='word_1_363' title='bbox 1789 4251 2111 4341; x_wconf 79' lang='lat' dir='ltr'>insigniS,</span> <span class='ocrx_word' id='word_1_364' title='bbox 2167 4263 2351 4320; x_wconf 84' lang='lat' dir='ltr'>tanto</span> <span class='ocrx_word' id='word_1_365' title='bbox 2413 4250 2700 4319; x_wconf 86' lang='lat' dir='ltr'>caeteris</span> 
     </span>
     <span class='ocr_line' id='line_1_43' title="bbox 142 4339 2694 4431; baseline -0.004 -19"><span class='ocrx_word' id='word_1_366' title='bbox 142 4345 401 4413; x_wconf 90' lang='lat' dir='ltr'>diebus</span> <span class='ocrx_word' id='word_1_367' title='bbox 462 4344 785 4421; x_wconf 87' lang='lat' dir='ltr'>sanctior,</span> <span class='ocrx_word' id='word_1_368' title='bbox 849 4356 1107 4431; x_wconf 87' lang='lat' dir='ltr'>quanto</span> <span class='ocrx_word' id='word_1_369' title='bbox 1174 4342 1584 4411; x_wconf 88' lang='lat' dir='ltr'>sanctiorem</span> <span class='ocrx_word' id='word_1_370' title='bbox 1638 4340 1988 4408; x_wconf 88' lang='lat' dir='ltr'>hominem</span> <span class='ocrx_word' id='word_1_371' title='bbox 2057 4339 2253 4410; x_wconf 89' lang='lat' dir='ltr'>terris</span> <span class='ocrx_word' id='word_1_372' title='bbox 2301 4339 2562 4408; x_wconf 81' lang='lat' dir='ltr'>effudit.</span> <span class='ocrx_word' id='word_1_373' title='bbox 2620 4342 2694 4405; x_wconf 91' lang='lat' dir='ltr'>In</span> 
     </span>
     <span class='ocr_line' id='line_1_44' title="bbox 144 4426 2697 4518; baseline -0.004 -15"><span class='ocrx_word' id='word_1_374' title='bbox 144 4435 276 4503; x_wconf 85' lang='lat' dir='ltr'>bac</span> <span class='ocrx_word' id='word_1_375' title='bbox 330 4431 679 4518; x_wconf 86' lang='lat' dir='ltr'>siquidem</span> <span class='ocrx_word' id='word_1_376' title='bbox 739 4433 852 4500; x_wconf 89' lang='lat' dir='ltr'>die</span> <span class='ocrx_word' id='word_1_377' title='bbox 904 4444 1104 4501; x_wconf 90' lang='lat' dir='ltr'>natus</span> <span class='ocrx_word' id='word_1_378' title='bbox 1174 4444 1275 4500; x_wconf 92' lang='lat' dir='ltr'>est</span> <span class='ocrx_word' id='word_1_379' title='bbox 1339 4429 1453 4499; x_wconf 89' lang='lat' dir='ltr'>ille</span> <span class='ocrx_word' id='word_1_380' title='bbox 1502 4442 1895 4501; x_wconf 80' lang='lat' dir='ltr'>sanctorum</span> <span class='ocrx_word' id='word_1_381' title='bbox 1953 4428 2301 4517; x_wconf 90' lang='lat' dir='ltr'>splendor,</span> <span class='ocrx_word' id='word_1_382' title='bbox 2349 4426 2697 4515; x_wconf 86' lang='lat' dir='ltr'>justorum</span> 
     </span>
    </p>
   </div>
  </div>
 </body>
</html>
