3357 4995
276 257 497 323 JUNII
549 256 632 320 ⁴6
1128 277 1208 322 nn
1254 275 1310 323 s.
1365 274 1693 323 mmmm:
1741 271 1998 321 vincum
2616 254 2746 326 433

282 359 694 450 deponens:
749 359 949 438 Satis,
981 359 1230 446 inquit,
1279 359 1404 428 tibi
1453 357 1776 439 sufficiet,
1826 357 1887 427 si
1934 356 2125 426 hunc
2172 356 2469 448 digitum
2518 370 2672 448 post
2717 358 2839 428 de-

244 467 563 519 cessum
616 468 845 517 meum
883 447 1191 519 obtinere
1225 447 1519 518 licuerit.
1559 453 1732 519 Tum
1783 468 1908 536 ego
1958 446 2201 536 maJori
2260 445 2518 516 fiducia
2567 447 2635 516 in
2686 468 2839 518 eam

286 537 641 607 invectus:
677 536 886 617 Nihil,
940 537 1010 605 in
1066 557 1252 618 uam,
1291 536 1471 606 mihi·
1505 536 1590 606 de
1633 550 1750 606 tuo
1799 556 2085 625 corpore
2131 534 2300 604 satis
2349 536 2498 617 erit,
2554 535 2689 605 nisi
2736 535 2840 606 vel

290 647 612 705 manum,
653 624 756 693 vel
786 647 867 702 ca
920 637 997 694 ut
1095 624 1361 706 abeam,
1416 625 1600 713 quod
1654 624 1828 694 mihi
1870 623 1957 695 sit
1985 623 2223 693 orbato
2257 636 2318 692 te
2350 623 2838 694 levamentum.

292 714 417 783 His
465 713 667 783 dictis
705 713 790 782 ad
840 736 879 782 a
912 715 1015 784 ios
1053 734 1408 784 sermones
1457 713 1973 785 descendimus:
2015 734 2139 782 nec
2190 724 2416 781 tamen
2467 714 2844 800 quicquam

294 802 413 871 illa
447 802 657 872 alicui
691 824 770 871 ea
804 801 888 872 de
933 825 1004 872 re
1051 802 1241 884 dixit,
1298 825 1423 872 nec
1471 803 1763 872 advertit
1800 801 2083 889 quidem
2126 814 2245 872 aut
2292 800 2589 893 alicujus
2647 802 2844 892 pensi

293 890 556 962 habuit.
610 895 975 977 Postquam
1035 904 1262 961 autem
1322 892 1443 961 illa
1496 891 1862 971 defuncta,
1909 903 1975 961 et
2020 912 2305 991 corpore
2353 890 2423 959 in
2480 889 2839 961 ecclesiam

291 979 666 1068 deportato,
726 993 997 1070 tempus
1045 992 1517 1071 opportunum
1568 1002 1640 1050 se
1689 979 1983 1060 obtulit,
2039 979 2261 1049 Gutdo
2318 979 2602 1067 quidam
2647 979 2841 1049 valde

291 1068 658 1159 religiosus
698 1069 977 1158 juvenis
1025 1082 1089 1138 et
1120 1068 1302 1140 alius
1333 1092 1711 1141 conversus
1760 1069 1991 1140 socius
2045 1069 2233 1158 ejuS‚
2272 1067 2567 1159 digitum
2610 1068 2834 1151 illum,

287 1179 493 1244 quem
537 1158 711 1226 mihi
753 1158 1115 1248 Lutgardis
1149 1159 1602 1229 suffecturum
1652 1158 1938 1240 dixerat,
1994 1168 2445 1247 amputarunt
2487 1169 2551 1227 et
2599 1158 2837 1227 dentes

289 1245 634 1316 sexdecim
684 1269 764 1315 ex
795 1247 948 1337 eJus
1004 1268 1120 1317 ore
1166 1259 1626 1317 extraxerunt.
1660 1251 1799 1338 Ego
1846 1268 2003 1316 vero
2051 1247 2324 1337 cognita
2372 1248 2521 1336 ejus
2573 1258 2785 1316 morte
2813 1301 2831 1329 ,

290 1357 450 1403 cum
489 1336 742 1425 pariter
790 1335 1188 1405 didicissem
1225 1358 1304 1405 ex
1350 1338 1503 1429 ejus
1552 1358 1766 1405 manu
1814 1336 2110 1427 digitum
2160 1336 2491 1417 excisum,
2550 1357 2671 1405 nec
2702 1336 2838 1404 sci-

291 1443 430 1493 rem
487 1437 736 1505 tamen,
775 1425 1098 1512 quisnam
1133 1436 1310 1495 esset
1342 1450 1355 1493 :
1408 1431 1561 1495 Jam
1600 1446 1810 1506 nunc,
1850 1425 2161 1513 inquam,
2196 1425 2557 1515 perspicue
2607 1423 2838 1494 licebit

258 1511 607 1604 intelligi,
663 1536 830 1583 num
882 1536 1035 1584 vere
1085 1514 1518 1604 prophetissa
1541 1513 1750 1584 fuerit
1788 1514 2150 1604 Lutgardis
2196 1535 2373 1600 quae
2415 1527 2572 1583 ante
2617 1534 2838 1582 annos

292 1600 635 1691 plurimos
672 1603 1132 1673 auricularem
1169 1602 1444 1678 dextrae
1478 1624 1732 1673 manus
1780 1625 1946 1672 suae
1979 1602 2274 1704 digitum
2307 1602 2477 1670 mihi
2526 1601 2841 1672 sufficere

295 1712 495 1779 posse
546 1692 903 1781 praedixit.
958 1696 1197 1779 Itaque
1236 1693 1388 1762 veni
1422 1692 1492 1761 in
1542 1692 1918 1779 Aquiriam,
1963 1705 2029 1760 et
2071 1689 2270 1760 illum
2309 1691 2326 1759 i
2384 1712 2577 1773 sum,
2631 1712 2838 1778 quem

296 1779 748 1868 praedixerat,
796 1780 1088 1871 digitum
1137 1783 1524 1871 praecisum
1575 1779 1905 1870 comperi,
1959 1780 2281 1866 sensique
2315 1714 2432 1849 iilo
2531 1779 2687 1850 lane
2731 1801 2841 1849 me

295 1881 691 1938 contentum
734 1868 899 1951 fore,
936 1870 995 1938 si
1034 1891 1192 1939 eum
1245 1870 1444 1940 liceat
1477 1870 1806 1939 obtinere.
1858 1868 2124 1938 Accessi
2173 1889 2334 1958 ergo
2383 1868 2476 1937 Ab
2528 1868 2833 1949 missam,

295 1968 361 2025 et
411 1962 533 2047 pro
602 1979 682 2026 ea
730 1979 802 2027 re
864 1980 1098 2048 preces
1147 1959 1499 2050 supplices
1546 1981 1709 2028 cum
1778 1956 2104 2046 lacrymis
2168 1956 2441 2038 obtuli,
2497 1957 2615 2028 sed
2676 1980 2838 2027 cum

300 2067 553 2145 magno
584 2046 819 2116 dolore
852 2069 1003 2116 meo
1037 2046 1253 2118 solam
1291 2047 1718 2119 Abbatissam
1756 2045 2244 2116 inexorabilem
2275 2045 2528 2113 inveni:
2583 2046 2727 2126 sed,
2765 2058 2841 2117 ut

298 2134 613 2217 arbitror,
662 2157 794 2205 non
831 2135 1090 2224 absque
1137 2159 1222 2206 su
1274 2137 1425 2206 erni
1462 2136 1977 2226 dispensatione
2026 2134 2325 2204 consilii.
2372 2134 2597 2203 Voluit
2653 2136 2840 2205 enim

298 2222 592 2310 probare
639 2225 1126 2315 Omnipotens,
1182 2159 1379 2295 iffum
1461 2248 1570 2294 me
1649 2225 2011 2314 Lutgardis
2063 2223 2358 2314 digitum
2411 2223 2835 2305 habiturum,

298 2332 503 2397 quem
537 2312 688 2402 ipsa
738 2313 1191 2404 promisisset,
1238 2313 1394 2383 licet
1440 2336 1597 2383 eum
1636 2314 1867 2382 nescia
1897 2312 2305 2402 simplicitas
2343 2312 2592 2401 petenti
2635 2333 2842 2401 nega-

300 2413 422 2469 ret.
478 2405 743 2471 Rursus
790 2414 1019 2471 autem
1054 2404 1123 2471 in
1158 2404 1506 2490 Aquiriam
1543 2403 1843 2471 venienti
1876 2400 2069 2480 mihi,
2102 2412 2165 2469 et
2194 2399 2634 2489 promittenti,
2675 2400 2842 2469 scri-

299 2501 583 2578 pturum
638 2513 743 2561 me
780 2491 930 2582 piae
980 2491 1341 2583 Lutgardis
1390 2492 1624 2572 vitam,
1659 2514 1819 2561 cum
1856 2489 2120 2581 ingenti
2153 2488 2380 2559 cordis
2413 2489 2546 2558 mei
2586 2488 2839 2578 gaudio

298 2577 632 2649 donatum
666 2593 768 2649 est
813 2581 1003 2649 omni
1052 2603 1220 2650 auro
1258 2595 1322 2650 et
1352 2593 1634 2671 argento
1683 2580 1982 2671 optatius
2032 2601 2313 2648 munus,

386 2670 422 2754 §
469 2673 613 2741 51.
665 2673 871 2738 Porro
902 2680 1131 2739 autem
1182 2692 1340 2739 cum
1393 2691 1669 2739 sacrum
1709 2668 2071 2757 Lutgardis
2106 2689 2359 2758 corpus
2402 2666 2840 2736 humandum

299 2754 529 2826 adhuc
578 2758 646 2826 in
690 2757 933 2827 feretro
953 2758 1234 2848 jaceret,
1264 2759 1572 2845 quaestio
1614 2758 1880 2837 incidit,
1917 2758 2041 2828 ubi
2083 2770 2220 2825 tam
2257 2756 2641 2846 praeclaras
2688 2755 2844 2826 reli-

300 2845 501 2931 quias
549 2847 754 2916 condi
802 2860 1161 2936 oporteret.
1218 2848 1509 2938 Contigit
1540 2860 1766 2916 autem
1826 2846 2061 2915 divina
2108 2845 2562 2926 ordinatione,
2608 2857 2683 2914 ut
2733 2866 2845 2913 ve-

303 2934 634 3004 nerabilis
681 2936 903 3007 Abbas
968 2935 1281 3005 Alnensis
1348 2936 1767 3017 monasterii,
1837 2957 1916 3004 ex
1983 2934 2235 3004 Ordine
2296 2934 2484 3002 illius
2535 2933 2850 3002 coenobii

302 3022 642 3105 Visitator,
700 3023 925 3094 triduo
958 3037 1115 3094 ante
1164 3024 1590 3115 sepulturam
1645 3024 2007 3114 Lutgardis
2037 3024 2396 3093 decessum
2433 3034 2839 3112 expectaret.

302 3115 370 3182 Is
417 3135 578 3214 ergo
619 3112 762 3182 illic
812 3126 957 3183 tum
1060 3135 1358 3195 raesens,
1394 3112 1587 3183 dixit:
1622 3114 1752 3183 Ubi
1785 3135 1940 3183 vero
1991 3111 2323 3181 tumulari
2371 3134 2522 3180 eam
2560 3133 2681 3200 par
2713 3122 2836 3192 est,

303 3200 440 3270 nisi
490 3225 558 3271 ιη
594 3202 908 3283 ecclesia,
962 3137 1083 3272 ubi
1136 3225 1257 3293 pro
1304 3202 1641 3293 dignitate
1688 3222 1927 3270 omnes
1975 3201 2059 3270 ad
2110 3223 2260 3269 eam
2296 3200 2486 3269 adire
2529 3201 2847 3290 possint?

304 3293 397 3357 Ea
446 3303 673 3360 autem
729 3291 1006 3360 Abbatis
1057 3314 1180 3361 vox
1234 3313 1652 3361 consensum
1704 3291 2013 3361 omnium
2057 3289 2377 3367 obtinuit,
2431 3301 2495 3357 et
2550 3288 2634 3357 ad
2685 3288 2847 3357 dex-

305 3389 488 3447 trum
542 3380 741 3449 Chori
791 3381 972 3450 latus
995 3381 1193 3471 juxta
1236 3384 1587 3470 parietem,
1633 3381 1757 3450 ubi
1813 3401 2008 3448 orare
2066 3390 2536 3456 consueverat,
2594 3376 2848 3447 celebri

198 3478 199 3485 ’
305 3477 371 3535 et
400 3467 732 3538 honorato
782 3468 930 3539 loco
972 3469 1251 3539 condita
1293 3482 1416 3540 est.
1472 3476 1678 3539 Porro
1725 3466 2137 3538 venerabilis
2192 3466 2450 3555 Sibylla
2498 3488 2538 3534 a
2593 3466 2842 3556 Gagis,

306 3555 434 3627 hoc
484 3558 546 3627 ei
594 3557 1039 3649 Epitaphium
1084 3558 1353 3648 posuit:

703 3703 1032 3780 Lutgardis
1074 3704 1254 3777 vixit,
1299 3705 1486 3765 vitam
1531 3704 1664 3764 sine
1707 3703 1974 3764 crimine
2025 3702 2240 3762 duxit:

785 3782 937 3844 Cum
984 3782 1227 3844 Christo
1269 3784 1461 3860 degit,
1507 3799 1692 3860 quam
1737 3783 1888 3860 lapis
1933 3782 2039 3842 iste
2082 3782 2256 3857 tegit.

704 3861 996 3925 Esuriens
1040 3863 1185 3925 haec
1226 3870 1287 3924 et
1328 3864 1543 3924 sitiens
1584 3861 1892 3933 coelestia,
1938 3861 2094 3922 luxit
2103 3905 2215 3921 .....

703 3942 861 4005 Haec
887 3943 1205 4021 speculum
1236 3943 1421 4015 vitae,
1454 3942 1564 4003 flos
1594 3941 1882 4014 claustri,
1915 3956 2156 4016 gemma
2184 3955 2493 4001 sororum:

702 4022 899 4084 Fulsit
942 4023 1005 4083 in
1052 4024 1163 4085 hac
1205 4023 1428 4101 pietaS,
1472 4022 1824 4100 compassi0‚
1869 4022 2061 4097 gloria
2108 4034 2374 4081 morum.

399 4170 435 4254 ἓ
480 4175 638 4244 5².
694 4174 930 4244 Statim
981 4187 1210 4244 autem
1247 4175 1333 4244 ab
1383 4174 1533 4264 ipsa
1561 4171 1918 4262 sepultura
1965 4169 2740 4263 apparuitElizabethae
2770 4169 2856 4238 de

314 4260 519 4326 Wans
590 4262 872 4332 moniali
920 4262 1308 4351 Aquiriensi
1365 4263 1431 4331 in
1506 4283 1758 4352 magna
1829 4261 2092 4352 gloria,
2149 4259 2658 4346 sciscitantique
2709 4257 2849 4339 illi,

313 4368 480 4416 num
518 4349 751 4436 aliquo
782 4352 1109 4443 temporis
1126 4353 1345 4442 spatio
1385 4351 1629 4422 suisset
1662 4352 1731 4420 in
1768 4349 1939 4420 locis
1977 4349 2421 4440 Purgatoriis‚
2477 4346 2850 4437 respondit:

474 4471 718 4527 surius
747 4504 763 4514 ·
800 4470 962 4532 Vitae
985 4471 1096 4533 SS.
1121 4503 1145 4515 -
1174 4470 1301 4532 Vol.
1334 4470 1433 4532 VI.
2627 4466 2703 4524 28
