3357 4995
196 340 416 407 JUNII
463 341 550 407 29
1062 358 1142 405 nn
1192 358 1248 405 s,
1301 354 1503 405 muno
1551 352 1869 403 APOSTOLO
2518 340 2633 405 65⁴

200 441 289 512 ad
339 464 412 513 se
450 441 776 522 traduxit,
832 440 1137 511 efficiens
1177 441 1367 511 illam
1412 439 1781 541 pulchram
1843 439 2327 530 captivitatem.
2383 444 2460 509 In
2511 441 2737 512 admi-

201 531 466 602 ratione
512 530 805 600 habetur
853 530 1088 611 David,
1125 530 1246 617 qui
1280 527 1545 600 Goliath
1581 550 1722 598 uno
1769 527 1915 598 solo
1953 527 2280 618 deprimit
2311 529 2563 618 lapide:
2615 528 2733 600 sed

205 621 267 691 si
313 621 472 707 quis
521 617 870 710 praeclara
918 618 1111 688 Pauli
1172 617 1351 688 facta
1402 616 1931 717 examinaverit,
1997 629 2063 686 et
2107 639 2266 687 cum
2316 616 2494 688 facto
2542 617 2736 688 illius

200 709 401 800 pueri
438 707 959 798 comparaverit,
1011 718 1350 794 quantum
1384 706 1663 776 interest
1714 715 1891 774 inter
1939 716 2277 795 pastorem
2328 718 2395 775 et
2433 710 2737 796 Impera-

200 809 440 879 torem,
479 808 665 866 tanta
712 808 815 865 est
861 796 1039 865 inter
1088 795 1273 865 hunc
1324 806 1389 865 et
1436 793 1633 863 illum
1686 793 2092 864 differentia.
2150 794 2276 864 Hic
2339 794 2526 864 enim
2597 816 2734 865 non

200 884 505 976 lapidem
527 885 796 974 jaciens
846 885 1209 973 prostravit
1262 882 1529 954 Goliath
1557 937 1572 963 ,
1625 882 1748 970 qui
1843 882 2177 1039 ercifitur
2223 883 2729 974 intelligentia:

204 974 327 1047 sed
371 973 594 1044 solum
632 973 944 1060 loquens,
999 970 1321 1063 perfregit
1347 973 1739 1042 universam
1823 970 1977 1041 iabo
2008 970 2031 1039 i
2062 983 2428 1041 catervam.
2481 977 2560 1041 Et
2591 987 2735 1042 tan-

199 1084 408 1151 quam
446 1062 552 1132 leo
615 1061 919 1152 rugiens,
972 1076 1038 1131 et
1088 1061 1441 1130 flammam
1503 1059 1742 1149 lingua
1779 1059 2119 1141 emittenS,
2193 1060 2292 1130 sic
2349 1060 2735 1130 invadendo

202 1151 704 1221 eratomnibus
745 1149 1218 1228 intolerabilis,
1281 1159 1346 1218 et
1395 1149 1461 1216 in
1514 1169 1788 1218 omnem
1838 1160 2101 1237 partem
2150 1148 2426 1220 assidue
2490 1149 2737 1219 transi-

203 1239 432 1310 liebat.
470 1239 562 1309 Ad
606 1239 730 1308 hos
763 1241 1106 1318 currebat,
1160 1237 1247 1307 ad
1296 1237 1452 1308 illos
1502 1236 1856 1306 veniebat:
1910 1236 1997 1306 ad
2048 1236 2173 1307 hos
2233 1237 2590 1319 transibat,
2644 1237 2726 1306 ad

207 1329 362 1398 illos
413 1326 779 1409 resiliebat,
825 1340 1021 1398 vento
1077 1326 1410 1396 invadens
1470 1324 1806 1405 celerius,
1860 1336 1927 1395 et
1975 1325 2257 1414 perinde
2302 1347 2382 1396 ac
2443 1327 2727 1396 domum

202 1438 444 1498 unam,
498 1428 615 1485 aut
665 1416 1018 1505 navigium
1066 1436 1309 1493 unum,
1393 1415 1743 1484 ubernans
1772 1413 2173 1484 universum
2214 1415 2449 1485 orbem
2483 1428 2720 1484 terrae:

202 1520 267 1576 et
313 1528 429 1575 eos
460 1504 769 1592 quidem,
810 1504 929 1591 qui
979 1506 1344 1595 submerge
1397 1515 1624 1581 antur,
1662 1523 1941 1572 sursum
1974 1503 2347 1574 attrahens:
2399 1525 2516 1573 eos
2549 1525 2728 1583 vere,

204 1595 324 1682 qui
372 1592 784 1683 caligabant,
837 1593 1281 1673 confirmans,
1338 1605 1581 1662 nautas
1635 1588 2036 1671 adhortans,
2072 1591 2454 1662 cervicibus
2501 1593 2735 1662 immi-

211 1705 405 1763 nens,
441 1704 716 1773 proram
758 1680 1350 1771 circumspiciens,
1418 1679 1617 1749 funes
1684 1678 1993 1760 tendens,
2063 1701 2331 1750 remum
2385 1694 2683 1751 tractans
2716 1736 2731 1760 ,

209 1772 436 1842 velum
491 1770 791 1850 trahens,
835 1769 1103 1840 coelum
1153 1770 1561 1859 suspiciens.

296 1863 331 1947 ἕ
378 1863 472 1930 9.
527 1864 681 1949 Ipse
714 1857 1008 1946 denique
1054 1872 1197 1928 erat
1242 1858 1497 1939 omnia,
1533 1869 1598 1926 et
1637 1867 1870 1938 nauta,
1907 1867 1973 1923 et
2019 1855 2458 1946 gubernator,
2511 1869 2574 1928 et
2617 1857 2735 1945 qui

208 1970 482 2039 proram
517 1948 711 2048 regit,
749 1960 815 2018 et
839 1947 1092 2027 velum,
1150 1959 1215 2015 et
1257 1946 1634 2036 navigium,
1691 1957 1757 2014 et
1802 1944 2037 2013 omnia
2091 1947 2378 2035 patiens,
2432 1960 2509 2016 ut
2557 1947 2735 2015 mala

205 2036 490 2108 solveret
537 2036 856 2106 aliorum.
912 2041 988 2105 Et
1018 2035 1363 2124 quomodo
1410 2033 1696 2121 quidam
1745 2031 2001 2102 athleta
2047 2033 2195 2124 ipse
2245 2034 2541 2114 luctans,
2580 2058 2738 2105 cur-

208 2146 391 2204 rens,
436 2125 689 2215 pugnis
721 2125 1076 2195 decertans
1114 2148 1126 2192 :
1180 2136 1298 2193 aut
1326 2124 1523 2193 miles
1574 2142 1809 2192 muros
1842 2142 2281 2211 oppugnans,
2321 2122 2549 2213 pedeS,
2590 2146 2735 2193 ma-

209 2235 342 2283 nus
375 2234 767 2294 conserenS,
803 2226 870 2284 et
917 2212 1143 2283 navali
1178 2234 1500 2303 pugnans
1531 2210 1929 2290 certamine,
1962 2209 2237 2280 nullum
2289 2233 2424 2281 non
2464 2234 2738 2302 pugnae

209 2323 431 2392 genus
462 2302 717 2383 obibat,
755 2314 819 2371 et
867 2303 1095 2392 ignem
1145 2301 1473 2391 spirabat,
1520 2319 1741 2385 neque
1771 2296 1960 2367 ullus
2008 2311 2269 2386 poterat
2298 2300 2383 2369 ad
2420 2321 2579 2370 eum
2626 2322 2737 2369 ac-

205 2389 467 2471 cedere,
502 2412 641 2461 uno
689 2412 973 2481 corpore
999 2402 1214 2460 totum
1264 2390 1495 2459 orbem
1534 2400 1751 2457 terrae
1780 2406 2157 2475 occupans,
2199 2401 2263 2457 et
2309 2410 2447 2457 una
2499 2389 2739 2479 lingua

211 2502 449 2550 omnes
495 2477 794 2550 fundens
841 2502 920 2549 ac
976 2477 1247 2570 fugans.
1311 2483 1450 2548 Non
1509 2477 1607 2547 sic
1667 2472 1921 2545 multae
1991 2475 2193 2546 tubae
2265 2477 2619 2548 irruebant
2667 2478 2735 2546 in

209 2567 471 2659 lapides
503 2568 699 2638 urbis
746 2568 1337 2648 Hierichontinae‚
1399 2580 1463 2636 et
1520 2587 1637 2636 eos
1705 2562 2109 2646 diruebant,
2161 2578 2239 2636 ut
2299 2587 2422 2636 vox
2487 2566 2736 2646 Pauli,

210 2679 387 2743 quae
449 2658 830 2738 resonabat,
887 2657 1080 2725 humi
1140 2655 1517 2725 diabolicas
1590 2653 1838 2742 dejecit
1892 2654 2345 2736 munitiones,
2398 2668 2465 2724 et
2516 2654 2599 2723 ad
2671 2675 2743 2723 se

210 2745 511 2815 traduxit
558 2745 1006 2816 adversarios.
1060 2748 1137 2813 Et
1190 2767 1308 2834 per
1353 2743 1718 2813 fenestram
1777 2740 2125 2814 demissus
2181 2741 2307 2813 suit
2354 2764 2390 2812 e
2442 2744 2737 2834 pariete,

209 2833 778 2991 uktsaanferiori
829 2834 975 2903 loco
1039 2854 1318 2904 sursum
1393 2831 1880 2901 transmitteret
1943 2850 2100 2912 eos,
2153 2832 2275 2919 qui
2332 2832 2528 2902 humi
2580 2844 2744 2901 sunt

209 2944 248 2991 a
325 2935 478 2992 ecti.

289 2943 332 3098 ’,ξ
379 3015 535 3084 ss).
589 3015 800 3098 Atque
847 3009 1097 3080 famem
1195 3009 1450 3091 uidem,
1494 3021 1560 3078 et
1600 3008 1819 3091 sitim,
1881 3026 1947 3082 et
1997 3009 2403 3089 nuditatem,
2455 3021 2520 3078 et
2570 3031 2739 3079 nau-

209 3098 452 3190 fragia,
494 3112 559 3168 et
594 3110 839 3179 metus,
892 3111 957 3167 et
1007 3098 1138 3169 insi
1197 3099 1320 3178 ias,
1373 3109 1438 3167 et
1470 3119 1816 3177 carceres,
1872 3113 1937 3169 et
1978 3098 2087 3189 pla
2142 3121 2241 3178 as,
2295 3111 2362 3167 et
2415 3097 2551 3167 alia
2597 3120 2744 3166 om-

213 3189 354 3269 nia,
409 3209 585 3274 quae
624 3187 953 3258 sustinuit
999 3187 1239 3257 beatus
1286 3186 1540 3256 Paulus
1593 3200 1868 3276 propter
1917 3210 2076 3279 prae
2133 3186 2520 3266 icationem,
2575 3185 2746 3255 nihil

211 3276 509 3346 arbitror
554 3289 863 3366 oportere
911 3275 1161 3345 dicere.
1216 3275 1609 3345 Sufficiebat
1661 3275 1846 3344 enim
1912 3274 2459 3363 unumquodque
2511 3296 2746 3345 eorum

215 3364 299 3434 ad
335 3364 530 3433 valde
582 3364 1133 3435 conturbandam
1186 3377 1252 3434 et
1298 3363 1749 3454 frangendam
1802 3377 2110 3434 sanctam
2160 3363 2350 3433 illam
2407 3364 2743 3433 animam.

216 3453 508 3536 Quando
555 3466 785 3523 autem
848 3452 1050 3522 dicit:
1106 3453 1336 3536 «Quis
1402 3453 1843 3532 infirmatur,
1911 3467 1976 3523 et
2034 3474 2160 3542 ego
2199 3473 2337 3521 non
2379 3452 2750 3521 infirmor?

217 3542 383 3625 Quis
416 3541 946 3624 scandalizatur,
981 3554 1047 3610 et
1076 3564 1201 3632 ego
1244 3559 1377 3611 non
1411 3540 1835 3611 accendori»
1870 3543 1997 3612 hoc
2040 3553 2162 3622 est,
2215 3539 2400 3627 quod
2434 3541 2748 3611 omnium

221 3630 517 3700 maxime
567 3643 963 3720 perpetuam
994 3641 1058 3699 et
1110 3628 1603 3700 intolerabilem
1646 3630 1710 3699 ei
1758 3630 2129 3720 praebebat
2193 3629 2409 3698 animi
2451 3629 2752 3720 aegritu-

214 3717 472 3789 dinem.
529 3720 595 3789 Si
644 3718 929 3788 enimin
978 3740 1394 3807 unoquoque
1425 3739 1689 3798 eorum,
1720 3720 1841 3805 qui
1876 3717 2550 3799 scandalizabantur,
2606 3718 2754 3807 ipse

221 3808 748 3889 accendebatur,
796 3828 930 3877 non
985 3820 1245 3898 poterat
1308 3807 1512 3876 ardor
1566 3805 1682 3876 ille
1738 3807 2049 3908 extingui
2096 3828 2174 3876 ex
2234 3806 2423 3877 illius
2486 3806 2747 3875 anima.

220 3899 356 3964 Non
394 3896 678 3967 deerant
723 3896 933 3976 enim,
970 3897 1089 3983 qui
1123 3894 1792 3976 scandalizabantur,
1831 3909 1898 3965 et
1946 3895 2091 3986 igni
2141 3895 2559 3984 praebebant
2605 3916 2751 3963 rna-

221 3983 483 4052 teriam.
522 3985 760 4055 Videre
792 3997 1019 4054 autem
1048 3985 1095 4053 J
1101 3983 1356 4054 udaeos
1404 4005 1536 4054 non
1574 3984 1929 4054 credentes
1954 4040 1969 4065 ‚
2020 4005 2395 4071 quamnam
2447 4004 2610 4054 eum
2650 3980 2750 4051 vel

224 4092 499 4161 parvam
533 4074 799 4144 sinebat
846 4071 1097 4143 habere
1144 4073 1542 4143 dilationem
1591 4071 1853 4142 doloris
1881 4084 1947 4142 et
1993 4071 2498 4163 aegritudinis?
2545 4075 2753 4160 Opta-

221 4180 363 4228 rem
404 4161 612 4244 enim,
667 4162 915 4250 inquit,
951 4161 1316 4232 anathema
1360 4182 1511 4231 esse
1559 4184 1599 4230 a
1648 4161 1915 4232 Christo
1983 4182 2106 4252 pro
2168 4160 2500 4231 fratribus
2552 4159 2745 4239 meis,

219 4248 529 4334 cognatis
557 4251 728 4322 meis
757 4249 1138 4322 secundum
1169 4272 1473 4331 carnem,
1507 4249 1627 4337 qui
1650 4249 1932 4337 quidem
1963 4263 2125 4320 sunt
2151 4249 2523 4320 Israelitae.
2558 4247 2750 4330 Quod

220 4348 448 4437 autem
496 4335 685 4420 dicit,
736 4351 837 4410 est
889 4338 1272 4428 ejusmodi:
1328 4338 1491 4408 Mihi
1553 4352 1732 4409 esset
1800 4337 2175 4429 optabilius
2221 4338 2292 4407 in
2363 4336 2753 4429 gehennam

221 4424 547 4507 incidere,
600 4448 807 4515 quam
859 4427 1201 4499 Israelitas
1264 4427 1492 4497 videre
1546 4448 1682 4497 non
1735 4427 2115 4499 credentes.
2177 4426 2308 4509 Qui
2378 4438 2607 4496 autem
2682 4429 2750 4493 in
