3357 4995
196 349 406 416 JUNII
458 352 496 412 7
805 369 882 413 m:
930 368 984 413 s.
1041 367 1240 415 rauco
1289 368 1578 416 menter.
1633 368 2121 417 corisrffirmor.
2517 351 2638 415 497

281 456 315 540 ξ
361 457 444 525 8.
502 457 667 521 Cum
706 453 1080 522 triennium
1131 465 1358 524 autem
1461 456 1892 535 raeteriisset‚
1940 477 2183 523 rursus
2218 466 2730 543 congregantur

196 541 512 634 Episcopi
553 541 949 620 orientales,
1012 554 1076 610 et
1140 542 1347 611 aliam
1426 544 1605 615 idem
1656 556 2104 640 componunt,
2141 555 2206 611 et
2266 543 2588 611 emittunt
2638 541 2727 611 ad

193 654 302 703 eos
350 633 475 719 qui
526 644 686 701 sunt
729 632 796 698 in
842 630 1058 699 ltalia.
1101 632 1322 723 Hujus
1384 654 1538 702 vero
1595 632 1859 732 scripti,
1901 632 2085 700 fuere
2138 631 2461 710 ministri,
2500 630 2726 699 Eudo·-

191 723 342 791 xius
379 721 505 808 qui
557 732 909 808 tunc‘erat
951 720 1326 810 Episcopus
1375 721 1869 799 Germaniciae‚
1910 733 1975 788 et
2033 720 2424 809 MartyriuS,
2479 731 2542 787 et
2594 724 2729 787 Ma-

192 810 527 879 cedonius
580 810 1050 898 Mopsuestiae.
1093 812 1253 878 Erat
1300 823 1526 879 autem
1587 830 1825 879 eorum
1878 809 2035 877 fidei
2086 809 2418 898 expositio
2468 807 2728 893 alioqui

197 900 432 968 eadem
464 920 622 967 cum
666 920 745 966 ea
785 919 960 984 quae
1013 898 1203 985 prius
1236 897 1455 967 fuerat
1487 899 1831 989 exposita:
1869 898 1985 966 sed
2024 897 2271 966 alienis
2301 896 2725 984 quibusdam

200 988 261 1056 in
312 989 454 1056 fine
488 986 960 1056 additionibus
992 988 1483 1056 extendebatur
1519 987 1831 1083 ‘longius
1875 985 2282 1056 Pontificum
2333 999 2556 1054 autem
2610 983 2732 1071 qui

198 1090 333 1146 erat
389 1082 644 1144 Romae
692 1090 926 1143 coetus
990 1097 1137 1143 eam
1193 1077 1477 1144 minime
1526 1076 1830 1152 admisit,
1899 1076 2205 1144 dicentes
2255 1096 2325 1142 se
2375 1086 2731 1143 contentos

197 1188 336 1234 esse
387 1163 704 1252 symbolo
739 1165 921 1242 fidei,
957 1163 1135 1250 quod
1193 1165 1439 1233 Nicena
1491 1165 1974 1255 pronunciavit
2009 1164 2349 1252 Synodus.
2403 1169 2566 1231 Cum
2618 1184 2728 1232 es-

199 1266 342 1324 sent
391 1265 621 1322 autem
667 1256 894 1321 omnia
949 1254 1146 1342 plena
1202 1255 1505 1323 tumultu
1538 1267 1603 1322 et
1650 1254 2109 1333 contentione,
2157 1252 2485 1320 indicitur
2515 1256 2730 1320 Oecu—

201 1344 462 1410 menica
500 1343 815 1429 Synodus
855 1344 1186 1411 sententia
1220 1342 1516 1411 duorum
1551 1348 2075 1432 Imperatorum,
2135 1340 2501 1410 undecimo
2550 1361 2733 1408 anno

203 1444 352 1520 post
386 1430 745 1500 decessum
801 1432 895 1519 pii
951 1433 1385 1520 Imperatoris
1417 1432 1868 1508 Constantini,
1912 1452 2147 1499 eorum
2202 1430 2439 1520 patris.
2481 1434 2733 1497 Conve-

201 1532 449 1587 nerunt
504 1541 666 1608 ergo
724 1520 1073 1594 Sardicen,
1140 1520 1225 1586 ab
1281 1521 1640 1588 Occidente
1690 1521 1969 1606 quidem
2027 1519 2393 1609 plusquam
2449 1519 2733 1586 trecenti
2780 1525 2785 1531 '

204 1609 561 1696 Episcopi:
615 1631 694 1677 ex
743 1609 1013 1676 Oriente
1067 1621 1292 1676 autem
1349 1610 1477 1677 soli
1526 1609 1964 1699 septuaginta
2012 1630 2149 1677 sex.
2208 1608 2525 1708 Episcopi
2576 1628 2731 1674 vero

203 1697 499 1765 Orientis
561 1718 692 1764 non
759 1696 1208 1765 admittebant
1274 1697 1358 1764 ad
1420 1697 1841 1783 colloquium
1898 1697 2268 1786 Episcopos
2317 1695 2725 1764 Occidentis.

201 1790 413 1853 Causa
464 1798 687 1853 autem
750 1799 914 1862 erat,
968 1785 1150 1871 quod
1205 1786 1456 1856 Paulus
1505 1802 1568 1855 et
1615 1787 2029 1856 Athanasius
2090 1785 2382 1853 athletae
2433 1785 2725 1874 pietatis,

204 1897 358 1943 cum
410 1874 511 1942 eis
545 1873 1016 1942 considebant.

281 1965 320 2047 ,ξι
369 1967 464 2031 9.
522 1967 685 2031 Cum
732 1985 886 2030 vero
921 1985 1041 2030 nec
1072 1962 1462 2032 defensores
1507 1987 1699 2032 verae
1731 1964 2082 2053 religionis
2109 1965 2501 2030 amoverent
2530 1961 2735 2029 Atha-

204 2050 506 2128 nasium,
561 2073 683 2119 nec
723 2052 1044 2119 haeretici
1094 2052 1498 2120 desisterent
1545 2053 1630 2120 ab
1684 2052 2115 2130 inimicitiis,
2176 2072 2351 2137 quas
2406 2052 2734 2140 gerebant

203 2140 266 2207 in
321 2139 634 2218 athletaS,
674 2163 709 2207 a
743 2163 812 2208 se
847 2141 1138 2208 invicem
1190 2140 1637 2209 scinduntur:
1693 2154 1757 2209 et
1804 2161 1962 2209 cum
2014 2140 2369 2229 Philippos
2419 2160 2595 2224 quae
2635 2150 2738 2207 est

204 2227 632 2296 Macedoniae
679 2229 938 2307 civitas,
1004 2229 1344 2297 venissent
1392 2229 1791 2308 OrientaleS‚
1846 2242 2399 2328 congregantur:
2454 2239 2518 2294 et
2570 2239 2738 2296 tunc

202 2329 432 2416 aperte
459 2318 872 2386 anathemati
924 2317 1304 2404 subjiciunt
1356 2318 1819 2387 homousium.
1876 2323 2001 2400 Qui
2054 2331 2281 2386 autem
2333 2327 2528 2383 erant
2580 2321 2738 2384 Sar·

202 2406 417 2478 dicae.
459 2427 572 2474 eos
622 2407 935 2475 absentes
962 2403 1422 2474 condemnant
1470 2421 1533 2475 et
1583 2407 1935 2491 deponunt
1972 2419 2300 2490 tanquam
2342 2404 2735 2473 calumnia-

205 2507 424 2562 tores:
490 2517 662 2580 quae
716 2518 866 2563 vero
928 2495 1162 2563 Niceae
1212 2495 1614 2564 confirmata
1666 2493 1885 2564 fuerat
1921 2551 1935 2571 ,
2004 2495 2208 2562 fidem
2261 2493 2731 2562 corroborant.

203 2590 387 2665 Quae
429 2604 586 2651 cum
624 2584 1050 2673 cognovisset
1100 2589 1429 2654 Constans
1479 2590 1856 2673 Imperator
1905 2583 2312 2661 occidentis,
2352 2604 2470 2671 per
2508 2582 2739 2652 literas

202 2674 397 2740 docet
431 2672 704 2739 fratrem
759 2673 1253 2751 Constantium,
1296 2687 1360 2741 et
1408 2672 1648 2741 suadet
1698 2686 1772 2740 ut
1812 2675 1897 2739 sit
1944 2671 2247 2739 clemens
2296 2685 2359 2738 et
2392 2671 2737 2758 benignus

207 2761 270 2827 in
313 2760 606 2828 Paulum
642 2774 702 2829 et
754 2761 1239 2829 Athanasium:
1295 2774 1358 2829 et
1410 2783 1491 2828 ne
1528 2763 1614 2829 sit
1646 2762 1745 2829 eis
1778 2759 2296 2850 impedimentO,
2337 2779 2472 2844 quo
2505 2760 2738 2826 minus
2779 2776 2788 2785 ·

207 2849 350 2919 suis
400 2849 684 2919 sedibus
733 2852 1217 2918 restituantur:
1274 2849 1604 2938 adjiciens
1653 2849 1835 2935 quod
1899 2849 2031 2916 nisi
2084 2848 2315 2916 volens
2354 2847 2603 2916 faveret
2655 2848 2740 2915 iis

207 2939 320 3022 qui
363 2938 524 3026 jure
571 2939 910 3016 nituntur,
959 2939 1104 3027 ipse
1156 2939 1394 3018 veniet,
1430 2950 1494 3005 et
1541 2960 1617 3005 eo
1651 2938 1860 3005 invito
1902 2939 2021 3025 jus
2074 2937 2309 3006 reddet
2347 2937 2429 3005 iis
2478 2936 2598 3022 qui
2635 2935 2737 3003 af-

209 3026 540 3096 ficiuntur
595 3027 869 3115 injuria.
929 3027 1177 3096 Fratris
1226 3027 1453 3113 itaque
1496 3028 1718 3096 minas
1774 3026 2223 3094 extimescens
2273 3026 2733 3104 ConstantiuS,

207 3127 519 3182 sanctum
573 3115 851 3201 quidem
902 3115 1190 3184 Paulum
1243 3137 1380 3199 non
1422 3116 1775 3204 prohibuit
1810 3115 2072 3184 restitui
2107 3135 2230 3182 suo
2266 3115 2732 3204 Episcopatui:

205 3204 351 3301 ejus
401 3217 627 3272 autem
679 3204 1075 3273 certaminis
1123 3204 1382 3272 socium
1436 3204 1885 3273 Athanasium
1916 3204 2204 3272 diversis
2240 3203 2322 3271 ad
2356 3225 2427 3271 se
2454 3203 2741 3270 accersit

209 3290 459 3362 literis:
513 3306 575 3360 et
623 3315 780 3360 cum
849 3294 1163 3371 venisset,
1221 3292 1513 3383 benigne
1567 3294 1839 3382 accipit.
1887 3307 1951 3360 et
2000 3315 2163 3361 suae
2214 3291 2357 3360 sedi
2414 3291 2732 3360 restituit.

209 3380 314 3448 Sic
362 3379 642 3466 quidem
697 3404 946 3449 magna
997 3382 1414 3470 perturbatio
1481 3382 1753 3450 redacta
1802 3380 1931 3449 fuit
1979 3382 2062 3449 ad
2119 3379 2682 3466 tranquillitatem
2719 3434 2734 3459 ,

205 3482 270 3536 et
317 3469 618 3537 Ecclesia
666 3491 801 3558 gau
823 3532 832 3535 -
855 3470 1008 3538 ebat
1043 3492 1112 3538 se
1163 3471 1413 3538 habere
1463 3469 1854 3541 defensores
1899 3470 2191 3558 pietatis.

290 3559 326 3642 ξ
371 3561 531 3629 10.
585 3563 750 3626 Cum
803 3572 1030 3626 autem
1084 3560 1515 3647 Magnentius
1567 3558 1928 3627 invasisset
1989 3557 2452 3647 tyrannidem,
2520 3569 2584 3625 et
2632 3557 2739 3624 in-

207 3646 584 3716 teremisset
646 3652 1076 3715 Constantem
1128 3652 1616 3737 Imperatorem
1655 3645 2067 3725 Occidentis,
2126 3668 2367 3715 rursus
2416 3646 2739 3714 Arrianae

204 3734 515 3801 insaniae
563 3734 862 3823 procella
894 3736 1081 3804 orbis
1133 3749 1466 3804 terrarum
1518 3735 1975 3804 conturbabat
2007 3734 2366 3804 ecclesias:
2407 3747 2470 3804 et
2497 3756 2741 3803 rursus

205 3822 484 3907 quidem
539 3823 714 3912 fugit
779 3824 1231 3892 Athanasius:
1283 3824 1434 3912 ejus
1483 3838 1710 3893 autem
1764 3823 1993 3893 sedem
2045 3824 2294 3913 arripit
2342 3823 2731 3913 Gregorius.

207 3924 270 3977 et
317 3910 660 4000 relegatur
708 3914 1054 3982 Cucusum
1105 3914 1462 3981 Armeniae
1514 3913 1764 3981 Paulus
1798 3913 2067 4002 pietatis
2117 3912 2452 3981 defensor.
2493 3916 2637 3993 Quo
2671 3912 2737 3978 in

211 3997 355 4067 loco
400 4021 518 4087 per
570 3999 888 4086 laqueum
940 4013 1471 4070 consummatur
1521 4002 1871 4090 martyrio,
1929 4001 2162 4091 impiis
2212 4013 2418 4070 noctu
2471 4002 2742 4069 irruen-

209 4086 418 4156 tibus.
467 4090 908 4157 Constantino
961 4090 1053 4157 oli
1104 4103 1328 4158 autem
1381 4090 1529 4181 ejus
1580 4090 1727 4159 loco
1788 4089 2249 4160 introducitur
2295 4090 2554 4179 impius
2604 4094 2743 4155 Ma-

208 4176 564 4256 cedoniuS,
605 4190 668 4245 et
700 4190 891 4246 extru
949 4191 1161 4247 untur
1206 4183 1516 4247 Pastores
1537 4201 1617 4246 ex
1652 4178 1808 4246 aliis
1850 4179 2207 4249 Ecclesiis:
2262 4200 2376 4248 eas
2408 4198 2564 4247 vero
2594 4199 2745 4245 rur-

213 4285 331 4334 sus
379 4264 715 4335 invadunt
765 4265 935 4356 lupi,
989 4278 1054 4335 et
1099 4267 1408 4356 gentium
1460 4268 1528 4335 in
1571 4267 1992 4337 Christianos
2042 4267 2515 4336 crudelitatem
2577 4287 2743 4334 con-

218 4353 427 4421 tendit
473 4353 846 4423 obscurare
887 4353 1156 4423 insania
1207 4355 1609 4433 Macedonii,
1647 4367 1712 4423 et
1751 4355 2116 4426 universus
2172 4355 2453 4443 quidem
2505 4354 2746 4425 Oriens

215 4441 415 4511 malis
441 4441 904 4533 affligebatur:
943 4445 1311 4533 praecipue
1342 4455 1568 4514 autem
1594 4436 2239 4533 Constantinopolis,
2264 4449 2410 4526 Quo
2438 4454 2743 4531 tempore
