3357 4995
177 325 353 396 tum
401 332 425 394 t
979 351 1059 398 na
1104 351 1161 398 s.
1215 349 1488 399 smsomz
1536 348 1842 400 uoNAcno
2516 334 2602 399 29
2671 314 2684 325 ⁵

180 447 442 504 moratus
474 446 580 503 est
621 434 1032 504 nobiscum:
1073 446 1138 504 et
1170 447 1246 505 ut
1277 436 1573 505 breviter
1637 434 2078 517 concludam,
2135 436 2451 524 quandiu
2502 436 2690 527 apud

178 542 274 591 nos
316 523 600 601 mansit,
654 523 1357 613 irreprehensibiliter
1405 524 1594 594 vixit.
2253 574 2268 590 .
2371 586 2385 601 ‚

239 612 425 696 §11
480 616 751 681 Interea
797 611 1125 683 dominus
1163 613 1600 704 Archiepisco
1656 635 1739 683 us
1800 616 2076 703 Popp0‚
2146 624 2422 682 sanctae
2470 613 2695 681 Trevi-

174 700 360 768 rensis
405 700 708 773 civitatis
742 712 1072 770 strenuus
1121 702 1456 790 provisor,
1504 724 1595 771 au
1651 702 1799 771 iens
1842 701 2252 790 Prophetam
2298 701 2683 772 dicentem:

164 791 227 856 Et
253 791 369 857 erit
402 792 794 880 sepulcrum
827 812 861 858 e
880 791 973 857 'us
1000 792 1400 880 qloriosum:
1429 792 1652 882 gratia
1683 790 2017 860 orationis
2048 789 2551 879 ,ierosolymam
2585 810 2697 857 ve-

164 876 265 956 nit,
300 877 630 964 huncque
662 812 1008 947 samnium
1042 878 1157 948 Dei
1191 878 1421 949 eundo
1457 890 1522 949 et
1561 877 1918 949 redeundo
1958 900 2194 948 secum
2229 878 2698 948 conviatorem

160 963 417 1036 habuit:
461 966 581 1036 cui
612 978 768 1056 post
801 965 1099 1043 aditum
1136 967 1206 1036 in
1248 989 1376 1037 suo
1406 968 1838 1059 episcopatu,
1876 967 1936 1036 si
1967 965 2189 1046 vellet,
2237 965 2567 1036 manendi
2600 965 2697 1035 fa-

154 1053 457 1123 cultatem
502 1053 847 1145 praebuit,
888 1066 951 1124 et
983 1054 1443 1126 libentissime
1471 1057 1832 1127 concessit.
1899 1060 1991 1124 Ex
2025 1054 2438 1125 revelatione
2477 1054 2704 1144 igitur

156 1143 254 1211 Dei
286 1155 739 1233 prospectans
769 1143 905 1214 sibi
938 1143 1167 1213 locum
1212 1142 1393 1214 idem
1430 1143 1739 1215 famulus
1770 1142 2044 1223 Christi,
2087 1143 2210 1213 ubi
2237 1143 2428 1214 solus
2464 1153 2703 1234 posset

152 1253 370 1300 vacare
417 1232 738 1313 orationi,
785 1231 855 1299 in
906 1232 1104 1311 turri,
1141 1254 1320 1320 quae
1354 1246 1557 1303 antea
1598 1233 1800 1324 nigra
1850 1246 2046 1323 porta
2097 1231 2495 1312 vocabatur,
2539 1252 2702 1319 par-

151 1319 371 1389 vulum
421 1321 788 1411 tugurium
836 1320 1134 1420 expetiit,
1178 1322 1301 1391 ubi
1367 1322 1696 1392 dominus
1748 1320 2068 1422 praesul,
2166 1335 2474 1390 raesente
2514 1319 2700 1389 clero
2743 1349 2750 1357 ·

149 1421 207 1476 et
243 1408 539 1499 populo,
584 1410 655 1478 in
719 1408 1078 1479 festivitate
1126 1410 1349 1479 sancti
1398 1410 1705 1480 Andreae
1745 1410 1946 1480 illum
1996 1410 2109 1479 inc
2143 1410 2326 1491 usit,
2372 1421 2437 1479 et
2501 1407 2702 1495 quasi

151 1509 489 1568 mortuum
541 1510 620 1569 ut
682 1518 834 1567 vere
894 1509 1040 1567 erat
1104 1498 1340 1569 seculo
1378 1553 1393 1579 ,
1456 1499 1896 1569 devotissime
1939 1497 2293 1601 [sepelivit.
2363 1496 2702 1569 Reclusus

149 1587 375 1674 igitur,
436 1599 512 1655 ut
573 1608 727 1656 vere
791 1585 1186 1665 credimuS,
1242 1589 1346 1655 vir
1412 1588 1528 1657 Dei
1591 1588 1865 1658 silentio
1912 1597 1980 1657 et
2029 1587 2319 1676 ‚jejuniis
2386 1599 2702 1656 attenua-

148 1676 232 1743 vit
258 1697 515 1765 corpus
556 1697 812 1745 suum:
873 1675 1197 1765 inprimis
1247 1675 1624 1762 aliquando
1684 1675 1830 1747 solo
1889 1697 2108 1766 pane,
2145 1674 2524 1762 aliquando
2582 1696 2704 1743 au-

149 1776 267 1832 tem
319 1763 760 1834 reficiebatur
808 1768 1011 1851 aqua,
1051 1762 1282 1835 infuso
1333 1765 1709 1856 legumine.
1752 1770 1828 1833 In
1880 1776 2114 1835 nostra
2153 1763 2436 1851 quidem
2488 1777 2690 1842 terra,

148 1865 421 1941 propter
470 1852 943 1922 infirmitatem
988 1853 1365 1934 stomachi,
1406 1875 1579 1924 usus
1629 1865 1733 1933 est
1783 1874 2057 1942 semper
2105 1852 2377 1922 modica
2430 1853 2704 1942 potione

147 1942 298 2010 vini.
339 1940 471 2011 Illo
509 1941 717 2010 etiam
754 1955 1060 2030 tempore
1099 1946 1229 2010 no‘n
1274 1941 1644 2012 defuerunt
1741 1963 1935 2012 raves
1987 1942 2342 2011 tentatoris
2375 1940 2697 2020 insidiae,

151 2030 253 2098 sed
288 2052 480 2108 eum,
524 2050 826 2116 eumque
858 2029 1271 2099 saevientem
1308 2031 1548 2100 multis
1578 1966 1830 2112 modis,
1865 2030 2176 2100 oratione
2203 2042 2268 2099 et
2302 2030 2501 2120 signo
2541 2050 2706 2099 cru-

146 2119 237 2188 cis
285 2118 685 2209 repellebat.
743 2118 868 2187 Sed
920 2140 1082 2188 cum
1131 2118 1465 2197 inimicus
1533 2119 1936 2189 nullatenus
1999 2140 2123 2209 per
2183 2139 2255 2190 se
2305 2139 2549 2187 nocere
2600 2116 2706 2186 illi

150 2221 391 2295 posset,
462 2206 757 2277 insidias
817 2205 1147 2277 adversus
1197 2208 1313 2275 Dei
1378 2207 1724 2278 famulum
1776 2228 1898 2297 per
1960 2230 2087 2278 sua
2136 2206 2451 2276 membra
2497 2206 2561 2275 ei
2612 2217 2707 2275 te-

152 2295 379 2366 tendit.
422 2300 513 2365 Ea
567 2305 991 2383 tempestate,
1054 2296 1492 2386 exigentibus
1546 2296 1844 2396 peccatis
1898 2295 2176 2374 nostris,
2233 2295 2449 2364 nimia
2489 2316 2707 2382 aqua:

84 2456 87 2467 ,
151 2406 301 2454 rum
346 2383 782 2475 abundantia
814 2385 1129 2454 excrevit.
1185 2385 1349 2473 EJus
1398 2384 1565 2453 mali
1613 2407 1827 2454 causa
1870 2384 2174 2454 Simeoni
2222 2384 2707 2473 imputabatur

154 2474 231 2542 ab
267 2474 624 2552 omnibus,
662 2472 1079 2552 dicentibus,
1120 2493 1295 2542 eum.
1329 2472 1723 2543 maleficum
1771 2494 1945 2545 esse:
1985 2494 2110 2562 pro
2143 2473 2296 2562 ejus
2327 2471 2707 2543 sceleribus

151 2561 323 2632 hanc
373 2562 637 2633 mundo
686 2560 955 2631 cladem
986 2561 1378 2643 iinminere,
1411 2574 1488 2632 ut
1521 2563 1909 2653 deponatur
1942 2584 1981 2630 a
2018 2561 2367 2653 pontifice,
2406 2560 2711 2650 populus

153 2651 572 2721 acclamabat
596 2650 928 2740 quotidie.
968 2655 1062 2719 Ex
1093 2651 1266 2721 urbe
1299 2651 1579 2720 tandem
1606 2672 1994 2721 concursus
2025 2650 2280 2740 agitur,
2314 2649 2577 2739 tugurii
2614 2647 2711 2715 fe-

158 2753 412 2810 nestras
442 2740 778 2819 obruunt,
815 2740 1202 2809 Simeonem
1258 2739 1569 2830 lapidare
1601 2738 2054 2810 contendunt.
2094 2737 2432 2818 VidimuS,
2471 2736 2706 2816 fateor,

154 2826 519 2898 fenestram
571 2826 887 2908 fractam,
924 2826 1041 2896 sed
1077 2826 1331 2897 athleta
1382 2828 1632 2897 Christi
1667 2828 1942 2897 Simeon
1987 2825 2324 2897 fundatus
2349 2847 2565 2916 supra
2599 2825 2716 2893 fir-

158 2937 332 2985 mam
382 2929 676 3007 petram,
734 2914 1114 2985 immobilis
1149 2916 1581 3006 persistebat,
1635 2929 1843 3004 atque
1891 2920 2025 2985 Deo
2074 2915 2335 3007 gratias
2383 2913 2704 2983 reddenS.

162 3025 275 3092 pro
323 3000 888 3095 persecutoribus
946 3027 1107 3074 cum
1205 3005 1417 3075 audio
1476 3004 1742 3074 orabat.
1797 3010 2102 3087 Quantas
2152 3014 2388 3095 postea
2417 3023 2706 3082 ·cruceS‚

159 3107 445 3178 quantas
483 3093 583 3162 ibi
640 3092 999 3183 pertulerit
1045 3115 1157 3162 mo
1188 3094 1419 3175 estias,
1459 3094 1618 3181 quis
1665 3093 1878 3184 digne
1916 3093 2239 3193 explicet?
2285 3091 2487 3161 Solus
2546 3091 2716 3160 haec

162 3182 340 3251 novit
378 3183 722 3253 scrutator
768 3181 1112 3262 cordium,
1164 3183 1292 3269 qui-
1337 3182 1441 3251 illi
1492 3182 1624 3253 fuit
1674 3183 1923 3263 vivere,
1964 3194 2147 3252 sicut
2188 3180 2365 3251 mori
2410 3180 2711 3250 lucrum.

322 3277 471 3344 ¹2.
535 3275 803 3340 Interea
854 3271 1223 3340 volvuntur
1271 3272 1480 3352 anni,
1533 3284 1599 3340 et
1657 3272 1760 3341 vir
1807 3272 1924 3340 Dei
1977 3270 2470 3341 resolutionem
2512 3289 2719 3359 prae-

164 3358 221 3426 vi
270 3371 336 3428 et
369 3360 704 3449 corporis.
741 3360 1045 3447 Denique
1091 3359 1459 3429 dom'num
1517 3360 1941 3450 Episcopum
1993 3369 2211 3450 rogat,
2258 3370 2336 3428 ut
2381 3378 2721 3447 expensas

163 3457 220 3513 et
263 3448 616 3536 operarios
678 3448 803 3535 qui
851 3448 986 3519 sibi
1035 3447 1217 3518 lectu
1339 3461 1802 3540 componant,
1857 3449 2131 3517 mittat:
2207 3447 2357 3537 ipse
2404 3445 2477 3515 in
2529 3454 2722 3536 parte

166 3534 264 3603 sui
306 3535 663 3606 diversorii
715 3536 961 3606 locum.
994 3537 1392 3626 sepulturae
1441 3550 1690 3626 parat:
1750 3537 1962 3617 haec,
2020 3535 2345 3624 inquiens
2378 3589 2393 3615 ,
2448 3534 2724 3633 requies

168 3644 309 3691 mea
371 3624 439 3693 in
508 3624 824 3695 seculum
892 3625 1154 3695 seculi:
1226 3625 1341 3693 hic
1413 3626 1786 3716 expectabo
1851 3624 2036 3696 diem
2098 3623 2399 3695 Domini.
2471 3628 2726 3693 Paucis

164 3713 594 3798 postmodum
658 3715 1024 3783 transactis
1090 3713 1389 3793 diebus,
1445 3715 1696 3805 {ipsum
1765 3736 1892 3804 ego
1951 3713 2249 3784 humilis
2317 3711 2460 3781 adii
2525 3732 2727 3781 voca-

169 3810 270 3868 tus
302 3855 318 3870 .
379 3814 443 3871 et
488 3799 611 3889 qui
662 3801 917 3891 pedum
965 3801 1160 3871 illius
1216 3803 1455 3872 osculo
1529 3825 1719 3873 eram
1778 3802 2157 3892 indignus,
2211 3802 2283 3871 in
2331 3800 2580 3871 cellam
2636 3799 2725 3870 ab

169 3906 237 3956 eo
269 3909 421 3959 sum
449 3890 916 3982 intromissus.
971 3895 1126 3961 Post
1174 3892 1584 3972 orationem,
1640 3892 2030 3982 amplexus,
2087 3889 2329 3961 oscula
2378 3901 2443 3960 et
2491 3888 2720 3968 fletuS,

170 3978 631 4048 consedimus..
662 3977 1077 4050 Referuntur
1124 3980 1194 4048 in
1255 3981 1455 4049 rimis
1495 3981 1720 4050 multa
1760 3981 1847 4050 de
1879 3979 2229 4050 thesauris
2279 3998 2521 4048 sacrae
2552 3976 2729 4046 scri-

216 4075 423 4147 turae,
458 4066 542 4135 de
575 4067 953 4138 orthodoxa
986 4068 1146 4149 fide,
1238 4091 1275 4137 e
1311 4069 1535 4140 salute
1576 4069 1877 4139 animae.
1926 4073 2083 4139 Post
2121 4068 2316 4138 haec:
2356 4064 2730 4137 Revelante

246 4240 259 4251 ·
305 4208 320 4234 ,
355 4155 602 4242 inquit,
654 4155 1181 4227 dissolutionem
1223 4157 1535 4247 corporis
1575 4158 1715 4228 mei
1756 4158 2002 4227 adesse
2055 4156 2374 4247 cognovi:
2410 4166 2563 4247 peto
2597 4154 2730 4223 hu-

170 4241 436 4323 militer,
483 4256 558 4313 ut
595 4244 724 4313 hoc
754 4245 1251 4336 corpusculum
1292 4268 1526 4316 meum
1558 4246 1669 4316 his
1704 4245 2012 4316 vestibus
2041 4265 2278 4326 exuaS,
2318 4245 2512 4324 istaS,
2553 4264 2729 4330 quas

179 4329 337 4401 mihi
393 4331 479 4400 ad
538 4331 667 4403 hoc
717 4334 972 4424 paravi,
1018 4333 1394 4405 ordinatim
1447 4334 1728 4416 induas,
1790 4347 1857 4404 et
1906 4334 1975 4403 in
2032 4332 2276 4403 locello
2317 4353 2722 4422 componas,

184 4415 293 4488 tui
336 4441 493 4489 cum
549 4421 1065 4511 obstupefactus
1115 4423 1656 4514 responderem:
1720 4422 1895 4506 Quid
1961 4422 2021 4492 si
2071 4422 2400 4493 dominus
2449 4418 2728 4489 Praesul
