3357 4995
235 322 275 387 J
287 322 458 389 Uml
512 323 592 386 ’16
959 341 1036 386 na
1084 342 1139 387 s,
1195 340 1482 390 nai-{Nona
1531 340 1827 388 msnanffl
1874 341 2073 389 masc.
2568 325 2693 390 377

328 421 367 506 ἓ
413 424 514 492 3.·
589 420 709 488 Vix
754 420 892 489 dici
925 434 1174 507 queat,
1227 433 1484 506 quanto
1532 420 1711 490 beati
1790 421 2000 510 hujus
2051 421 2178 490 viri
2244 423 2575 495 transitus
2623 445 2784 492 cum

237 509 497 577 civium
548 530 832 580 suorum
866 510 1208 588 omnium,
1245 523 1393 578 tum
1426 508 1567 577 divi
1608 510 1951 579 Bennonis
1980 511 2194 580 nostri
2242 511 2556 581 animum
2600 534 2787 581 moe-

238 618 394 667 rore
418 619 498 666 ac
528 596 719 667 luctu
751 597 1137 668 confecerit.
1176 603 1318 666 Non
1349 598 1514 684 quia
1547 597 1841 689 gloriam
1880 598 1978 668 illi
2021 599 2425 681 inviderent,
2457 600 2539 669 ad
2573 623 2783 688 quam

239 686 569 755 invitatus
618 685 921 755 abierat:
962 686 1075 757 sed
1108 688 1274 774 quia
1330 709 1493 786 prae
1528 688 1744 756 nimio
1792 687 2015 777 ipsius
2066 710 2323 770 amore,
2377 702 2498 758 aut
2548 689 2781 779 ipsum

239 774 472 844 adhuc
513 775 756 855 vivere,
795 787 914 844 aut
944 797 1103 844 cum
1154 797 1233 844 eo
1281 775 1463 844 diem
1519 776 1772 845 obiisse
1828 775 2110 845 mallent
2156 789 2563 847 extremum.
2617 783 2785 848 Cum

240 879 471 933 autem
511 865 823 953 Wigerus
854 864 1000 952 (cui
1052 864 1262 934 tutela
1297 866 1493 954 pueri
1540 865 1912 933 commissa
1943 864 2191 953 fuerat)
2216 867 2788 937 animadverteret

240 975 401 1022 eum
434 953 541 1021 ob‘
570 952 1021 1022 immodicum
1072 953 1288 1021 animi
1338 953 1669 1032 dolorem,
1704 975 1910 1039 quem
1961 953 2349 1040 frequentes
2398 955 2785 1045 prodebant

333 1042 546 1110 mitus
591 1064 671 1110 ac
721 1041 1106 1129 lacrymae,
1164 1041 1455 1111 nimium
1508 1043 1844 1111 macerari
1896 1054 1964 1111 et
2009 1042 2511 1122 contabescere,
2564 1045 2789 1134 coepit

293 1129 520 1198 landis
571 1132 796 1219 ipsum
843 1131 1066 1200 verbis
1109 1129 1310 1200 modo
1341 1131 1709 1206 consolari,
1743 1130 1946 1199 modo
1993 1132 2356 1221 castigare,
2389 1146 2453 1201 et
2498 1132 2788 1202 effrenes

232 1218 564 1308 juvenilis
595 1219 812 1287 animi
866 1219 1162 1308 impetus
1210 1219 1409 1290 senili
1459 1219 1813 1309 gravitatis
1852 1219 2042 1288 freno
2088 1220 2431 1301 cohibere,
2473 1243 2789 1290 asserens

241 1329 684 1377 communem
738 1309 915 1377 hanc
980 1309 1305 1376 omnibus
1370 1331 1519 1376 esse
1570 1307 1686 1376 fati
1738 1309 2207 1378 necessitatem
2238 1364 2254 1390 ,
2306 1331 2515 1396 quarn
2569 1332 2789 1397 neque

243 1396 554 1466 Christus
600 1397 792 1486 (cum
849 1396 1040 1467 solus
1087 1397 1345 1497 posset)
1403 1397 1653 1465 evitare
1705 1396 2028 1492 voluefit:
2084 1419 2210 1466 nec
2285 1397 2583 1467 flendam
2640 1421 2790 1470 esse

243 1484 673 1574 muliebriter
719 1487 1219 1575 consanguinei
1269 1486 1373 1555 sui
1429 1498 1741 1563 mortem,
1786 1506 1997 1571 quam
2032 1486 2178 1576 ipse
2228 1498 2364 1556 tam
2397 1499 2790 1556 constanter

239 1588 444 1661 atque
492 1575 992 1661 aequanimiter
1041 1574 1319 1643 tulerit:
1360 1575 1728 1665 praecipue
1778 1596 1939 1643 cum
1992 1586 2085 1644 tot
2132 1576 2203 1642 in
2263 1575 2529 1644 Christo
2572 1577 2787 1646 virtu—

242 1663 426 1733 tibus
466 1686 546 1731 ac
596 1663 951 1732 miraculis
998 1662 1250 1742 claru5‚
1287 1662 1569 1731 evidens
1616 1685 1784 1732 suae
1819 1663 2266 1733 beatitudinis
2314 1665 2592 1755 signum
2641 1678 2790 1754 post

238 1774 314 1820 se
374 1751 749 1838 reliquerit.
817 1751 1118 1821 Addebat
1166 1751 1797 1821 homo-admodum
1848 1751 2188 1831 disertus,
2246 1752 2341 1821 nil
2395 1753 2585 1835 aliud
2642 1775 2791 1824 esse

241 1854 532 1910 mortem
569 1862 779 1926 quam
832 1841 1038 1909 finem
1090 1840 1430 1909 malorum
1484 1841 1695 1931 hujus
1730 1840 1967 1922 seculi,
2022 1853 2089 1910 et
2128 1841 2405 1911 initium
2442 1843 2613 1913 vitae
2648 1865 2790 1912 me·—

242 1928 465 1999 lioris.
521 1930 732 2018 Cujus
786 1930 879 1997 rei
928 1929 1146 2018 gratia
1204 1929 1573 1999 Gaditanos
1628 1929 1790 1998 olim
1856 1929 2191 2020 templum
2244 1931 2438 2000 Morti
2486 1944 2550 2000 et
2597 1954 2786 2000 aram

240 2039 710 2099 consecrasse,
755 2017 1159 2105 divinosque
1205 2018 1602 2087 exhibuisse
1651 2018 1982 2097 honores,
2054 2031 2380 2105 tanquam
2431 2021 2791 2090 communi

236 2107 455 2193 quieti
503 2119 568 2174 et
644 2107 1076 2177 miseriarum
1151 2106 1463 2175 omnium
1518 2108 1769 2197 portui.
1839 2107 2104 2189 Quibus
2185 2107 2409 2178 verbis
2476 2108 2792 2197 placatus

239 2200 495 2275 Benn0,
552 2209 617 2263 et
649 2194 870 2265 dolori
920 2218 1045 2264 suo
1094 2196 1593 2286 aliquantisper
1641 2195 2034 2265 moderatus
2081 2211 2204 2275 cst,
2250 2209 2315 2265 et
2361 2217 2441 2264 ex
2487 2218 2567 2265 eo
2619 2211 2789 2265 tem—

243 2305 408 2373 pore
455 2306 699 2352 vanam
733 2282 1128 2353 mortalium
1159 2298 1410 2354 sortem
1444 2306 1750 2383 perosuS,
1805 2285 1986 2372 apud
2025 2307 2096 2353 se
2131 2285 2420 2354 firmiter
2457 2284 2781 2364 decrevit,

242 2371 365 2440 ubi
395 2373 694 2462 primum
730 2394 849 2463 per
885 2387 1198 2461 parentes
1249 2373 1381 2443 sibi
1411 2372 1665 2451 liceret,
1710 2395 1985 2442 sacrum
2027 2374 2377 2462 suscipere
2419 2374 2732 2443 habitum
2766 2397 2778 2439 :

237 2474 303 2529 et
366 2461 435 2530 in
475 2461 723 2531 eodem
802 2462 1215 2532 monasterio
1278 2461 2000 2549 quantulumcumque
2073 2461 2247 2532 vitae
2295 2457 2594 2552 spatium
2646 2461 2786 2532 fata

236 2550 711 2652 concederent,
760 2555 890 2620 Deo
936 2550 1294 2621 serviendo
1344 2550 1745 2620 traducere:
1791 2550 2247 2621 saluberrimo
2283 2550 2580 2641 profecto
2609 2553 2782 2620 vitae

235 2652 575 2711 lnstltutO.
971 2692 974 2694 »
1659 2672 1668 2679 ·

322 2731 361 2828 ς
406 2734 492 2800 4.
571 2734 853 2818 Magnae
900 2728 1046 2818 spei
1096 2727 1499 2797 adolescens
1547 2732 1778 2816 Benno
1811 2782 1827 2809 ,
1879 2740 1946 2797 et
1994 2740 2128 2796 tam
2208 2728 2517 2819 corporis
2572 2750 2779 2817 quam

236 2817 455 2886 ammi
490 2816 770 2887 dotibus
817 2816 1163 2896 amabilis,
1203 2817 1664 2906 praeceptoris
1699 2816 1804 2884 sui
1860 2817 2142 2895 monita,
2198 2830 2435 2886 contra
2482 2818 2633 2906 ejus
2680 2840 2792 2887 ae-

237 2906 395 2975 tatis
445 2928 703 2975 morem
757 2927 836 2974 ac
870 2904 1467 2982 consuetudinem,
1522 2917 1667 2975 tum
1715 2904 2004 2974 libenter
2055 2904 2405 2985 audiebat,
2467 2919 2616 2975 tum
2649 2907 2792 2975 ala-

234 2994 443 3063 criter
473 2994 1017 3084 amplexabatur.
1075 3000 1379 3080 Cumque
1410 2995 1555 3083 Jam
1594 2994 1726 3062 sub
1765 2995 1914 3083 ejus
1937 2995 2110 3085 jugo
2157 3016 2237 3063 ac
2281 2994 2652 3085 disciplina
2704 2995 2787 3064 ad

238 3082 690 3173 pubescentes
741 3082 1158 3173 pervenisset
1205 3104 1470 3162 annos,
1530 3081 1725 3152 nulla
1782 3104 2090 3169 unquam
2161 3082 2431 3153 levitate
2487 3096 2784 3164 notatus,

237 3193 362 3241 nec
396 3170 533 3241 alio
572 3194 781 3259 quam
849 3171 1204 3241 communi
1256 3171 1545 3240 fratrum
1595 3171 1751 3240 cibo
1823 3194 2039 3251 usuS,
2101 3193 2222 3241 nec
2272 3173 2523 3252 minori
2576 3195 2785 3259 quam

236 3260 341 3329 illi
383 3260 614 3330 inedia
644 3283 723 3329 ac
753 3259 984 3331 labore
1016 3259 1364 3349 fatigatus,
1409 3260 1493 3329 ad
1530 3280 1807 3328 omnem
1845 3260 2091 3329 Christi
2131 3260 2449 3330 militiam
2493 3261 2789 3351 diligen-

236 3364 338 3418 ter
371 3372 410 3418 a
452 3349 779 3440 magistro
843 3371 969 3418 suo
1017 3348 1481 3419 exercebatur.
1536 3353 1668 3417 Nec
1716 3349 1946 3448 gravis
1993 3349 2236 3438 juveni
2291 3350 2458 3419 haec
2519 3350 2790 3421 virtutis

236 3438 575 3529 palaestra
606 3461 619 3504 ε
651 3438 816 3524 quin
845 3437 1229 3506 laetabatur
1264 3438 1510 3527 magis,
1542 3437 1666 3506 ubi
1716 3436 2126 3527 intelligeret
2157 3439 2549 3507 senioribus
2582 3439 2788 3508 etiam

235 3527 691 3597 abstinentiae
744 3549 823 3596 ac
880 3526 1280 3596 tolerantiae
1334 3548 1407 3595 se
1453 3547 1601 3596 esse
1648 3522 1986 3616 exemplO.
2046 3525 2173 3596 Sed
2232 3548 2355 3595 nec
2404 3528 2789 3597 amicorum

235 3615 752 3686 dehortantium
798 3627 865 3684 et
896 3614 1135 3684 multis
1180 3634 1341 3683 eum
1392 3614 1905 3704 praeclarisque
1960 3613 2480 3685 conditionibus
2545 3617 2629 3684 ad
2684 3637 2788 3685 se-

234 3704 473 3774 culum
509 3704 944 3773 invitantium
983 3702 1205 3773 verbis
1237 3702 1731 3790 blandiloquiS‚
1766 3714 1887 3772 aut
1913 3701 2057 3772 ulla
2092 3702 2434 3773 suadendi
2468 3716 2612 3774 arte
2639 3703 2788 3791 ejus

233 3794 514 3863 animus
563 3792 914 3863 immutari
955 3805 1235 3881 poterat.
1291 3791 1635 3861 Solidatus
1674 3792 1824 3949 ¹{jaem
1883 3804 2026 3860 erat
2075 3814 2287 3883 supra
2335 3793 2608 3861 firmam
2666 3813 2784 3883 pe-

235 3893 435 3952 tram.
491 3886 717 3968 Neque
766 3882 999 3950 animo
1046 3879 1388 3949 exciderat
1441 3901 1611 3950 sana
1655 3912 1664 3920 ·
1768 3881 1859 3949 ati
1910 3881 2300 3950 Bernwardi
2347 3881 2664 3951 doctrina
2724 3895 2789 3952 et

233 3970 567 4041 ultimum
619 3970 790 4049 vale.
844 3968 1102 4039 Accidit
1148 3981 1379 4038 autem
1428 3980 1507 4037 ut
1548 3967 1789 4038 eodem
1840 3981 2146 4060 tempore
2193 3971 2464 4060 genitor
2511 3970 2736 4061 ipsius
2767 4025 2782 4050 ,

230 4059 354 4148 qui
385 4081 545 4128 eum
598 4057 1078 4149 propagandae
1127 4057 1362 4148 stirpis
1395 4057 1614 4147 gratia
1647 4057 2119 4129 vehementius
2168 4058 2253 4128 ad
2314 4057 2629 4128 seculum
2685 4058 2791 4126 in-

233 4148 583 4229 vitaverat,
635 4168 716 4216 ex
750 4146 1078 4216 humanis
1123 4145 1500 4215 decederet:
1552 4158 1618 4215 et
1667 4146 1816 4236 ipse
1876 4146 2095 4236 patria
2146 4158 2472 4236 potestate
2521 4146 2789 4216 solutus

232 4234 431 4309 facile
480 4258 550 4305 se
599 4249 906 4326 speraret
988 4236 1172 4324 apud
1224 4247 1559 4310 matrem.
1621 4257 1832 4321 quam
1891 4235 2199 4306 devotam
2257 4259 2335 4305 ac
2390 4235 2783 4325 religiosam

235 4337 560 4406 noverat,
616 4324 973 4394 intrandae
1047 4324 1399 4423 religionis
1451 4324 1718 4393 veniam
1788 4337 2347 4401 consecuturum.
2402 4330 2532 4393 Nec
2617 4325 2787 4393 votis

230 4413 456 4505 ipsius
502 4413 763 4483 obstitit
792 4414 900 4504 pia
952 4412 1269 4504 genitrix:
1306 4413 1475 4500 quin
1507 4435 1670 4483 eum
1707 4412 2142 4482 vehementer
2175 4412 2337 4481 inde
2369 4410 2781 4482 collaudans
