3357 4995
253 284 475 367 JUNII
523 286 608 349 27
1140 302 1218 347 nr:
1268 301 1322 346 s.
1378 299 1559 348 zolro
1607 298 1897 346 marran
2580 279 2707 343 613

255 386 558 455 hominis
613 385 779 455 filio.
852 389 1204 454 Caeterum
1252 384 1529 454 barbari
1586 395 1651 452 et
1698 383 1895 472 impii
1966 382 2402 462 idololatrae,
2458 382 2664 451 deum
2730 394 2795 451 ct

257 475 658 563 religionem
717 496 913 544 suam
964 474 1381 543 contumelia
1428 473 1749 543 affectum
1815 483 2156 561 putantes,
2210 482 2658 551 concurrunt,
2733 483 2798 541 et

254 586 526 633 servum
578 563 847 643 Christi,
903 564 1205 632 animam
1256 584 1454 631 suam
1508 561 1687 631 Patri
1735 561 2372 641 commendantem,
2441 560 2796 649 lapidibus

256 663 589 732 sternunt,
626 652 956 741 obtegunt
1011 664 1215 738 atque
1261 651 1630 730 collidunt,
1682 671 1863 719 anno
1912 651 2151 721 aetatis
2200 673 2363 720 suae
2412 650 2795 739 quadrage-

256 742 455 823 simo,
502 741 952 831 Episcopatus
998 740 1330 831 vigesimo
1363 739 1494 829 (α).

1189 1029 1843 1109 MARTYRIUM

929 1254 1010 1353 S.
1082 1254 1341 1355 ZOILl
1415 1252 2118 1356 CORDUBENSJS

817 1497 895 1544 UT
955 1498 1245 1544 HABETUR
1305 1498 1371 1543 IN
1440 1496 1605 1544 LUCII
1668 1498 1930 1544 MARINEI
1995 1495 2222 1557 SICULI,

564 1656 742 1704 arcels
791 1655 1340 1713 msromoenArn1‚
1395 1634 1474 1701 dc
1519 1635 1734 1701 Rebus
1783 1635 2153 1723 Hispaniae
2205 1634 2370 1701 libro
2418 1644 2486 1701 5.

1244 1835 1516 1890 Incerta.
1557 1836 1799 1889 aetate.

346 2016 793 2085 Beatissimus
844 2026 1106 2104 martyr
1160 2014 1405 2094 zoilus,
1523 2014 1878 2084 arentibus
1939 2014 2345 2083 clarissimis
2394 2013 2794 2082 Corduben-

250 2104 448 2173 sibus
491 2104 910 2193 progenitus,
966 2104 1051 2172 ab
1100 2103 1390 2172 infantia
1426 2108 1466 2171 C
1496 2104 1890 2183 iristianus‚
1936 2126 2095 2171 cum
2136 2114 2312 2171 esset
2361 2101 2788 2181 adolescens,

248 2206 313 2261 et
369 2191 642 2281 publice
682 2192 1026 2261 Christum
1069 2193 1538 2273 confiteretur,
1606 2193 1831 2261 subito
1881 2214 1921 2259 a
1968 2191 2258 2281 paganis
2305 2202 2648 2279 arreptu5‚
2704 2193 2792 2261 ad

254 2282 667 2371 praetorium
710 2281 1080 2368 cujusdam
1120 2282 1385 2370 judicis
1435 2292 1907 2369 praesentatus
1952 2293 2087 2348 est:
2142 2292 2344 2365 atque
2402 2280 2487 2347 ab
2532 2280 2683 2367 ipso
2719 2294 2797 2349 ut

251 2370 334 2438 ad
398 2370 741 2439 culturam
798 2370 1215 2439 daemonum
1279 2370 1549 2449 rediret,
1612 2370 1735 2437 diu
1782 2382 1882 2437 est
1951 2368 2366 2437 exhortatus.
2437 2369 2568 2448 Qui
2620 2368 2784 2437 dum

251 2457 467 2528 multa
515 2459 782 2529 dierum
848 2459 1092 2549 spatia,
1151 2470 1287 2528 tam
1340 2459 1777 2530 sermonibus
1829 2478 2037 2544 quam
2087 2456 2497 2525 muneribus
2547 2456 2790 2527 admo-

252 2548 437 2616 nitus
476 2561 674 2628 esset,
721 2549 791 2616 in
845 2548 1247 2617 coemeterio
1289 2548 1629 2637 praefatae
1678 2548 1994 2626 civitatiS,
2053 2568 2212 2614 cum
2265 2545 2791 2634 peregrinorum

250 2659 366 2705 cor
419 2638 657 2707 oribus
691 2649 791 2706 est
822 2637 1159 2737 sepultus,
1198 2659 1280 2704 ne
1315 2636 1689 2723 aliquando
1729 2659 1767 2704 a
1799 2636 2202 2704 Christianis
2232 2648 2787 2724 cognosceretur,

255 2737 319 2793 et
410 2726 572 2815 igna
622 2738 1051 2795 veneratione
1097 2725 1453 2794 coleretur.
1503 2725 1628 2793 Sed
1665 2748 1828 2793 cum
1861 2725 2122 2794 Christo
2173 2725 2472 2792 donante
2510 2747 2638 2813 pax
2673 2730 2793 2792 Ec-

250 2815 499 2883 clesiae
547 2814 704 2883 data
737 2826 914 2883 esset
966 2815 1389 2903 temporibus
1433 2815 1638 2904 Regis
1681 2813 1997 2891 Sisebuti,
2042 2814 2325 2899 quidam
2386 2814 2487 2881 vir
2537 2813 2791 2883 nobilis

248 2903 332 2972 de
381 2903 753 2972 Gothorum
798 2903 1173 3003 propagine
1220 2903 1472 2982 clarus,
1527 2908 1853 2994 Agapitus
1891 2903 2188 2982 nomine,
2235 2925 2314 2970 ex
2359 2901 2532 2970 laico
2579 2903 2786 2970 vitam

251 3005 582 3081 appetens
625 2992 968 3072 monachi,
1014 2993 1113 3060 sic
1161 2991 1245 3059 ad
1297 3014 1649 3061 summum
1703 2991 2158 3061 sacerdotium
2217 2991 2474 3060 electus
2534 3005 2658 3060 est.
2717 2995 2792 3058 Et

249 3082 582 3167 quoniam
685 3103 757 3148 ro
789 3102 1019 3149 amore
1051 3080 1294 3148 Christi
1330 3080 1641 3149 seculum
1684 3080 2059 3160 dimiserat,
2102 3101 2237 3148 non
2278 3079 2547 3148 distulit
2593 3079 2792 3146 illum

249 3167 572 3239 fraudare
684 3171 835 3237 onis
885 3170 1052 3238 suis.
1115 3175 1279 3237 Cum
1329 3191 1582 3258 corpus
1632 3192 1838 3239 suum
1895 3169 2186 3257 jejuniis
2249 3181 2667 3237 maceratum
2722 3168 2793 3234 in

249 3260 583 3328 stramine
616 3258 1001 3338 reclinaret,
1048 3281 1168 3347 per
1200 3259 1496 3343 quietem
1551 3259 1769 3326 noctis
1810 3271 2159 3326 ostensum
2197 3270 2296 3326 cst
2343 3257 2428 3336 ei,
2475 3279 2610 3343 quo
2648 3257 2795 3325 loco

256 3369 510 3437 corpus
560 3347 890 3437 praedicti
941 3347 1263 3436 martyris
1302 3349 1595 3435 jaceret:
1660 3361 1724 3416 et
1771 3369 1906 3433 quo
1959 3348 2234 3415 nomine
2287 3360 2676 3425 vocaretur,
2730 3358 2797 3413 et

307 3459 379 3504 ro
429 3437 634 3525 cujus
683 3457 912 3505 amore
944 3437 1165 3525 capite
1191 3435 1431 3524 plexus
1463 3449 1658 3504 esset.
1701 3436 1830 3518 Qui
1866 3458 2066 3504 mane
2101 3435 2297 3512 facto,
2354 3435 2790 3524 congregatis

278 3525 579 3594 ratribus
625 3538 690 3592 et
715 3524 905 3624 vulgi
946 3524 1413 3600 multitudine,
1460 3547 1636 3611 quae
1687 3524 1943 3592 viderat
1994 3524 2342 3604 indicavit,
2398 3535 2600 3609 atque
2627 3545 2792 3592 cum

250 3615 578 3683 omnibus
618 3613 1021 3683 Christianis
1050 3613 1137 3682 ad
1186 3625 1535 3682 ostensum
1571 3613 1704 3681 sibi
1753 3613 1978 3682 locum
2038 3615 2186 3680 sine
2227 3634 2420 3680 mora
2470 3612 2787 3702 perrexit.

249 3701 341 3769 Ad
395 3724 599 3788 quern
655 3703 1094 3791 perveniens,
1163 3713 1458 3770 rastrum
1524 3724 1735 3770 manu
1785 3701 2123 3790 arripiens
2177 3700 2470 3769 effodere
2519 3701 2785 3790 coepit,

248 3812 611 3877 quousque
650 3790 735 3858 ad
784 3813 1036 3880 corpus
1083 3791 1459 3859 beatissimi
1512 3791 1867 3878 martyris,
1922 3790 2100 3859 sicut
2148 3813 2186 3858 a
2238 3791 2526 3880 paganis
2565 3790 2788 3858 fuerat

250 3879 757 3959 absconditum,
814 3884 943 3948 Deo
981 3881 1266 3968 juvante
1301 3881 1630 3969 pervenit.
1686 3885 1830 3961 Quo
1869 3879 2148 3965 quidem
2200 3880 2497 3959 inventO,
2535 3878 2794 3969 gaudio

254 3987 505 4056 magno
577 3968 814 4057 repleti
865 3981 1027 4040 sunt
1099 3990 1359 4036 omnes.
1416 3968 1764 4038 Praefatus
1810 3968 2108 4055 denique
2156 3968 2560 4058 EpiscopuS,
2629 3989 2792 4057 prae

304 4110 369 4160 (α)
401 4113 546 4160 cujus
577 4118 794 4153 sanctum
818 4124 987 4163 corpus
1007 4116 1137 4161 (adde
1154 4126 1210 4152 em
1228 4114 1371 4162 Officii
1394 4114 1661 4152 Lectionibus
1681 4115 1854 4160 histor.)
1875 4123 2042 4162 magno
2063 4114 2224 4161 populi
2246 4113 2486 4156 comitatu,
2507 4110 2672 4152 multis
2694 4122 2800 4151 cum

250 4165 470 4212 lacrymis
494 4168 771 4208 'tridentum
791 4168 1013 4212 delatum.
1032 4165 1097 4206 ibi
1117 4167 1167 4206 iu
1184 4167 1380 4206 basilica
1400 4178 1425 4206 a
1445 4178 1497 4207 se
1517 4168 1674 4206 erecta
1691 4167 1945 4206 honorifice
1967 4168 2206 4214 sepultum
2228 4168 2317 4206 est,

308 4218 638 4266 Compluribus
666 4222 714 4259 in
746 4221 933 4259 Venetis
962 4221 1201 4265 Ecclesns,
1227 4231 1312 4260 nec
1344 4222 1503 4259 nonin
1520 4221 1733 4259 finitimis
1756 4221 2089 4259 concordiensi
2111 4226 2157 4258 et
2182 4220 2440 4259 Goritiensi
2461 4219 2633 4258 colitur
2654 4218 2700 4258 S.
2726 4218 2799 4256 Vi-

254 4271 435 4329 gilium·
449 4272 497 4311 in
526 4274 799 4313 'tridentina
828 4277 1000 4318 autem,
1029 4276 1193 4322 utpote
1213 4275 1445 4313 Patronus
1463 4275 1623 4323 princ..
1646 4272 1811 4312 Officio
1833 4284 1916 4322 per
1932 4274 2168 4322 integrum
2188 4274 2392 4322 proprio,
2410 4274 2546 4321 Dupl.
2569 4275 2587 4311 1
2612 4273 2669 4310 cl.
2690 4281 2798 4310 cum

254 4325 354 4383 Oct:
383 4325 611 4374 Liturgici
640 4329 784 4366 etiam
812 4329 968 4368 cultus
982 4329 1160 4367 honore
1180 4330 1531 4375 prosequuntur
1554 4328 1820 4366 Tridentini
1840 4337 2000 4366 mense
2019 4325 2190 4367 martio
2211 4328 2285 4366 SS.
2306 4327 2613 4365 Claudianum
2636 4326 2682 4364 et
2704 4326 2798 4363 Ma-

250 4386 499 4471 {Pl-mnium
527 4380 627 4427 ejus
658 4381 841 4425 tratres,
872 4391 923 4421 ac
956 4390 1055 4422 xxx
1092 4391 1189 4430 apr.
1219 4385 1429 4420 sanctam
1461 4383 1563 4429 ejus
1585 4383 1782 4420 matrem
1803 4381 2097 4425 Maxentium.
2117 4381 2198 4428 qui
2220 4390 2314 4420 una
2334 4390 2440 4418 cnm
2461 4377 2630 4427 vigilio
2651 4377 2797 4418 Roma.

294 4435 399 4470 enet
425 4439 475 4470 as
495 4440 545 4472 se
566 4434 876 4473 contulerant.
