3357 4995
233 286 405 353 JUNII
447 288 490 351 2
744 302 1089 352 mansur.
1143 303 1236 351 ss.
1289 303 1404 350 uu.
1459 300 1639 349 emm
1687 301 1763 348 m
1810 292 2192 351 macrinum
2564 287 2635 351 7¹

235 382 549 460 basilicarii
586 388 916 469 introivit,
949 388 1386 475 adoratisque
1416 385 1841 477 martyribus
1866 408 1947 455 ac
1969 398 2237 477 recepto
2263 388 2734 459 membrorum

230 480 439 568 vigore,
492 478 584 548 ad
636 476 919 568 propria
967 476 1318 567 repedavit
1349 477 1407 545 *.

291 570 321 654 ξ
362 573 447 639 2.
507 566 835 654 Reliquas
885 566 1169 636 virtutes
1207 577 1411 654 atque
1460 562 1820 644 miracula,
1876 585 2054 651 quae
2103 586 2224 654 per
2260 586 2375 634 eos
2407 567 2741 638 Dominus

220 655 285 724 ad
328 656 621 726 salutem
671 655 1039 725 hominum
1089 652 1413 744 operatus
1446 666 1580 734 est,
1618 652 1949 740 quoniam
1981 674 2119 740 quo
2149 653 2389 723 ordine
2421 654 2744 726 dicantur

211 744 356 813 nihil
405 745 664 814 referre
713 743 935 826 viden,
989 743 1086 813 ita
1132 755 1209 814 ut
1260 743 1632 814 memoriae
1680 743 2130 823 occurrerint,
2183 743 2423 812 censui
2485 743 2742 814 descri-

210 832 433 902 benda:
458 834 629 922 quia
654 834 724 901 in
759 854 998 902 earum
1030 832 1360 902 relatione
1403 830 1628 922 magis
1650 830 1820 918 quid
1846 842 1912 900 et
1939 851 2176 918 quare,
2215 853 2426 919 quam
2460 832 2738 920 quando

204 920 448 1009 aliquid
501 932 776 1013 gestum
810 921 921 1003 sit,
953 920 1541 991 considerandum
1582 931 1706 989 est.
1747 918 2103 991 Collocatis
2145 920 2358 1010 igitur
2395 921 2465 989 in
2497 921 2737 991 eadem

201 1009 481 1081 basilica
530 1032 722 1080 more
760 1009 1054 1080 solemni
1091 1011 1447 1080 beatorum
1482 1020 1867 1097 martyrum
1909 1008 2244 1096 reliquiiS,
2291 1030 2451 1079 cum
2486 1031 2736 1079 secun-

201 1098 355 1169 dum
404 1098 913 1171 ecclesiasticae
962 1098 1419 1169 institutionis
1475 1096 2050 1167 consuetudinem
2114 1120 2309 1167 sacra
2367 1097 2734 1173 Missarum

199 1188 529 1258 solemnia
576 1187 886 1276 quotidie
931 1187 1485 1268 celebrarentur,
1538 1185 1826 1276 contigit
1884 1198 1961 1255 ut
2006 1185 2308 1275 quadam
2371 1186 2527 1267 die,
2571 1209 2732 1257 cum

201 1274 425 1346 divina
487 1298 598 1346 res
645 1288 1012 1366 ageretur,
1065 1287 1130 1346 et
1189 1298 1313 1347 nos
1369 1275 1441 1344 in
1507 1274 1983 1365 superioribus
2043 1274 2353 1365 ejusdem
2401 1275 2733 1363 ecclesiae

198 1362 355 1436 locis
402 1365 787 1446 constituti,
842 1385 1051 1455 super
1098 1364 1503 1454 subjectum.
1536 1376 1740 1450 atque
1789 1360 1859 1432 in
1909 1363 2355 1435 inferioribus
2397 1365 2732 1435 constitu-

199 1465 333 1524 tum
386 1453 725 1545 populum
777 1454 1294 1525 intenderemus
1330 1508 1345 1534 ,
1422 1452 1718 1522 clericus
1779 1451 2064 1539 quidam
2137 1453 2549 1522 seminudus
2608 1455 2731 1541 qui

199 1540 367 1611 inter
424 1554 726 1613 caeteros
761 1541 848 1611 ad
896 1541 1077 1611 idem
1127 1541 1431 1611 officium
1496 1552 1792 1620 venerat,
1855 1546 2064 1628 atque‘
2109 1542 2175 1610 in
2229 1541 2455 1612 media
2493 1542 2730 1611 multi-

198 1629 430 1701 tudine
458 1631 924 1712 consistebat,
955 1643 1092 1700 tam
1142 1631 1334 1720 gravi
1373 1630 1578 1699 ruina
1611 1628 1841 1700 subito
1887 1630 2237 1719 collapsus
2274 1644 2398 1712 est,
2437 1643 2514 1700 ut
2544 1652 2729 1701 mor-

198 1730 304 1787 tuo
352 1719 607 1791 similis
665 1720 739 1788 in
789 1719 1179 1810 pavimento
1237 1718 1627 1795 diutissime
1664 1718 2021 1808 jacuisset.
2075 1724 2290 1802 Quem
2341 1741 2503 1789 cum
2553 1732 2725 1789 ster-

196 1818 435 1877 tentem
487 1808 707 1896 aliqui
739 1828 819 1878 ex
866 1807 1480 1878 circumstantibus
1513 1805 1734 1876 levare
1766 1819 1970 1894 atque
1997 1809 2257 1898 erigere
2282 1820 2722 1889 conarentur,

198 1908 377 1964 tanta
413 1894 549 1968 ‘vis
610 1896 977 1988 sanguinis
1034 1919 1115 1966 ex
1162 1918 1277 1966 ore
1343 1909 1410 1965 et
1458 1896 1746 1967 naribus
1792 1897 2067 1986 erupit,
2120 1908 2198 1967 ut
2246 1907 2381 1966 tota
2429 1897 2729 1967 anterior

196 2004 352 2081 pars
398 1986 733 2076 corporiS,
779 1984 848 2054 id
896 1997 1020 2067 est,
1062 1996 1303 2076 pectus
1348 1997 1413 2054 et
1460 1996 1715 2067 venter,
1759 1998 1824 2053 et
1868 2007 2093 2073 usque
2138 1985 2224 2055 ad
2257 1996 2536 2066 vestem,
2591 2007 2730 2073 qua

196 2075 478 2162 inguina
525 2075 953 2161 tegebantur,
998 2076 1129 2144 hac
1174 2084 1352 2146 esset
1397 2072 1882 2143 exuberatione
1931 2073 2227 2164 perfusa.
2274 2076 2596 2157 Quicum
2624 2075 2726 2144 al—

200 2159 329 2231 lata
371 2150 550 2250 aqua
597 2163 841 2253 fuisset
873 2162 1316 2244 refocillatus,
1352 2163 1729 2253 resumptis
1769 2162 2031 2236 viribus
2065 2163 2247 2233 clare
2283 2163 2556 2234 locutus
2592 2178 2717 2234 est.

197 2251 357 2318 Nam
404 2251 846 2341 postmodum
896 2273 936 2321 a
983 2251 1185 2322 nobis
1232 2252 1491 2321 interro
1542 2264 1720 2332 atus,
1761 2262 2049 2321 testatus
2078 2262 2179 2323 est
2210 2274 2284 2323 se
2314 2252 2400 2321 ab
2428 2251 2723 2322 infantia

200 2357 322 2407 sua
364 2361 583 2427 usque
622 2341 694 2408 in
746 2362 1072 2430 praesens
1105 2361 1330 2427 neque
1375 2362 1467 2409 au
1524 2341 1622 2409 ire
1668 2339 1969 2427 aliquid,
2011 2362 2134 2410 nec
2169 2339 2357 2428 loqui
2392 2341 2719 2436 potuisse.

202 2428 486 2497 Patriam
536 2428 672 2499 sibi
718 2450 867 2501 esse
913 2429 1365 2513 Britanniam,
1415 2450 1487 2500 se
1520 2427 1795 2500 natione
1834 2428 2153 2521 Anglum,
2199 2440 2487 2500 matrem
2525 2450 2725 2499 suam

200 2515 521 2600 visitandi
558 2519 804 2609 gratia,
855 2539 1032 2606 quae
1076 2525 1330 2589 Romae
1375 2518 1952 2609 peregrinaretur,
2009 2519 2136 2588 iter
2177 2519 2578 2609 arripuisse,
2627 2532 2725 2589 at·

200 2623 326 2700 que
371 2607 460 2676 ita
490 2606 671 2676 inter
700 2619 1003 2677 caeteros
1051 2608 1474 2698 peregrinos,
1531 2607 1652 2695 qui
1699 2628 1842 2677 una
1885 2613 2182 2692 Romam
2228 2608 2330 2676 ire
2376 2606 2717 2688 volebant,

199 2692 490 2764 millum
529 2695 760 2766 locum
808 2697 1240 2786 pervenisse:
1294 2697 1411 2767 sed
1463 2696 1670 2767 sociis
1704 2696 1852 2766 suis
1885 2694 2301 2765 abeuntibus
2343 2717 2416 2764 se
2465 2695 2724 2767 substi-

204 2780 377 2863 tisse,
441 2784 812 2873 ipsumque
861 2785 1044 2855 diem
1078 2841 1093 2866 ,
1150 2807 1287 2874 quo
1335 2801 1549 2856 sanus
1596 2784 1822 2856 factus
1867 2796 1990 2864 est,
2046 2785 2416 2874 septimum
2457 2805 2607 2856 esse
2643 2806 2724 2854 ex

203 2889 327 2954 quo
370 2873 440 2940 in
492 2871 720 2942 locum
773 2873 973 2944 illum
1023 2886 1322 2944 venerat.
1390 2879 1700 2961 Cumque
1760 2873 1848 2942 ab
1894 2894 1974 2943 eo
2023 2895 2272 2943 nomen
2320 2874 2470 2962 ejus
2516 2894 2724 2959 quae-

204 2977 517 3042 reremuS‚
590 2963 946 3052 respondit
1003 2985 1075 3035 se
1123 2985 1373 3034 nomen
1425 2984 1633 3032 suum
1685 2962 1960 3052 penitus
2009 2962 2375 3052 ignorare,
2434 2983 2556 3051 pro
2617 2983 2719 3042 eo,

202 3048 369 3204 qugd
418 3072 498 3150 ex
545 3072 625 3120 eo
684 3063 988 3142 tempore
1017 3106 1033 3132 ‚
1085 3073 1223 3140 quo
1270 3051 1688 3130 obsurduit,
1759 3072 2144 3138 numquam
2215 3072 2463 3121 nomen
2515 3073 2724 3120 suum

205 3155 283 3204 au
333 3152 502 3208 ierit.

280 3227 314 3311 ἓ
355 3231 442 3298 8.
488 3228 657 3297 Exin
713 3240 868 3318 post
913 3227 1177 3315 aliquot
1240 3228 1412 3308 dies,
1468 3251 1630 3299 cum
1682 3250 1872 3297 more
1921 3228 2213 3299 solemni
2262 3229 2349 3298 ad
2398 3227 2724 3318 vesperti-

208 3332 360 3382 num
406 3315 711 3387 officium
754 3317 827 3385 in
875 3316 1163 3386 ecclesia
1210 3315 1584 3389 fuissemus
1632 3317 2051 3408 congregati,
2105 3316 2337 3408 puella
2382 3315 2722 3404 quaedam

206 3401 399 3473 surda
443 3418 507 3474 et
554 3416 773 3487 muta,
824 3426 1034 3492 quam
1084 3405 1169 3475 de
1211 3426 1388 3497 pago
1427 3406 1813 3496 Biturigum
1854 3418 2048 3496 pater
2079 3407 2230 3496 ejus
2263 3428 2342 3475 ac
2377 3405 2585 3487 frater
2619 3428 2751 3476 sa-*

207 3485 397 3560 lutem
445 3493 825 3581 quaerendi
873 3494 1094 3584 gratia
1129 3515 1250 3585 per
1287 3494 1508 3565 multa
1543 3500 1947 3578 Sanctorum
1984 3494 2132 3565 loca
2168 3497 2536 3574 trahentes,
2571 3505 2724 3563 tan-

210 3574 345 3650 dem
393 3580 560 3653 illuc
610 3581 1016 3673 perductam
1074 3583 1255 3653 inter
1301 3595 1603 3654 caeteros
1651 3584 1722 3653 in
1772 3584 2012 3653 eadem
2062 3584 2355 3654 ecclesia
2402 3595 2581 3652 stare
2629 3582 2724 3651 se-

207 3683 446 3751 cerum,
492 3670 723 3742 subito
771 3670 956 3742 velut
1004 3672 1280 3743 insania
1318 3672 1618 3759 quadam
1683 3671 2014 3754 excitata,
2060 3671 2371 3757 tabulaS‚
2423 3693 2724 3759 quarum

211 3759 450 3846 crepitu
500 3759 587 3829 ad
632 3759 1144 3851 eleemosynam
1197 3761 1562 3851 petendam
1610 3762 1958 3843 utebatur,
2011 3774 2271 3849 quanta
2319 3759 2539 3851 potuit
2584 3759 2724 3828 vir-

213 3852 333 3945 tute
365 3849 736 3930 concussit,
789 3861 994 3937 atque
1042 3849 1114 3918 in
1156 3849 1494 3941 populum
1528 3862 1686 3920 ante
1718 3871 1790 3920 se
1822 3851 2299 3930 constitutum,
2345 3847 2727 3918 furibunda

212 3936 487 4029 projecit.
542 3942 713 4006 Tum
763 3937 851 4007 ad
900 3938 1263 4009 sinistrum
1311 3938 1639 4009 ecclesiae
1707 3939 2038 4030 parietem
2088 3959 2484 4018 accurrenS,
2539 3936 2727 4007 velut

208 4037 269 4087 ln
308 4026 619 4095 cumdem
668 4027 1327 4109 ascensura,'trium
1377 4027 1481 4096 vel
1530 4049 1608 4097 eo
1657 4027 1963 4119 amplius
2004 4028 2260 4117 pedum
2297 4026 2478 4098 saltu
2502 4026 2572 4094 in
2612 4025 2716 4095 al—

214 4117 338 4180 tum
382 4115 561 4195 dat0,
619 4114 874 4205 supina
910 4116 1219 4187 corruit:
1287 4127 1352 4185 et
1407 4137 1565 4185 cum
1609 4115 1710 4185 ibi
1758 4115 2127 4206 paululum
2177 4128 2446 4187 mortuo
2494 4113 2725 4205 potius

211 4213 390 4281 quam
436 4202 809 4274 dormienti
856 4203 1153 4288 similior
1223 4203 1596 4292 jacuisset,
1650 4215 1857 4295 atque
1921 4204 2283 4295 eruptione
2329 4202 2716 4295 sanguiniS,

212 4287 312 4371 qui
352 4310 428 4361 ex
459 4313 576 4362 ore
607 4313 688 4361 ac
723 4292 1012 4365 naribus
1052 4275 1332 4363 nimius
1355 4292 1764 4382 profluebat,
1800 4305 1979 4364 esset
2011 4314 2184 4384 pene
2214 4303 2351 4362 tota
2380 4313 2714 4382 respersa,

251 4409 274 4438 ⁸¹
296 4413 520 4462 Quaedam
538 4413 795 4474 identidem
810 4419 1015 4461 narratis
1036 4416 1227 4467 simma.
1245 4418 1493 4460 brevitatis
1511 4419 1684 4465 studio,
1702 4420 1930 4462 miracula
1954 4418 2297 4470 praetereunda
2316 4418 2600 4460 censuimus
