3357 4995
220 336 441 401 JUNII
490 336 572 401 24
922 354 1000 400 nn
1046 352 1422 401 Mutrium
1470 355 1526 402 s.
1577 353 1843 402 somnis
1892 355 2072 401 narr.
2558 337 2686 402 495

307 440 345 524 ξ
391 442 480 509 5.
535 437 829 528 Contigit
882 450 1112 507 autem
1177 451 1360 508 tactu
1407 438 1975 508 indumentorum
2025 438 2428 519 eorundem,
2483 451 2548 508 et
2611 438 2775 507 dae-

222 526 456 594 monia
488 526 575 594 ab
623 525 922 597 obsessis
956 526 1190 616 fugata
1238 527 1668 618 corporibu3‚
1705 540 1770 597 et
1812 526 2249 597 infirmitates
2283 527 2457 596 alias
2502 527 2774 614 aliquo-

221 615 347 685 ties
394 636 543 685 esse
572 627 871 684 curatas:
916 629 980 685 et
1012 614 1344 696 loculum,
1393 618 1459 684 in
1501 638 1638 703 quo
1675 616 1899 705 primo
1930 615 2198 706 sepulta
2247 629 2370 696 est,
2407 615 2769 685 nonnullis

223 703 459 774 oculos
493 703 890 774 dolentibus
940 703 1146 772 saluti
1197 704 1409 775 fuisse
1460 705 1866 795 perhibent:
1929 705 2049 791 qui
2102 727 2262 773 cum
2314 727 2520 773 suum
2562 716 2773 794 caput

222 791 445 860 eidem
489 792 716 863 loculo
764 805 1187 883 apponentes
1235 805 1567 874 orassent,
1623 815 1781 862 mox
1828 792 2087 862 doloris
2136 794 2277 862 sive
2323 792 2773 882 caliginisin-

223 881 665 950 commodum
693 883 781 951 ab
814 881 1037 951 oculis
1083 895 1498 951 amoverent.
1554 888 1891 952 Laverunt
1920 882 2134 951 iritur
2159 881 2447 972 virginis
2487 903 2766 971 corpuS,

221 981 287 1039 et
334 969 527 1038 novis
575 970 898 1040 indutum
955 971 1258 1040 vestibus
1307 970 1691 1040 intulerunt
1726 971 1794 1039 in
1844 993 1961 1039 ecc
1991 971 2248 1051 esiam,
2319 983 2523 1058 atque
2563 970 2633 1038 in
2692 991 2772 1038 eo

218 1057 404 1145 quod
454 1058 740 1129 allatum
811 1071 955 1127 erat
1018 1060 1445 1150 sarcophago
1514 1073 1940 1149 posuerunt,
1994 1060 2114 1129 ubi
2163 1082 2385 1147 usque
2445 1058 2650 1128 hodie
2696 1059 2770 1127 in

218 1168 477 1236 magna
548 1148 980 1217 veneratione
1029 1147 1343 1217 habetur.
1398 1149 1646 1217 Mirum
1704 1171 1859 1217 vero
1907 1149 1976 1216 in
2039 1148 2323 1218 modum
2375 1150 2467 1217 ita
2526 1160 2766 1237 aptum

213 1235 489 1325 corpori
538 1237 825 1327 virginis
868 1237 1372 1326 sarcophaoum
1426 1237 1781 1306 inventum
1831 1247 1954 1316 est,
2008 1260 2088 1306 ac
2143 1237 2200 1308 si
2266 1237 2328 1306 ei
2380 1235 2771 1327 specialiter

217 1337 708 1415 praeparatum
761 1324 1046 1394 fuisset:
1099 1337 1164 1393 et
1209 1291 1428 1394 ‘iocus
1479 1346 1755 1413 quoque
1802 1325 2050 1415 capitis
2113 1347 2422 1395 seorsum
2476 1324 2769 1394 fabrefa-

210 1424 394 1494 ειυς,
447 1413 530 1482 ad
586 1435 983 1484 mensuram
1038 1415 1286 1504 capitis
1335 1414 1526 1484 illius
1596 1414 1954 1503 aptissime
2002 1414 2049 1482 fi
2102 1427 2344 1484 uratus
2417 1413 2765 1515 apparuit.

211 1508 333 1574 Est
372 1513 598 1571 autem
653 1502 813 1592 Elge
880 1503 949 1569 in
1002 1503 1354 1592 provincia
1411 1503 1859 1572 Orientalium
1910 1508 2056 1593 Ang
2087 1525 2285 1573 orum
2341 1526 2526 1593 regio
2568 1502 2769 1571 sami-

210 1591 475 1661 liarum
512 1592 783 1661 circiter
830 1603 1326 1672 sexcentarum,
1392 1593 1459 1660 in
1503 1591 2031 1662 similitudinem
2091 1592 2359 1662 insulae
2414 1591 2515 1661 vel
2568 1591 2769 1681 palu-

211 1680 424 1750 dibus
480 1682 590 1769 (ut
650 1680 985 1769 diximus)
1031 1680 1482 1762 circumdata,
1536 1681 1640 1750 vel
1699 1682 1922 1768 aquis.
1975 1681 2163 1751 Unde
2209 1692 2274 1750 et
2322 1705 2362 1750 a
2402 1681 2600 1771 copia
2649 1702 2771 1749 an-

211 1769 623 1859 guillarum,
676 1791 851 1856 quae
894 1770 960 1838 in
1013 1769 1273 1839 eisdem
1312 1769 1686 1859 paludibus
1733 1772 2131 1860 capiuntur,
2181 1792 2430 1840 nomen
2474 1768 2761 1859 accepit,

210 1859 335 1927 ubi
388 1858 881 1927 monasterium
936 1859 1187 1926 habere
1236 1858 1648 1928 desideravit
1707 1872 2083 1929 memorata
2131 1858 2380 1930 Christi
2455 1858 2761 1938 famula,

211 1947 543 2034 quoniam
586 1947 669 2015 de
705 1947 1055 2037 provincia
1104 1947 1477 2017 eorundem
1530 1947 1984 2030 Orientalium
2033 1948 2408 2039 Anglorum
2470 1949 2645 2038 ipsa,
2692 1958 2769 2015 ut

212 2035 503 2127 praefati
533 2057 801 2115 sumu5,
844 2037 1076 2105 carnis
1124 2037 1463 2126 originem
1499 2038 1810 2107 duxerat.

1204 2285 1342 2362 DE
1399 2286 1783 2363 NATALI

864 2475 945 2574 S.
1031 2476 1465 2579 JOANNlS
1542 2477 2109 2579 BAPTlSTAE

480 2694 1096 2761 PRAECURSORIS
1148 2698 1340 2762 DOM.
1398 2697 1876 2763 PROPHETAE
1927 2699 2025 2763 ET
2089 2699 2500 2766 MARTYRIS

952 2857 1181 2906 ORATIO
1231 2861 1287 2904 B.
1342 2857 1653 2904 THEODORI
1723 2859 2029 2905 s'tunrrAE

1024 2964 1190 3010 APUD
1238 2965 1367 3011 Sui·
1420 2965 1936 3012 METAPHRASTEN.

293 3189 331 3272 ξ
377 3192 455 3258 1.
513 3186 580 3255 Si
632 3186 847 3255 vocali
887 3185 1093 3255 alicui
1133 3186 1491 3266 lusciniae,
1535 3209 1713 3274 quae
1751 3210 1958 3257 verno
1995 3200 2295 3278 tempore
2331 3188 2619 3279 pulchre
2651 3210 2759 3258 re-

205 3288 425 3347 sonat.
484 3287 715 3343 nostra
762 3288 939 3343 esset
987 3275 1239 3345 similis
1287 3276 1526 3357 oratio,
1582 3276 1920 3346 inveniret
1959 3278 2269 3357 sortasse,
2305 3278 2759 3363 quemadmo-

203 3361 372 3433 dum
406 3376 635 3454 posset
665 3385 1039 3463 parumper
1069 3363 1353 3434 laudare
1381 3387 1707 3454 magnam
1737 3366 1927 3434 illam
1963 3388 2192 3437 vocem
2225 3367 2548 3447 veritatis,
2579 3387 2757 3453 quae

206 3451 541 3522 hodierno
588 3452 701 3521 die
749 3463 1080 3521 nascitur.
1137 3458 1304 3522 Cum
1356 3454 1443 3522 sit
1490 3467 1722 3523 autem
1773 3476 1934 3524 voce
1975 3455 2350 3524 admodum
2403 3455 2647 3546 gracili
2693 3467 2759 3523 et

205 3539 561 3630 impedita,
608 3541 953 3628 quomodo
1006 3541 1315 3611 laudabit
1365 3565 1700 3633 magnum
1750 3543 1963 3614 decus
2012 3545 2756 3633 Prophetarum‘Pquo-

202 3629 409 3700 modo
472 3629 847 3700 celebrabit
907 3630 1230 3699 eximiam
1299 3633 1777 3721 Apostolorum
1826 3632 2160 3722 gloriam?
2209 3632 2555 3719 quomodo
2613 3633 2758 3722 glo-

204 3717 504 3790 rificabit
559 3742 812 3788 novum
867 3731 931 3787 et
992 3718 1481 3790 admirandum
1530 3735 2014 3791 ornamentum
2070 3725 2503 3809 martyrum?
2549 3727 2756 3791 Porro

206 3818 433 3876 autem
488 3808 615 3877 hoc
664 3829 938 3895 quoque
987 3820 1089 3877 est
1136 3809 1307 3877 mihi
1358 3809 1966 3889 considerandum,
2028 3809 2213 3897 quod
2268 3809 2336 3877 in
2396 3810 2552 3879 aliis
2598 3810 2756 3897 qui-

203 3891 356 3963 dem
405 3897 663 3966 sanctis
715 3897 1024 3967 tractavit
1070 3897 1243 3965 alter
1311 3898 1594 3967 alterius
1665 3901 2017 3968 encomia:
2072 3898 2227 3986 ejus
2274 3911 2551 3979 autem,
2629 3899 2754 3986 qui

209 3999 396 4051 nunc
444 3984 794 4067 laudatur,
848 3999 1006 4055 ante
1053 3985 1226 4056 alios
1275 3987 1423 4076 ipse
1454 3988 1766 4057 Christus
1817 3993 2013 4069 Deus,
2067 3988 2186 4074 qui
2235 4000 2335 4057 est
2384 3989 2536 4078 ipsa
2583 3987 2756 4057 veri-

210 4078 335 4137 tas,
390 4074 563 4144 Dicit
624 4075 842 4144 enim:
912 4078 1129 4166 Major
1167 4076 1425 4145 «Ioanne
1476 4079 1786 4166 Baptista
1822 4100 1954 4145 non
1997 4079 2299 4146 surremit
2350 4080 2522 4146 inter
2565 4088 2756 4146 natos

204 4161 566 4232 mulierum
594 4164 735 4253 (Εῑυ
762 4166 997 4234 Manli.
1030 4164 1147 4254 xi).
1199 4164 1540 4247 Quoniam
1588 4187 1663 4234 er
1714 4189 1752 4234 o
1787 4178 1949 4235 sunt
1979 4177 2204 4236 tantae
2237 4164 2480 4236 laudes
2514 4166 2753 4254 magni

208 4246 699 4334 Praecursoris,
736 4266 813 4323 ut
844 4254 946 4323 vel
997 4276 1275 4324 summa
1322 4253 1600 4323 dicendi
1676 4254 1941 4324 acuitas
1975 4277 2091 4325 eas
2125 4255 2396 4341 assequi
2429 4265 2743 4341 nequeat,

208 4340 548 4431 numquid
586 4342 650 4411 ei
682 4342 898 4413 deerit
920 4354 1152 4413 nostra
1181 4343 1511 4412 orationis
1538 4342 1857 4424 brevitaS,
1895 4343 2183 4415 studiosi
2212 4343 2594 4412 auditores?
2626 4341 2752 4409 Ab-

203 4434 313 4489 sit:
358 4426 472 4496 sed
507 4431 749 4501 servile
773 4431 1136 4504 reddentes
1162 4432 1497 4516 debitum,
1534 4433 1899 4523 etjussum
1929 4432 2295 4523 implentes
2334 4429 2741 4522 spiritalem,
