3357 4995
650 305 780 370 488
1246 322 1325 367 mv.
1371 321 1559 369 omrn
1607 322 1664 368 s.
1721 321 1977 369 numm
2025 321 2168 369 nor..
2222 319 2419 367 muse.
2759 302 2979 367 JUNII
3029 303 3117 368 22

558 415 763 492 atque
831 412 1150 473 evocatus
1220 401 1646 492 agnoscitur.
1733 408 1900 472 Nam
1943 414 2106 471 ante
2155 401 2338 470 diem
2389 400 2692 475 tertium.
2746 421 2953 487 quam
3026 400 3114 471 de

558 492 690 561 hoc
729 489 992 560 mundo
1042 501 1323 560 sanctus
1379 496 1688 560 Joannes
1737 490 1822 560 ad
1889 490 2258 560 Dominum
2309 489 2818 579 commigraret,
2876 489 3114 560 retulit

560 603 633 650 se
667 579 922 649 vidisse
971 583 1035 648 S.
1077 579 1474 659 Paulinum,
1537 580 1853 671 angelica
1899 578 2232 668 dignitate
2268 577 2588 647 vestitum
2649 590 2854 663 atque
2909 599 3109 647 orna·

557 681 732 746 tum,
788 680 1006 738 totum
1057 667 1359 748 niveum,
1417 680 1633 739 totum
1677 669 2051 748 sidereum,
2108 680 2312 754 atque
2359 666 2569 736 odore
2615 666 2963 736 ambrosio
3007 689 3115 736 re-

556 758 933 838 nidentem,
986 757 1221 827 favum
1247 757 1454 827 etiam
1490 757 2073 828 candidissimum
2112 756 2336 826 mellis
2369 756 2436 824 in
2469 777 2682 824 manu
2722 767 3064 825 tenentem
3092 812 3108 836 ,

558 870 638 917 ac
684 846 1027 916 dicentem
1076 846 1241 917 sibi:
1297 851 1527 915 Frater
1574 847 1908 927 JoanneS,
1953 845 2120 932 quid
2171 845 2283 914 hic
2331 843 2542 914 facis‘?
2591 843 2783 913 Solve
2837 844 3116 914 vincula

558 935 942 1006 taediorum
994 948 1297 1014 tuorum,
1347 947 1412 1004 et
1450 936 1596 1025 jam
1648 934 1734 1004 ad
1786 957 1913 1005 nos
1962 934 2139 1003 veni.
2188 936 2368 1003 Haec
2419 933 2603 1002 enim
2662 954 2841 1012 esca,
2898 955 3109 1019 quam

559 1025 630 1094 in
669 1046 881 1094 manu
929 1036 1147 1105 tene0,
1203 1023 1391 1114 apud
1447 1046 1571 1093 nos
1620 1025 1785 1093 satis
1844 1023 2175 1093 abundat.
2232 1028 2308 1091 Et
2364 1043 2522 1091 cum
2579 1021 2746 1091 haec
2796 1021 3105 1102 dixisset,

558 1113 960 1203 complexus
1022 1124 1124 1183 est
1180 1134 1379 1192 eum,
1451 1124 1517 1182 et
1566 1113 1857 1182 immisit
1920 1113 1988 1180 in
2052 1134 2129 1182 os
2177 1113 2328 1202 ejus
2390 1123 2657 1201 partem
2708 1110 2839 1177 favi
2892 1110 3108 1181 illius.

562 1203 771 1292 Cujus
820 1201 1259 1271 dulcedinem
1322 1213 1526 1287 atque
1587 1201 1868 1270 odorem
1898 1201 1991 1270 ita
2033 1215 2312 1270 sanctus
2342 1201 2652 1269 Joannes
2700 1201 3116 1289 concupisse

562 1313 635 1361 se
682 1291 874 1370 dixit,
914 1303 987 1359 ut
1015 1291 1073 1358 si
1110 1291 1175 1358 in
1217 1289 1366 1378 ipsa
1401 1289 1813 1359 revelatione
1847 1302 2143 1380 potestas
2185 1289 2450 1368 fuisset,
2499 1288 2584 1357 ab
2626 1288 2775 1376 ejus
2806 1289 3114 1376 vestigiis

562 1379 757 1448 nullo
808 1379 1009 1448 modo
1060 1378 1474 1448 recessisset.
1512 1384 1587 1447 Et
1636 1392 1867 1448 tamen
1907 1380 2034 1448 hoc
2076 1401 2208 1447 non
2262 1377 2386 1447 diu
2419 1376 2907 1446 dissimulavit.
2944 1382 3113 1445 Nam

561 1469 893 1537 excitatus
941 1490 978 1535 a
1029 1488 1294 1547 somnO,
1330 1468 1570 1536 eadem
1603 1467 1740 1548 die,
1782 1467 1848 1536 id
1883 1481 2009 1548 est,
2063 1467 2306 1553 quinta
2345 1466 2536 1548 feria,
2582 1467 2780 1554 juxta
2812 1488 3110 1535 consue-

563 1556 874 1625 tudinem
908 1578 1102 1624 suam
1158 1578 1609 1626 remunerans
1644 1579 1888 1626 omnes
1929 1556 2245 1634 Clericos,
2300 1569 2506 1641 atque
2540 1555 2967 1646 pauperibus
2997 1554 3114 1623 tri-

559 1649 806 1725 buens,
847 1667 1059 1716 sanus
1110 1645 1533 1714 Dominicam
1571 1667 1854 1714 coenam
1895 1645 2299 1714 celebravit:
2346 1658 2529 1713 sexta
2581 1665 2734 1712 vero
2770 1643 2936 1712 seria
2962 1665 3117 1711 ora-
3153 1682 3160 1686 ·

558 1734 726 1806 tioni
754 1735 1035 1803 vacavit.
1072 1734 1366 1803 Sabbato
1397 1747 1653 1814 autem,
1687 1734 1992 1803 secunda
2013 1734 2183 1802 hora
2211 1733 2372 1813 diei,
2406 1733 2622 1801 laetus
2644 1732 2729 1799 ad
2749 1731 3112 1801 ecclesiam

558 1824 912 1916 processit,
966 1837 1031 1891 et
1076 1845 1362 1892 ascenso
1407 1823 1762 1903 tribunali,
1819 1846 1899 1890 ex
1952 1844 2138 1890 more
2192 1821 2525 1912 populum
2594 1820 2936 1898 salutavit,
3002 1843 3109 1888 re-

560 1912 1037 1997 salutatusque
1096 1935 1135 1979 a
1203 1912 1500 2001 popuIO,
1565 1913 1944 1981 orationem
1999 1911 2222 1993 dedit,
2294 1923 2359 1979 et
2415 1908 2700 1979 collecta
2756 1910 3104 1989 oratione,

560 2001 878 2093 spiritum
929 1999 1292 2069 exhalavit.
1347 2006 1438 2069 Ea
1488 2013 1717 2069 tamen
1774 2012 1966 2069 nocte
2003 2000 2068 2067 in
2112 1999 2402 2070 ecclesia
2435 1998 2794 2088 vigilatum
2848 2011 2971 2066 est.

648 2093 685 2176 ξ
733 2093 827 2158 9.
884 2094 1157 2158 Postera
1182 2102 1412 2159 autem
1464 2089 1598 2170 die,
1630 2089 1699 2157 id
1734 2101 1857 2169 est,
1897 2088 2181 2168 Pascha,
2218 2087 2632 2156 illuminatis
2669 2087 3112 2176 lampadibus

561 2201 721 2249 cum
771 2178 1032 2268 ingenti
1084 2178 1590 2268 neophytorum
1630 2200 1906 2268 pompa,
1948 2190 2399 2264 prosequente
2425 2176 2631 2244 etiam
2664 2175 3112 2244 multitudine

564 2266 982 2359 populorum
1032 2289 1251 2352 usque
1300 2267 1385 2335 ad
1429 2266 1852 2355 sepulcrum,
1894 2266 2260 2356 gloriosam
2298 2278 2500 2351 atque
2553 2264 2976 2333 laudabilem
3006 2286 3108 2332 se-

567 2356 919 2446 pulturam
971 2355 1260 2444 adeptus
1307 2369 1429 2425 est.
1486 2361 1665 2424 Haec
1731 2355 1882 2425 ideo
1944 2354 2477 2424 commemoravi
2529 2352 2872 2422 nobilitati
2925 2366 3103 2430 tuae,

566 2458 643 2514 ut
666 2445 871 2515 etiam
900 2444 1012 2514 hic
1042 2445 1358 2514 meritum
1396 2450 1459 2513 S.
1492 2445 1765 2515 Paulini
1806 2466 2236 2535 agnosceres.
2275 2444 2497 2513 Habes
2528 2443 2711 2511 enim
2751 2441 3108 2511 materiam

566 2534 868 2614 dicendi,
924 2535 983 2603 si
1036 2535 1160 2603 tibi
1202 2548 1425 2602 tamen
1482 2556 1615 2602 non
1682 2534 1856 2603 desit
1897 2533 2066 2602 fides
2127 2533 2475 2602 credendi.
2533 2537 2609 2600 Et
2657 2532 2810 2600 ideo
2857 2552 3114 2617 quaeso

566 2623 990 2693 nobilitatem
1026 2635 1239 2702 tuam,
1285 2636 1359 2691 ut
1390 2623 1568 2692 sicut
1617 2624 2012 2712 promittere
2044 2622 2373 2711 dignatus
2427 2643 2524 2697 es,
2578 2621 2911 2709 praeclari
2952 2641 3112 2708 ope-

569 2713 666 2782 ris
716 2734 974 2782 munus
1007 2713 1384 2780 accelerare
1431 2712 1764 2801 digneris,
1818 2726 2316 2780 consecuturus
2349 2710 2732 2799 praemium
2770 2708 2998 2778 laudis
3046 2718 3114 2776 et

565 2801 846 2891 gloriae,
901 2801 959 2869 si
1011 2800 1216 2869 vitam
1275 2800 1494 2869 sancti
1547 2800 1671 2868 viri
1727 2801 2013 2890 posteris
2070 2800 2526 2888 profuturam,
2583 2799 2892 2867 versibus
2941 2796 3110 2863 illu-

566 2890 911 2959 straveris.
970 2889 1239 2958 Utinam
1275 2901 1640 2977 antequam
1682 2889 2103 2977 proficiscar,
2152 2889 2362 2977 hujus
2395 2886 2623 2978 operis
2674 2886 2954 2955 lectione
3003 2883 3110 2950 di-

618 2999 779 3046 num
838 3000 947 3046 me
997 2976 1253 3046 facias:
1307 2978 1470 3064 quia
1524 2978 1580 3048 si
1645 2978 1908 3046 Christo
1978 2976 2334 3068 placuerit,
2389 2977 2719 3045 continuo
2785 2974 3115 3063 navigare

559 3002 875 3156 dispono,
927 3066 1109 3136 Obiit
1157 3071 1221 3135 S.
1263 3067 1595 3135 Paulinus
1642 3066 2089 3156 Episcopusx
2121 3065 2453 3135 Calendas
2498 3065 2727 3144 Junii,
2784 3070 2987 3134 Passo
3045 3075 3114 3131 et

567 3155 896 3224 Antiocho
948 3154 1388 3236 Consulibus,
1432 3156 1559 3224 hoc
1607 3166 1731 3235 est,
1776 3177 1957 3223 anno
2009 3155 2162 3224 Chr.
2199 3176 2516 3224 ccccxxxi.

818 3370 956 3447 DE
1010 3369 1370 3448 EODEM
1426 3370 1497 3448 S.
1558 3370 2020 3450 PAULINO
2076 3370 2389 3450 EPISC.
2451 3362 2867 3448 NOLANO

1273 3587 1429 3651 PER
1478 3587 1550 3650 D.
1604 3586 2084 3652 GREGORIUM
2153 3587 2414 3651 ΡΑΡΑΜ

1333 3756 1466 3823 Lib.
1522 3758 1685 3822 IIII.
1744 3756 2009 3843 Dialoq.
2070 3759 2228 3845 Cap.
2287 3758 2343 3823 I.

648 3951 684 4035 ξ
734 3955 809 4021 1.
868 3953 1039 4017 Dum
1080 3948 1328 4017 vicinis
1377 3948 1572 4018 valde
1621 3949 1937 4039 patribus
1986 3948 2290 4029 intendo,
2339 3949 2685 4036 majorum
2737 3948 2915 4018 facta
2956 3950 3122 4019 reli-

564 4059 876 4125 queram,
929 4037 1023 4105 ita
1069 4051 1146 4106 ut
1211 4037 1481 4107 Paulini
1522 4038 1944 4108 miraculum
1994 4038 2293 4108 Nolanae
2333 4038 2527 4108 urbis
2575 4038 2936 4138 Episcopi,
2991 4039 3118 4125 qui

568 4124 848 4205 multos,
890 4147 1186 4212 quorum
1221 4126 1530 4207 memini,
1577 4125 1825 4196 virtute
1871 4138 1935 4196 et
1969 4139 2269 4217 tempore
2311 4140 2702 4217 praecessit,
2741 4129 3120 4207 memoriae

566 4214 869 4284 defuisse
917 4213 1249 4284 videatur.
1288 4215 1415 4284 Sed
1464 4214 1550 4284 ad
1603 4216 1832 4305 priora
1883 4237 2070 4285 nunc
2113 4215 2338 4296 rede0,
2376 4237 2594 4303 eaque
2623 4227 2879 4303 quanta
2917 4216 3115 4285 valeo

569 4304 898 4374 brevitate
965 4305 1375 4404 perstringo.
1452 4304 1642 4373 Sicut
1688 4305 1875 4373 enim
1924 4305 2262 4374 bonorum
2315 4304 2491 4375 facta
2539 4305 2964 4375 innotescere
3014 4305 3117 4374 ci-

572 4394 708 4463 tius
774 4391 1122 4464 similibus
1170 4392 1412 4474 solent,
1482 4393 1873 4464 senioribus
1931 4393 2183 4464 nostris
2233 4415 2353 4484 per
2389 4394 2739 4484 justorum
2799 4392 3120 4483 exempla
