3357 4995
192 353 231 417 J
245 350 418 416 UNII
468 351 545 415 44
1107 369 1186 416 m:
1234 368 1290 415 s.
1345 364 1591 413 casino
1638 364 1851 412 meno
2533 348 2663 415 337

189 454 322 524 Hic
369 453 553 523 enim
615 453 762 542 jam
815 451 1018 541 plane
1079 453 1416 534 moritur,
1472 450 1720 538 inquit.
1784 450 1877 518 Ad
1929 471 2133 536 quem
2196 451 2492 522 Basilius
2526 508 2542 536 ‚
2631 457 2760 524 Ne-

194 542 360 624 scis,
389 542 509 623 ait,
545 540 709 629 quid
749 539 1077 628 loquaris,
1116 546 1193 611 At
1224 553 1463 611 contra
1525 538 1783 629 ‚Ioseph
1834 538 2207 608 Hebraeus:
2277 540 2492 610 Crede
2547 542 2758 624 mihi,

192 631 447 719 inquit,
504 630 832 700 domine:
867 630 966 699 sol
1017 653 1177 700 cum
1222 630 1364 700 sole
1392 627 1596 698 hodie
1644 628 2031 698 occumbet.
2069 632 2146 698 Et
2176 629 2504 699 Basilius:
2550 631 2757 713 Quid,

191 721 313 801 ait,
368 720 682 790 dicturus
728 740 847 800 eS,
903 719 961 790 si
1031 740 1253 807 usque
1303 719 1372 786 in
1450 728 1726 816 tempus
1790 718 2211 789 matutinum
2263 719 2766 809 supervixero?

193 809 374 878 Dicit
419 808 752 877 Judaeus:
809 807 883 876 Id
920 808 1228 894 quidem,
1284 806 1380 875 mi
1430 805 1735 885 domine,
1781 805 1930 874 fieri
1959 804 2153 874 nulla
2194 807 2761 897 ratione'potest;

190 919 359 967 nam
412 897 518 966 vix
568 897 729 966 hora
784 895 1077 966 dimidia
1125 896 1335 965 vitam
1365 894 1833 985 producturus
1882 916 1974 963 es.
2019 900 2255 981 Itaque
2299 895 2596 985 dispone
2615 896 2763 987 jam

192 986 282 1056 de
331 985 632 1055 Ecclesia
686 998 798 1054 tua
828 997 891 1055 et
931 985 1016 1054 de
1064 984 1271 1054 rebus
1323 983 1481 1063 tuis,
1533 1004 1668 1052 non
1719 982 1903 1052 enim
1954 982 2041 1051 ad
2076 982 2509 1054 occidentem
2541 1007 2767 1073 usque

195 1074 408 1145 solem
462 1086 813 1163 superstes
858 1073 1018 1143 eris,
1054 1078 1129 1144 At
1170 1071 1490 1141 Basilius:
1536 1071 1717 1154 Quid
1765 1070 2079 1141 facturus
2108 1094 2204 1152 eS‚
2264 1072 2519 1160 inquit,
2576 1075 2630 1142 si
2693 1075 2764 1143 in

196 1164 580 1233 crastinum
616 1162 701 1231 ad
739 1175 995 1232 sextam
1054 1183 1279 1250 usque
1326 1160 1570 1229 horam
1620 1161 1816 1229 vivus
1868 1165 2370 1260 permansero?
2419 1167 2557 1263 Ego
2600 1185 2765 1254 pro-

195 1252 374 1322 fecto
426 1251 703 1331 moriar,
750 1251 845 1320 ait
903 1251 1040 1320 ille.
1110 1255 1186 1320 Et
1236 1251 1339 1318 vir
1401 1261 1729 1320 sanctus:
1786 1252 2005 1317 Euam
2075 1250 2418 1331 moriaris,
2475 1253 2709 1339 inquit
2742 1308 2758 1334 ‚

196 1351 501 1431 peccam,
555 1340 742 1409 vivas
771 1351 999 1408 autem
1059 1339 1348 1409 Christo.
1414 1338 1564 1407 Scio
1612 1338 1783 1424 quid
1846 1337 2074 1419 dicaS,
2129 1339 2226 1408 ait
2263 1339 2645 1421 HebraeuS,
2698 1352 2765 1411 et

200 1430 452 1500 faciam
503 1438 671 1499 sane
699 1428 880 1515 quod
913 1429 1037 1509 viS,
1082 1428 1141 1498 si
1170 1448 1474 1515 eousque
1519 1427 1793 1496 vixeris:
1833 1426 2400 1516 terribilibusque
2432 1451 2504 1499 se
2528 1452 2768 1499 sacra-

201 1518 456 1588 mentis
503 1517 902 1607 obligabat,
955 1518 1139 1604 quod
1190 1539 1474 1608 prorsus
1523 1516 1755 1585 Sancti
1819 1516 2118 1605 Spiritus
2169 1518 2556 1608 perciperet
2604 1540 2767 1609 gra-

201 1607 396 1686 tiam,
451 1606 509 1675 si
559 1606 663 1674 vir
697 1618 978 1676 sanctus
1026 1606 1110 1674 ad
1159 1628 1311 1675 eam
1360 1626 1580 1692 usque
1636 1605 1873 1674 h'oram
1929 1619 2340 1705 superesset.
2396 1612 2639 1695 Itaque
2696 1610 2762 1677 S.

200 1707 398 1787 pater
436 1707 666 1765 noster
691 1694 930 1764 orabat
968 1695 1337 1764 Dominum
1387 1706 1465 1763 ut
1498 1692 1779 1762 adderet
1837 1692 2116 1781 aliquod
2167 1694 2341 1765 vitae
2380 1718 2549 1766 suae
2608 1718 2773 1786 spa-

201 1785 380 1854 tium
431 1805 566 1871 quo
620 1795 844 1872 posset
891 1782 1090 1853 illum
1123 1783 1392 1853 salvum
1440 1780 1684 1851 facere.

292 1875 330 1960 ξ
376 1878 538 1945 33.
595 1877 792 1942 Facto
840 1894 1066 1953 mane,
1119 1871 1498 1952 accersivit,
1560 1869 1907 1940 Judaeum
1959 1871 2043 1940 ad
2096 1894 2191 1941 se.
2239 1871 2361 1942 Ille
2412 1894 2566 1942 vero
2616 1874 2766 1964 jam

204 1961 414 2053 plane
446 1961 820 2031 extinctum
870 1983 1026 2030 eum
1064 1961 1460 2040 arbitratu5‚
1508 1958 1901 2029 diffidenter
1946 1959 2256 2041 advenit;
2308 1983 2599 2031 cernens
2641 1985 2769 2032 au—

204 2064 342 2121 tem
388 2050 587 2120 illum
630 2049 871 2131 vivere,
927 2050 1130 2140 plane
1178 2047 1719 2139 obstupefactus,
1754 2048 2015 2119 corruit
2043 2049 2128 2118 ad
2178 2050 2329 2140 ejus
2363 2050 2595 2141 pedeS‚
2637 2051 2767 2120 ait-

206 2161 382 2227 que:
420 2163 454 2205 «
484 2144 646 2208 Toto
679 2151 947 2228 pectore
997 2138 1261 2225 loquor,
1301 2159 1437 2207 non
1472 2148 1573 2206 est
1602 2142 1782 2207 Deus
1816 2159 2114 2229 magnus
2144 2139 2326 2209 sicut
2366 2144 2545 2210 Deus
2575 2140 2770 2209 Chri-

211 2227 619 2309 stianorum,
676 2249 798 2297 nec
847 2239 948 2296 est
1002 2228 1183 2298 alius
1230 2240 1419 2297 extra
1464 2226 1664 2296 illum
1724 2232 1922 2296 Deus,
1988 2232 2223 2313 Itaque
2272 2228 2515 2319 abjuro
2580 2229 2761 2319 jam,

210 2316 478 2386 Christo
525 2316 844 2396 invisam,
897 2316 1327 2386 «Iudaeorum
1361 2314 1791 2407 religionem,
1839 2326 1905 2383 et
1955 2315 2246 2385 fideliter
2285 2317 2535 2386 accedo
2585 2316 2764 2387 veri-

209 2403 358 2473 tati.
410 2405 583 2474 Jube
629 2426 792 2496 ergo
826 2405 975 2473 sine
1014 2405 1341 2475 dilatione
1388 2404 1681 2475 conferri
1724 2404 1967 2474 Christi
1999 2405 2305 2495 signum,
2344 2427 2762 2492 sacrumque

206 2493 579 2584 baptisma·
631 2508 696 2565 et
727 2493 894 2564 mihi
946 2508 1014 2564 et
1043 2494 1400 2564 universae
1428 2492 1729 2563 familiae
1757 2515 2012 2563 meae.»
2051 2494 2153 2581 Ait
2184 2493 2282 2564 illi
2316 2495 2420 2563 vir
2450 2509 2756 2565 sanctus:

211 2607 250 2650 «
282 2587 420 2675 Ego
485 2583 655 2652 meis
691 2584 1015 2654 manibus
1063 2596 1128 2653 et
1169 2595 1237 2652 te
1270 2595 1335 2652 et
1382 2603 1656 2651 omnem
1696 2580 2030 2651 familiam
2083 2597 2270 2653 tuam
2322 2583 2761 2673 baptizabo.»

210 2672 558 2742 Accedens
588 2684 813 2741 autem
848 2670 1156 2763 propius,
1182 2670 1413 2740 denuo
1448 2662 1637 2739 illitis
1677 2670 2022 2739 dexteram
2060 2693 2345 2740 manum
2380 2684 2773 2742 contrecta-

205 2761 307 2831 vit
337 2761 672 2842 Judaeus,
709 2760 1056 2849 dixitque:
1094 2783 1130 2827 «
1164 2760 1549 2830 Delassatae
1579 2770 1743 2828 sunt
1768 2759 1944 2828 vires
1984 2769 2164 2841 tuae,
2205 2761 2512 2842 Domine,
2555 2774 2619 2831 et
2651 2782 2801 2833 nae·

210 2861 367 2920 tura
400 2849 814 2921 succumbit.
853 2875 880 2914 ι
921 2856 996 2919 At
1020 2849 1349 2920 Basilius:
1397 2872 1434 2915 «
1471 2847 1845 2929 HabemuS,
1902 2848 2151 2936 inquit,
2193 2862 2478 2919 naturae
2534 2862 2774 2920 aucto-

208 2961 384 3020 rem,
438 2939 617 3008 vires
666 2939 869 3010 nobis
902 2939 1495 3030 suppeditantem;
1537 2960 1572 3004 »
1603 2958 2034 3027 surgensque
2066 2937 2344 3007 venitin
2373 2937 2765 3020 ecclesiam,

209 3038 281 3096 et
311 3027 442 3097 sub
491 3039 772 3118 aspectu
824 3027 1031 3099 totius
1065 3028 1307 3118 populi
1356 3026 1723 3117 baptizavit
1769 3046 1929 3094 eum
1978 3047 2136 3095 cum
2188 3027 2379 3095 omni
2430 3027 2640 3096 domo
2692 3025 2773 3095 il-

211 3115 396 3199 lius,
465 3115 861 3203 vocavitque
910 3117 1107 3186 illum
1158 3122 1542 3196 Joannem3
1597 3114 2067 3203 porrectisque
2119 3115 2224 3184 illi
2282 3116 2610 3185 vitalibus
2665 3138 2776 3185 sa-

213 3205 613 3286 cramenti5‚
668 3205 1045 3296 assumpsit
1084 3226 1242 3274 eum
1274 3217 1339 3274 et
1372 3204 1657 3274 adduxit
1701 3204 1770 3272 in
1822 3203 2226 3275 cubiculum
2281 3228 2513 3299 suum,
2571 3226 2774 3295 prae-

213 3294 390 3364 bens
429 3294 493 3362 ei
538 3316 792 3373 escam,
831 3307 896 3364 et
929 3294 1300 3363 instituens
1335 3293 1533 3363 illum
1568 3292 1653 3361 de
1689 3292 1772 3362 iis
1806 3315 1983 3379 quae
2029 3294 2113 3362 ad
2164 3306 2511 3363 aeternam
2560 3294 2771 3362 vitam

269 3382 586 3464 eminent,
641 3381 1112 3469 ad‘iciensque
1160 3404 1287 3451 suo
1333 3382 1493 3451 ovili
1524 3402 1774 3451 novum
1813 3381 2061 3451 Christi
2091 3396 2397 3472 tyronem
2428 3404 2589 3451 cum
2624 3404 2776 3451 mu-

215 3405 505 3541 lieribus
552 3483 618 3541 et
665 3471 714 3539 li
765 3472 902 3540 eris
951 3470 1163 3555 illius.
1218 3470 1571 3540 Hebraeus
1618 3482 1847 3539 autem
1900 3469 2015 3538 ille
2063 3471 2592 3558 insequentibus
2624 3471 2771 3541 die-

215 3562 374 3642 bus,
424 3582 543 3650 per
590 3560 833 3629 domos
872 3559 1247 3650 hospitales
1293 3559 1751 3629 distribuebat
1784 3559 2149 3648 pecuniam
2201 3581 2281 3629 ex
2330 3574 2475 3629 arte
2505 3558 2778 3629 medica

214 3649 616 3730 conflatam,
656 3661 721 3718 et
751 3650 936 3736 quod
964 3661 1322 3739 supererat
1358 3647 1786 3739 pauperibus
1833 3646 2318 3738 elargiebatur.
2353 3653 2558 3718 Porro
2592 3649 2779 3718 circa

217 3738 463 3807 horam
518 3760 770 3807 nonam
830 3738 1127 3808 Basilius
1193 3737 1278 3806 ad
1330 3739 1572 3806 Missae
1639 3736 2101 3807 ministerium
2166 3738 2348 3808 stetit
2397 3738 2466 3807 in
2520 3737 2779 3829 templo

214 3849 379 3896 cum
432 3825 666 3897 electis
706 3826 979 3897 clericis
1026 3839 1091 3896 et
1138 3825 1502 3895 Praefectis
1532 3824 1873 3905 civitatis;
1914 3825 2304 3913 iterumque
2338 3849 2495 3896 cum
2526 3827 2628 3898 eis
2664 3849 2782 3918 pa-

218 3935 383 3985 nem
434 3936 741 3997 sumens,
798 3915 1071 3985 dimisit
1117 3937 1233 3986 eos
1282 3916 1455 3985 bene
1497 3913 1896 3995 instructos,
1943 3914 2270 4004 adjuncto
2302 3916 2504 3985 etiam
2543 3915 2780 3985 osculo

218 4017 507 4085 sancto:
562 4005 1208 4092 commendavitque
1259 4004 1546 4074 Domino
1598 4015 1742 4071 tum
1805 4024 2057 4073 novum
2109 4004 2356 4074 Christi
2422 4017 2777 4093 tyronem,

219 4106 370 4163 turn
407 4105 710 4163 caeteros
750 4114 1033 4174 omnes;
1073 4106 1277 4182 atque
1311 4093 1580 4163 tertiam
1629 4091 1819 4161 illam
1854 4093 2368 4164 communionis
2395 4094 2780 4183 portionem

220 4203 265 4250 a
292 4181 582 4250 Domino
616 4182 750 4273 ipsi
799 4182 1028 4252 datam
1081 4205 1237 4252 cum
1280 4185 1420 4270 qua
1457 4180 1856 4272 sepulturae
1907 4179 2083 4250 tradi
2115 4182 2352 4265 voluit,
2386 4185 2776 4263 assumenS,

220 4281 290 4339 et
339 4269 410 4337 in
466 4269 634 4340 lecto
688 4273 1121 4352 recumbens,
1195 4271 1458 4362 prolixe
1526 4270 1788 4372 gratias
1834 4271 1973 4361 egit
2023 4275 2152 4340 Deo
2201 4283 2348 4342 tum
2397 4293 2522 4361 pro
2572 4276 2699 4341 sua
2745 4291 2782 4338 e

220 4379 515 4449 corpore
565 4359 995 4449 migratione,
1030 4372 1174 4431 tum
1210 4382 1334 4452 pro
1363 4359 1619 4429 medici
1668 4359 1957 4431 Hebraei
2004 4361 2475 4432 conversione.
2511 4366 2587 4430 Et
2618 4380 2779 4430 cum

397 4578 639 4637 surius
668 4608 691 4621 ·
722 4575 885 4640 Vitae
924 4574 1031 4639 SS.
1064 4608 1088 4621 -
1112 4576 1239 4637 Vol.
1274 4576 1371 4638 VI.
2562 4578 2643 4637 22
