3357 4995
726 302 850 367 434
1306 320 1384 367 nn
1431 321 1485 368 s.
1541 318 1875 368 commem
1925 317 2122 366 muse.
2176 319 2252 366 ΕΤ
2299 318 2492 367 nar.
2870 300 3086 366 JUNII
3129 303 3162 365 5

894 470 1404 517 REVERENTlssmo
1432 471 1503 516 m·
1532 469 1918 516 SANcrlssmo
1947 470 2172 515 FRATRI
2203 469 2525 515 Romi-'Aeto
2554 468 2922 526 coepiscope,

1355 551 1708 597 ZACHARIAS
1737 549 1959 596 SERVUS
1988 548 2306 596 sssnvomm
2335 550 2457 595 DEI.

711 645 1004 723 Virgilius
1055 653 1116 708 et
1157 643 1440 707 Sidonius
1490 643 1761 723 religiosi
1813 646 1958 719 viri,
1991 644 2148 721 apud
2194 642 2607 721 Bajoariorum
2660 644 3041 724 provinciam
3081 644 3171 706 de-

632 733 871 802 genteS,
916 727 1040 787 suis
1068 741 1178 786 nos
1217 724 1415 788 literis
1444 726 1779 799 visitantes,
1810 725 2184 787 intimarunt
2208 724 2368 803 quod
2403 730 2502 786 tua
2535 724 2873 787 reverenda
2902 722 3172 787 fraterni·

634 813 722 867 tas
749 807 835 868 eis
867 805 1214 883 injungeret
1253 802 1634 867 Christianos
1676 805 1880 868 denuo
1909 805 2240 885 baptizare.
2275 802 2444 877 Quod
2475 802 2814 877 audienteS,
2841 803 3024 865 nimis
3046 819 3174 865 con·

632 885 858 947 turbati
885 901 1119 956 sumus,
1147 891 1212 945 et
1255 884 1318 946 in
1350 884 1822 948 admirationem
1855 899 2146 962 magnam
2187 882 2541 954 incidimuS,
2580 884 2630 944 si
2677 882 2959 955 liabetur,
3003 891 3071 944 ut
3095 884 3172 945 di·

627 971 793 1026 ctum
823 971 933 1026 est.
964 963 1331 1026 Retulerunt
1356 964 1598 1044 quippe,
1643 965 1806 1043 quod
1836 966 2023 1028 ruerit
2066 964 2131 1026 in
2173 963 2384 1026 eadem
2417 962 2732 1040 provincia
2754 962 3046 1035 sacerdos,
3075 963 3173 1039 qui

629 1043 913 1106 Latinam
957 1043 1236 1121 linguam
1282 1043 1528 1136 penitus
1570 1043 1924 1120 ignorabat,
1967 1050 2031 1107 et
2071 1045 2216 1107 dum
2265 1043 2335 1106 ba
2385 1043 2620 1115 tizaret,
2664 1045 2945 1106 nesciens
2986 1042 3172 1105 Latini

628 1123 858 1202 eloquii
901 1123 1225 1200 linguam,'
1252 1122 1513 1186 diceret:
1548 1123 1793 1202 Baptizo
1835 1131 1894 1186 te
1937 1124 2002 1187 in
2045 1124 2301 1186 nomine
2388 1122 2543 1184 atria
2571 1128 2633 1184 et
2659 1122 2811 1184 Filia
2842 1128 2904 1185 et
2933 1121 2974 1183 S
3015 1122 3175 1184 iritus

629 1202 848 1266 Sancta
868 1227 893 1270 ε,
929 1220 997 1266 ac
1026 1215 1135 1280 per
1156 1204 1268 1265 hoc
1299 1209 1402 1266 tua
1429 1203 1769 1266 reverenda
1803 1202 2152 1267 fraternitas
2174 1202 2427 1279 jusserit
2456 1202 2855 1282 rebaptizare.
2888 1200 2928 1264 S
3009 1249 3027 1275 ,
3053 1216 3174 1264 san·

630 1283 900 1345 ctissime
944 1284 1152 1354 frater,
1194 1283 1245 1344 si
1289 1282 1391 1345 ille
1431 1283 1537 1362 qui
1582 1283 1935 1361 baptizavit,
1980 1299 2101 1345 non
2145 1297 2420 1346 errorem
2465 1282 2861 1345 introducens
2900 1289 3004 1344 aut
3049 1281 3170 1344 hae·

633 1362 848 1436 resim,
899 1362 1002 1425 sed
1044 1362 1169 1424 sola
1215 1363 1561 1440 ignorantia
1604 1361 1912 1426 Romanae
1953 1362 2276 1426 locutionis
2319 1361 2715 1440 infringendo
2756 1360 3029 1439 linguam
3057 1409 3073 1434 ,
3114 1366 3174 1421 ut

630 1441 878 1520 praefati
903 1456 1138 1513 sumus,
1182 1441 1495 1520 baptizans
1535 1443 1799 1516 dixerat,
1828 1458 1952 1504 non
1997 1458 2312 1522 possumus
2352 1442 2719 1514 consentire,
2758 1448 2827 1503 ut
2866 1440 2943 1504 ab
2985 1457 3055 1503 eo
3086 1440 3174 1502 ba·

631 1522 861 1598 ptizati,
908 1521 1111 1583 denuo
1139 1520 1555 1600 baptizentur:
1588 1523 1755 1601 quia,
1799 1523 1956 1586 sicut
1999 1531 2098 1585 tua
2141 1522 2301 1584 bene
2343 1522 2513 1582 novit
2561 1528 2763 1584 sancta
2819 1520 3173 1593 fraternitas,

633 1601 1007 1679 quicumque
1050 1599 1382 1690 baptizatus
1426 1601 1615 1664 fuerit
1675 1601 1751 1664 ab
1795 1601 2118 1665 haereticis
2176 1602 2243 1662 in
2304 1600 2554 1670 nomine
2601 1599 2796 1662 Patris
2838 1608 2904 1662 et
2946 1599 3078 1662 Filii
3125 1606 3176 1660 et

631 1678 893 1756 Spiritus
948 1680 1176 1753 Sancti,
1209 1680 1381 1742 nullo
1424 1681 1605 1743 modo
1635 1681 1998 1761 rebaptizari
2042 1681 2244 1752 debet,
2278 1678 2383 1741 sed
2470 1696 2537 1741 er
2578 1679 2769 1741 solam
2811 1696 3033 1742 manus
3071 1678 3173 1739 im-

632 1761 996 1837 positionem
1037 1760 1397 1838 purgandus
1440 1767 1552 1822 est.
1616 1758 1677 1823 Si
1722 1777 1873 1838 ergo
1916 1761 1995 1822 ita
2037 1768 2171 1833 est,
2218 1765 2286 1820 ut
2339 1774 2415 1821 no
2483 1776 2511 1819 s
2561 1758 2822 1822 relatum
2866 1766 2998 1831 est,
3049 1757 3176 1820 nolo

631 1838 890 1915 amplius
937 1855 968 1900 a
1016 1846 1073 1902 te
1118 1838 1236 1900 illis
1276 1839 1664 1918 praedicetur
1708 1839 2059 1917 hujusmodi
2103 1838 2411 1902 doctrina:
2458 1838 2561 1902 sed
2625 1847 2694 1900 ut
2753 1841 2949 1903 sancti
2991 1838 3176 1900 Patres

631 1917 851 1980 docent
891 1926 952 1980 et
994 1919 1365 1997 praedicant,
1401 1925 1499 1982 tua
1529 1920 1815 1982 sanctitas
1840 1919 2081 1983 studeat
2106 1933 2491 1982 conservare.
2529 1918 2692 1982 Deus
2720 1924 2777 1981 te
2808 1918 3168 1982 incolumem

634 1998 952 2071 custodiat,
994 1998 1494 2062 reverentissime
1536 2000 1743 2062 frater.

631 2132 661 2167 ⁴⁸
691 2148 1233 2194 Exci-:LLENTISSIMO
1261 2149 1443 2194 PA'rm
1474 2149 1667 2202 ATQUE
1711 2149 2066 2195 APOSTomco
2094 2150 2395 2195 Pox'rn-'lct
2425 2148 2783 2193 zAanRlAE
2827 2147 3059 2204 PAPAE,
3086 2145 3175 2190 Bo-

712 2228 990 2273 Nti-'Acms
1019 2228 1283 2274 Exmuus
1311 2228 1531 2274 SERVUS
1572 2229 1889 2275 siznvomm
1932 2229 2053 2287 nm,
2077 2229 2416 2275 OPTABILEM
2448 2230 2511 2274 lx
2544 2228 2794 2273 cnmsro
2827 2224 3178 2272 euAanATts

716 2308 1016 2353 SALUTEM.

715 2406 1038 2485 Postquam
1081 2421 1182 2470 me
1227 2415 1370 2469 ante
1410 2423 1602 2470 annos
1646 2424 1834 2488 prope
1882 2408 2135 2485 triginta
2197 2407 2309 2470 sub
2371 2405 2781 2471 familiaritate
2829 2412 2892 2467 et
2943 2402 3177 2468 servitio

631 2486 1013 2567 Apostolicae
1056 2485 1266 2561 Sedis,
1310 2494 1627 2552 annuente
1672 2496 1734 2550 et
1772 2487 2029 2567 jubente
2078 2487 2468 2551 venerandae
2511 2488 2843 2550 memoriae
2905 2483 3179 2548 Antistite

629 2567 969 2646 Apostolico
1014 2565 1307 2644 Gregorio
1333 2617 1349 2641 ,
1392 2569 1700 2631 anteriore
1739 2576 1884 2630 voto
1925 2568 2264 2629 constrinxi
2292 2616 2309 2637 .
2353 2567 2643 2647 quidquid
2707 2567 2864 2628 milii
2933 2563 3179 2629 laetitiae

632 2647 732 2709 vel
784 2647 1065 2708 tristitiae
1107 2648 1430 2721 acciderat,
1474 2646 1818 2727 Apostolico
1861 2645 2146 2709 Pontifici
2173 2646 2440 2710 solebam
2475 2646 2767 2719 indicare,
2799 2655 2868 2707 ut
2913 2648 2978 2708 in
3021 2642 3178 2706 laetis

631 2726 819 2788 simul
849 2725 1237 2789 laudaremus
1279 2726 1638 2797 Dominum,
1681 2735 1741 2789 et
1784 2730 1850 2790 in
1897 2726 2172 2789 tristibus
2197 2727 2326 2805 eius
2355 2725 2609 2788 consilio
2651 2726 2999 2790 roborarer.
3027 2723 3104 2785 lta
3129 2729 3180 2782 et

629 2821 798 2868 nunc
840 2805 998 2866 mihi
1043 2804 1222 2868 liceat
1263 2805 1439 2868 vobis
1481 2808 1789 2879 indicare,
1833 2822 2049 2885 precor
2074 2853 2090 2880 ,
2155 2807 2313 2868 sicut
2351 2807 2654 2884 scriptum
2699 2812 2828 2866 est:
2874 2804 3180 2879 Interroga

631 2894 864 2963 patrem
912 2891 1110 2958 tuum,
1160 2890 1223 2946 et
1264 2886 1666 2950 annunciabit
1710 2888 1858 2949 tibi:
1902 2887 2175 2948 seniores
2226 2892 2385 2959 tuos,
2429 2893 2490 2947 et
2529 2885 2738 2947 dicent
2785 2884 2921 2947 tibi.
2972 2882 3179 2945 Notum

627 2966 797 3025 enim
839 2964 918 3025 sit
959 2963 1315 3027 Paternitati
1361 2974 1599 3028 vestrae
1625 3015 1641 3042 ,
1685 2969 1827 3046 quia
1871 2974 2181 3044 postquam
2222 2964 2479 3042 indigno
2537 2964 2689 3027 mihi
2754 2963 3084 3026 mandastis
3122 2961 3181 3022 in

627 3043 946 3121 provincia
992 3043 1391 3119 Francorum,
1436 3046 1593 3108 sicut
1619 3053 1684 3108 et
1730 3046 1837 3122 ipsi
1885 3053 2225 3123 rogarunt,
2267 3044 2625 3107 sacerdotali
2670 3043 2934 3105 concilio
2976 3050 3034 3105 et
3077 3039 3181 3118 Sy-

630 3122 833 3185 nodali
876 3125 1203 3186 conventui
1234 3140 1530 3202 praeesse,
1577 3125 1798 3187 multas
1840 3125 2093 3202 inJurias
2120 3130 2184 3186 et
2225 3124 2680 3202 persecutiones
2723 3138 2932 3201 passus
2979 3136 3107 3183 sum
3146 3133 3176 3179 a

629 3202 794 3264 falsis
820 3203 1254 3276 sacerdotibus,
1296 3212 1359 3265 et
1399 3203 2106 3283 adulteris‘presbyteris
2130 3250 2148 3277 ,
2191 3219 2297 3265 seu
2338 3201 2695 3265 diaconibus
2735 3210 2798 3265 et
2844 3198 3180 3265 fornicariis

630 3282 885 3344 clericis.
934 3283 1238 3345 Maximus
1281 3290 1485 3346 tamen
1528 3284 1681 3346 milii
1727 3283 1894 3345 labor
1935 3289 2023 3345 est
2066 3290 2275 3345 contra
2322 3282 2475 3344 duos
2516 3282 2854 3345 haereticos
2905 3280 3181 3361 pessimos

626 3370 689 3423 et
720 3361 1104 3441 blasphemos
1143 3371 1355 3427 contra
1398 3362 1589 3425 Deum
1619 3370 1681 3425 et
1708 3369 1918 3425 contra
1965 3361 2335 3427 Catholicam
2379 3362 2581 3424 fidem.
2613 3360 2808 3435 Unus,
2832 3364 2940 3441 qui
2971 3360 3180 3422 dicitur

627 3440 1009 3515 Aldebertus,
1056 3444 1305 3505 natione
1333 3441 1539 3506 Gallus
1568 3449 1693 3506 est:
1742 3443 1921 3517 alter,
1949 3444 2055 3521 qui
2098 3443 2325 3505 dicitur
2371 3440 2672 3514 ClemenS,
2704 3455 2942 3517 genere
2985 3438 3182 3502 Scotus

628 3527 751 3582 est:
796 3521 998 3602 specie
1040 3521 1291 3600 quidem
1337 3524 1565 3584 erroris
1605 3523 1878 3596 diversi,
1943 3520 2047 3584 sen
2097 3522 2363 3600 pondere
2413 3529 2798 3601 peccatorum
2860 3531 3179 3599 compares.

627 3598 852 3664 Contra
898 3602 1040 3663 istos
1081 3601 1327 3664 obsecro
1369 3603 1792 3665 auctoritatem
1832 3609 2100 3665 vestram
2127 3648 2144 3676 ‚
2189 3608 2258 3663 ut
2300 3616 2399 3663 me
2438 3600 2768 3664 defendere
2801 3607 2862 3662 et
2902 3599 3183 3685 adjuvare

627 3687 690 3741 et
733 3681 1024 3761 populum
1070 3680 1447 3743 Francorum
1488 3690 1550 3744 et
1582 3680 1897 3744 Gallorum
1923 3696 2031 3759 per
2057 3681 2275 3759 scripta
2309 3687 2508 3743 vestra
2539 3681 2849 3758 corrigere
2877 3678 3183 3763 studeatis.

631 3776 710 3822 ne
755 3761 1205 3823 haereticorum
1246 3760 1475 3823 rabulas
1514 3767 1578 3823 et
1619 3777 1777 3825 vana
1809 3761 2081 3840 prodigia
2110 3778 2180 3824 ac
2208 3760 2382 3837 signa
2424 3760 2839 3839 praecursoris
2881 3755 3184 3818 Antichri-

629 3841 703 3901 sti
748 3848 1097 3904 sectentur:
1142 3839 1248 3901 sed
1288 3840 1363 3903 ad
1403 3837 1712 3903 Canonica
1749 3841 1885 3919 jnra
1926 3846 1987 3902 et
2027 3840 2104 3903 ad
2147 3842 2314 3903 viam
2358 3854 2541 3902 verae
2583 3837 2897 3901 doctrinae
2945 3848 3184 3898 conver·

632 3927 883 3995 tantur,
928 3927 986 3982 et
1029 3925 1095 3981 ut
1138 3933 1245 3996 per
1288 3919 1549 3983 verbum
1592 3927 1872 3984 vestrum
1917 3920 2015 3982 isti
2058 3920 2178 3982 duo
2222 3919 2512 3981 baeretici
2576 3920 2910 3980 mittantur
2956 3917 3020 3977 in
3063 3926 3182 3975 car·

630 4015 861 4070 cerem,
906 3997 1233 4078 nullusque
1274 4015 1414 4061 cum
1456 4001 1543 4061 eis
1582 4000 2087 4063 communionem
2130 3998 2345 4062 habeat
2370 4046 2385 4070 ,
2432 4013 2510 4060 ne
2552 3997 2709 4061 forte
2750 3997 3055 4084 fermento
3094 3990 3187 4052 do·

630 4080 864 4143 ctrinae
892 4078 1138 4140 illorum
1191 4079 1591 4141 fermentatus
1616 4079 1837 4159 aliquis
1880 4088 2109 4156 pereat,
2152 4078 2257 4142 sed
2298 4078 2601 4156 segregati
2650 4078 2886 4150 vivant,
2928 4081 2991 4137 et
3026 4076 3185 4158 Juxta

632 4159 873 4221 dictum
914 4157 1207 4236 Apostoli,
1248 4158 1452 4222 traditi
1495 4165 1741 4223 satanae
1771 4160 1837 4221 in
1882 4160 2206 4222 interitum
2248 4158 2470 4231 carnis,
2499 4164 2566 4220 ut
2606 4157 2856 4236 spiritus
2881 4153 3087 4217 salvus
3112 4152 3187 4210 sit

683 4296 708 4320 ⁸¹
740 4293 976 4341 Quaedam
1005 4294 1326 4343 sequebantur
1353 4294 1587 4334 Romanae
1617 4294 1834 4343 synodus
1855 4295 1982 4340 Actu..
2001 4302 2136 4343 qnae,
2154 4295 2319 4343 utpote
2339 4293 2498 4333 minus
2523 4292 2580 4333 td
2601 4292 2646 4333 S.
2670 4289 2897 4332 Bontucli
2918 4288 3072 4327 Vitam
3091 4292 3187 4335 per·

632 4345 847 4394 tinentia,
877 4348 1165 4388 eliminanda.
1194 4349 1485 4398 censuimus,
1514 4352 1714 4397 excepta
1742 4348 1929 4398 egregi·
1958 4348 2000 4387 8.
2036 4347 2254 4396 Episcopi
2289 4346 2493 4397 epistola
2512 4347 2570 4386 de
2589 4346 2775 4387 duobus
2793 4341 3046 4386 haereticis
3063 4337 3189 4380 Aide-

627 4402 764 4443 berto
786 4403 831 4442 et
854 4401 1113 4448 Clemente,
1132 4402 1190 4443 de
1210 4402 1383 4451 qulbus
1406 4402 1454 4442 ln
1474 4401 1689 4452 praerat·
1709 4402 1895 4451 synodo
1920 4402 2152 4451 agendum
2171 4401 2277 4441 ruit.
