3357 4995
1680 199 1719 238 οἳ

597 289 724 353 ⁴88
773 263 782 274 ⁰
1308 307 1385 353 na
1434 309 1488 354 s.
1543 308 1907 357 Nonrasaro
1953 308 2250 357 EPISCOPO
2739 287 2952 356 JUNII
3002 294 3043 356 6

502 389 670 459 haec
717 392 867 479 ejus
907 389 1182 461 subtilis
1215 403 1511 480 potestas
1542 392 1626 462 de
1659 405 1835 462 terra
1889 407 2140 463 nostra.
2195 399 2270 463 Et
2310 392 2556 463 exinde
2621 394 3049 481 quaerebant

502 479 1107 569 opportunitatem,
1144 492 1221 549 ut
1267 479 1567 551 facerent
1605 496 1802 552 caute
1851 482 2035 569 quod
2089 481 2479 552 inordinate
2526 496 2592 564 et
2639 483 3048 573 insipienter

509 567 1111 637 machinabantur.
2610 640 2629 652 ,

591 660 626 744 ἓ
673 660 830 729 53.
885 655 1142 727 Accidit
1189 671 1417 729 autem
1450 659 1689 728 eodem
1726 674 2027 750 tempore
2060 659 2344 747 quidam
2380 682 2583 730 casus
2615 659 2944 728 adversus
2973 660 3046 729 in

505 745 796 815 ecclesia
830 745 1086 836 majore
1120 748 1239 833 qui
1266 760 1525 818 secreto
1573 750 1718 817 viro
1748 749 1860 817 Dei
1890 748 2106 818 fuerat
2143 748 2503 818 revelatus.
2552 753 2858 834 Cumque
2887 770 3050 818 eum

505 834 895 905 senioribus
938 835 1264 906 ecciesiae
1298 837 1691 918 indicasset,
1729 849 1793 906 et
1834 849 2321 926 protestaretur
2369 836 2519 923 ejus
2548 859 2762 908 causa
2785 838 3047 926 expiari

502 923 748 993 debere
774 922 1131 1024 ecelesiam
1162 947 1240 994 ex
1267 929 1617 996 Canonum
1656 928 2100 1016 praescripto,
2135 926 2238 994 illi
2259 926 2693 1013 acquiescere
2719 925 2781 994 ei
2810 925 3048 995 nolue-

500 1024 686 1088 runt,
709 1011 1014 1082 dicentes
1048 1034 1179 1082 non
1221 1035 1369 1085 esse
1400 1013 1629 1085 denuo
1662 1015 2202 1084 consecrandam
2232 1015 2422 1084 illam
2452 1036 2663 1101 quam
2696 1028 3044 1083 constaret

511 1101 888 1170 multorum
920 1123 1159 1190 regum
1190 1114 1253 1172 et
1278 1103 1684 1172 Pontificum
1715 1104 2115 1173 auctoritate
2146 1103 2357 1172 fuisse
2387 1117 2880 1172 consecratam.
2909 1109 3049 1172 Hoc

506 1189 608 1257 illi
688 1189 1115 1270 erhibebant,
1146 1191 1259 1260 sed
1292 1191 1406 1260 ille
1436 1204 1668 1261 contra
1703 1194 2069 1272 asserebat,
2104 1213 2482 1279 numquam
2510 1214 2582 1261 se
2606 1192 2671 1259 in
2702 1213 2776 1260 ea
2808 1190 3049 1260 divina

505 1277 647 1347 cele
701 1299 849 1346 rare
898 1278 1068 1348 velle
1119 1281 1485 1368 mysteria,
1544 1281 1675 1350 nisi
1727 1282 1812 1350 ab
1878 1303 1955 1350 ea
2020 1281 2433 1350 daemonum
2490 1279 3042 1359 infestationem,

507 1389 645 1524 gua
691 1379 868 1435 esset
907 1366 1188 1449 irretita,
1246 1382 1640 1458 paterentur
1686 1369 1979 1440 excludi.
2038 1375 2111 1439 In
2180 1371 2367 1440 hunc
2419 1369 2700 1455 modum
2771 1383 3049 1439 conten—

558 1456 799 1525 ebant:
853 1456 970 1525 sed
1026 1458 1125 1525 vir
1159 1458 1272 1526 Dei
1306 1457 1419 1526 ille
1448 1459 1567 1545 qui
1601 1460 1939 1529 versutias
1974 1480 2211 1528 eorum
2262 1479 2394 1526 non
2433 1458 2799 1534 metuebat,
2840 1458 3042 1527 modo

512 1549 687 1614 Deus
733 1558 909 1613 esset
949 1545 1014 1613 in
1069 1568 1301 1626 causa,
1344 1559 1571 1622 notam
1616 1546 1774 1616 fecit
1813 1569 1953 1615 rem
1999 1568 2272 1615 omnem
2319 1545 2573 1636 populo
2622 1568 2701 1614 ex
2753 1546 3042 1636 pulpitO,

509 1632 874 1703 ostendens
921 1634 1085 1721 quid
1141 1635 1206 1702 in
1259 1636 1660 1724 hujusmodi
1711 1636 1989 1705 casibus
2040 1650 2433 1707 sanctorum
2466 1639 2742 1703 Patrum
2782 1635 3047 1705 sanxis-
3121 1642 3126 1646 ’

510 1736 610 1790 set
657 1724 1049 1792 auctoritas.
1097 1728 1276 1792 Haec
1325 1708 1517 1803 dixit,
1583 1737 1648 1793 et
1696 1725 2007 1811 sequenti
2058 1737 2277 1806 nocte,
2332 1724 2709 1812 assumptis
2774 1723 3050 1794 duobus

510 1811 888 1901 EpiscopiS,
942 1833 1115 1898 quos
1164 1826 1328 1882 tunc
1391 1834 1623 1883 secum
1666 1813 1984 1894 habebat,
2020 1826 2085 1882 et
2135 1812 2524 1903 Praeposito
2571 1811 2881 1901 ejusdem
2933 1834 3048 1881 ec-

509 1900 757 1969 clesiae
803 1901 923 1987 qui
975 1902 1043 1968 in
1094 1901 1224 1970 hoc
1272 1902 1333 1971 ei
1366 1901 1654 1981 favebat,
1696 1914 1761 1970 et
1808 1902 2346 1993 quamplurimis
2389 1901 2473 1970 de
2521 1899 2851 1971 fratribus
2901 1902 3050 1970 suis

510 1989 804 2069 clericiS‚
842 1989 1119 2058 intravit
1164 1990 1562 2059 ecclesiam:
1618 1991 1738 2060 ubi
1790 1991 2016 2060 induti
2059 1991 2273 2061 sacris
2304 1990 2635 2070 vestibuS,
2674 1995 2853 2077 aqua
2885 2013 3051 2059 con-

510 2091 770 2146 secrata
822 2077 993 2146 illud
1043 2078 1345 2148 officium
1399 2079 1664 2148 sincera
1716 2079 2094 2160 devotione,
2131 2079 2669 2170 compleverunt.

598 2169 633 2252 §
680 2171 831 2238 521.
889 2166 1014 2236 Sed
1068 2167 1485 2254 simulatque
1523 2182 1875 2258 peractum
1921 2182 2023 2238 est
2084 2167 2572 2246 ministerium,
2626 2166 2855 2236 adhuc
2888 2189 3046 2236 om-

511 2254 721 2324 nibus
763 2255 881 2340 qui
916 2255 1225 2337 aderant,
1266 2257 1480 2326 sacris
1530 2257 1832 2326 vestibus
1881 2257 2169 2335 indutis,
2210 2256 2471 2325 clamor
2531 2256 2791 2323 nimius
2832 2267 2896 2324 et
2947 2271 3049 2325 tu-

513 2343 775 2413 multus
806 2344 1090 2443 grandis
1124 2345 1361 2435 populi
1410 2345 1580 2424 foris
1623 2345 1903 2414 auditus
1943 2359 2065 2414 est.
2113 2349 2460 2434 Commota
2519 2345 2782 2433 quippe
2829 2343 3052 2415 fuerat

509 2433 737 2503 omnis
785 2434 1023 2515 civitas
1071 2433 1298 2504 furore
1332 2433 1466 2503 non
1508 2435 1793 2504 minimo
1828 2446 1891 2504 et
1939 2434 2391 2504 inenarrabili
2423 2433 2603 2520 qu‘od
2637 2454 2875 2502 rumor
2903 2433 3050 2523 pla-

512 2543 596 2590 ne
627 2522 965 2593 barbarus
996 2537 1338 2593 manasset
1370 2523 1454 2592 ad
1490 2544 1605 2594 eos
1631 2546 1670 2593 a
1702 2523 2120 2611 quibusdam
2151 2522 2588 2602 adversariis,
2627 2522 2888 2591 scilicet
2916 2521 3046 2591 sre-

509 2611 691 2698 gissc
742 2616 787 2679 E
844 2612 1153 2702 iscopum
1208 2612 1473 2694 altaria,
1530 2612 1911 2681 sacrarium
1976 2633 2336 2691 reserasse,
2392 2609 2635 2680 feretra
2691 2612 3051 2700 etphyla-

509 2701 719 2768 cteria
829 2700 1197 2781 issolvisse‚
1252 2701 1523 2788 sibique
1573 2702 1984 2791 reposuisse,
2033 2713 2097 2769 et
2144 2723 2301 2770 cum
2362 2700 2470 2770 his
2532 2699 2861 2770 omnibus
2921 2703 3051 2770 sub

509 2788 816 2879 eJusdem
867 2790 1085 2860 noctis
1142 2790 1438 2860 tenebris
1485 2812 1642 2859 cum
1697 2789 1887 2857 omni
1947 2790 2151 2859 etiam
2205 2789 2527 2859 thesauro
2569 2787 2898 2858 ecclesiae
2946 2789 3053 2860 fu-

511 2899 669 2968 gere
699 2878 1160 2947 constituisse.
1210 2878 1574 2948 Audientes
1626 2878 1792 2947 haec
1839 2878 1958 2963 qui
2001 2899 2157 2947 cum
2214 2877 2359 2948 viro
2417 2879 2527 2947 Dei
2579 2889 2796 2956 erant,
2838 2880 3054 2948 territi

512 2979 694 3045 sunt,
750 2964 868 3034 alii
920 2966 1101 3056 pluS,
1168 2967 1283 3035 alii
1337 2967 1611 3036 minus:
1666 2967 1780 3035 sed
1837 2966 1950 3036 ille
2019 2966 2529 3056 imperterritus,
2566 2967 2654 3034 ad
2705 2988 2819 3036 eos
2868 2967 3053 3037 exire

509 3053 797 3135 volebat,
834 3067 910 3125 ut
962 3056 1406 3146 interrogaret
1442 3055 1774 3141 quidnam
1828 3067 2025 3124 esset.
2067 3061 2269 3124 Porro
2297 3054 2414 3123 alii
2453 3054 2673 3125 modis
2721 3057 3052 3125 omnibus

517 3143 993 3232 prohibebant,
1031 3144 1336 3212 dicentes
1385 3145 1570 3213 hunc
1608 3144 1828 3232 plebis
1878 3143 2253 3213 tumultum
2296 3165 2427 3212 non
2481 3142 2679 3212 facile
2713 3143 2828 3211 tali
2882 3142 3055 3213 hora

511 3255 551 3302 a
598 3253 944 3318 quoquam
986 3254 1184 3322 posse
1218 3231 1484 3306 sedari:
1538 3235 2047 3322 coegeruntque
2096 3255 2251 3301 eum
2295 3232 2662 3301 ascendere
2718 3232 2784 3299 in
2834 3232 3053 3316 quod-

513 3321 672 3391 dam
714 3322 1316 3410 propugnaculum
1345 3320 1525 3407 quod
1578 3322 1663 3390 ab
1714 3326 2130 3412 Imperatore
2170 3325 2409 3390 Ottone
2440 3322 2536 3391 ibi
2578 3332 3051 3390 constructum

512 3421 655 3478 erat
702 3410 1107 3497 antiquituS,
1180 3410 1327 3479 loco
1394 3410 1602 3478 turris
1663 3410 2028 3500 cujusdam
2081 3410 2409 3479 ecclesiae
2468 3431 2678 3497 quam
2739 3422 3052 3499 coeperat

511 3497 897 3581 aedificare,
963 3498 1079 3569 sed
1135 3511 1349 3568 morte
1393 3498 1868 3587 praeveniente
1917 3520 2052 3567 non
2095 3499 2625 3568 consummavit.
2674 3497 2775 3567 Ibi
2825 3519 2895 3566 se
2945 3519 3050 3566 re-

511 3588 792 3657 clinavit
826 3588 1029 3657 homo
1084 3587 1194 3656 Dei
1242 3600 1307 3655 et
1352 3587 1469 3673 qui
1524 3608 1680 3655 cum
1718 3609 1797 3656 eo
1853 3600 2069 3659 erant,
2127 3588 2342 3657 saeris
2383 3587 2613 3657 adhuc
2661 3586 2890 3655 amicti
2946 3608 3053 3655 ve-

511 3676 757 3756 stibus,
820 3689 1104 3746 mortem
1159 3676 1387 3766 potius
1428 3675 1902 3765 turpissimam
1953 3676 2287 3765 corporis,
2332 3697 2543 3762 quam
2595 3675 2799 3744 vitam
2858 3697 3055 3765 expe-

512 3777 796 3834 ctanteS.
844 3765 1360 3835 Invalescebant
1408 3763 1681 3833 interim
1713 3786 1906 3834 voces
1948 3764 2429 3834 insultantium
2466 3778 2530 3833 et
2563 3763 3049 3843 insilientium,

510 3867 714 3940 atque
762 3868 834 3922 ut
887 3853 1239 3944 prodirent
1304 3852 1544 3922 crebro
1592 3852 2125 3923 clamitantium.
2176 3852 2299 3922 Sed
2357 3853 2451 3921 illi
2498 3854 2564 3921 in
2619 3853 2793 3922 turri
2844 3874 3054 3922 econ-

509 3943 719 4012 trario
769 3944 835 4011 in
892 3943 1386 4013 matutinarum
1440 3940 1799 4011 solemniis
1838 3941 2078 4012 laudes
2119 3947 2246 4011 Deo
2279 3955 2628 4021 canentes,
2663 3963 2820 4010 cum
2853 3940 3057 4030 hym-

515 4031 624 4099 nis
670 4044 732 4100 et
781 4032 1069 4101 canticis
1094 4030 1534 4101 exultationis
1564 4030 1630 4099 in
1663 4031 1992 4101 honorem
2027 4030 2518 4120 praedicatoris
2543 4030 2802 4120 egregii
2831 4030 3051 4111 Pauli,

511 4121 797 4190 vocibus
828 4120 1189 4189 immensis
1225 4122 1677 4188 resonabant:
1737 4120 1846 4189 isti
1882 4141 2036 4188 vero
2071 4117 2537 4187 insultationis
2572 4139 2768 4188 voces
2801 4118 3059 4188 clamo-

513 4208 707 4278 ribus
741 4208 1112 4280 inconditis
1149 4206 1694 4299 multiplicantes
1741 4207 2162 4279 sacerdotem
2217 4206 2332 4274 Dei
2390 4228 2582 4276 reum
2615 4227 2766 4276 esse
2817 4208 3057 4277 mortis

501 4298 1059 4391 proclamabant.

604 4388 635 4477 ἓ
681 4394 835 4461 55.
889 4392 1046 4457 Erat
1094 4401 1233 4457 tum
1288 4386 1537 4456 festum
1574 4383 2249 4455 commemorationis
2282 4383 2463 4453 beati
2497 4383 2691 4454 Pauli
2727 4383 3051 4474 Apostoli.
