3357 4995
709 337 794 403 36
1315 353 1394 399 ΒΕ
1440 352 1632 400 mm
1682 351 2079 401 wemmam.
2130 348 2535 400 narramus
2861 332 3084 399 JUNII
3133 333 3179 399 2

709 438 746 523 ξ
797 439 886 506 2.
939 438 1027 504 Ac
1084 433 1389 591 primum
1437 433 1909 503 cruciamenta
1955 454 2135 520 quae
2182 432 2543 503 confertim
2591 442 2831 513 erant,
2883 443 2949 501 et
3005 444 3185 503 tam·

619 546 827 612 quam
879 545 1091 592 cumu
1124 544 1163 591 o
1210 544 1251 591 a
1298 522 1751 592 multitudine
1798 522 1869 590 in
1921 520 2079 592 illos
2125 533 2547 602 coacervata,
2599 520 2889 591 viriliter
2920 533 2986 591 et
3032 541 3184 590 ma-

671 636 757 683 no
804 612 1037 682 animo
1085 610 1449 682 subierunt
1487 610 2031 693 vociferationes,
2071 611 2337 703 plagaS,
2379 611 2714 682 violentos
2744 620 3029 689 tractus,
3069 608 3186 678 di·

644 701 1091 781 acerationes,
1124 699 1439 789 lapidum
1486 700 1968 790 pro‘ectione5‚
1997 721 2331 783 carcere3‚
2378 710 2446 770 et
2490 699 2827 788 quicquid
2875 697 3188 784 denique

617 790 705 874 ab
753 788 1009 882 agresti
1062 799 1127 859 et
1172 788 1437 859 turiosa
1486 724 1940 859 multitudine
1985 802 2225 859 contra
2274 810 2438 870 nOS‚
2494 787 2704 868 velut,
2757 799 2998 858 contra
3052 787 3183 856 ho-

618 893 755 952 stes
802 892 867 949 et
913 877 1259 958 inimicOS,
1314 875 1465 946 fieri
1514 877 1708 947 solet.
1762 882 2106 965 Quotquot
2140 877 2356 970 igitur
2383 889 2580 947 erant
2613 900 2651 947 a
2685 876 2991 947 Tribuno
3029 874 3183 965 ple-

615 969 725 1038 bis
782 968 1076 1054 aliisque
1127 965 1671 1057 magistratibus,
1725 967 1847 1055 qui
1895 967 2154 1038 civitati
2206 979 2590 1058 praeerant,
2643 966 2716 1035 in
2765 964 2998 1035 forum
3048 963 3179 1034 de-

619 1057 833 1137 ducti,
870 1078 1032 1126 cum
1062 1075 1296 1126 coram
1330 1054 1654 1125 universa
1687 1055 2134 1127 multitudine
2161 1068 2339 1128 esset
2377 1055 2463 1126 ab
2498 1054 2640 1126 illis
2677 1053 2763 1124 de
2796 1054 2932 1123 fide
2964 1075 3184 1141 quae-

618 1146 865 1225 situm,
918 1156 985 1213 et
1029 1166 1184 1213 eam
1238 1142 1453 1214 libere
1499 1144 1634 1236 ipsi
1682 1143 1980 1216 confessi
2041 1144 2356 1226 fuissent,
2411 1165 2637 1232 usque
2683 1142 2770 1213 ad
2824 1141 3179 1213 Praesidis

617 1235 988 1304 adventum
1042 1234 1109 1301 in
1162 1253 1508 1303 carcerem
1558 1233 1873 1323 conjecti,
1926 1232 2381 1322 conclusique
2427 1244 2645 1303 erant.
2687 1231 2946 1301 Deinde
3006 1252 3180 1301 cum

618 1322 1038 1393 ducerentur
1079 1319 1162 1390 ad
1217 1320 1631 1403 Praesidem,
1686 1333 1752 1392 et
1790 1321 1906 1393 ille
1959 1322 2030 1391 in
2071 1320 2454 1412 judicando
2502 1321 2695 1392 omni
2740 1318 3185 1391 crudelitatis

620 1433 870 1502 genere
915 1422 1172 1509 contra·
1205 1431 1330 1481 nos
1388 1422 1795 1498 nostrosque
1837 1422 2170 1492 uteretur,
2227 1411 2459 1482 Vetius
2505 1409 2929 1510 Epagathus‚
2983 1430 3187 1480 unus

617 1522 699 1569 ex
745 1500 1100 1580 fratribuS,
1152 1520 1495 1569 lmmenso
1542 1500 1900 1571 charitatis
1946 1521 2109 1591 erga
2147 1504 2357 1570 Deum
2388 1512 2455 1569 et
2491 1519 2879 1589 proximum
2926 1495 3184 1567 ardore

622 1589 1097 1658 inflammatus
1172 1586 1294 1674 qui
1339 1586 1621 1675 quidem
1655 1610 1817 1658 cum
1872 1609 2006 1658 non
2059 1587 2262 1658 modo
2309 1587 2396 1658 ad
2437 1608 2643 1658 omne
2673 1586 2983 1657 officium
3012 1605 3185 1675 erga

623 1678 1018 1767 proximum
1068 1697 1141 1745 se
1192 1674 1309 1746 ulo
1356 1676 1835 1764 exequendum
1906 1677 2201 1768 impiger
2247 1688 2312 1746 et
2359 1695 2747 1767 propensus
2799 1684 3021 1756 esset,
3069 1679 3186 1743 ve—

620 1787 778 1834 rum
826 1764 1031 1835 etiam
1084 1765 1404 1854 flagranti
1455 1765 1568 1833 Dei
1617 1786 1853 1835 amore
1890 1776 1956 1834 et
2003 1777 2441 1837 sacrosancto
2489 1764 2790 1855 Spiritus
2838 1763 3189 1833 instinctu

620 1853 1095 1931 exardescens,
1149 1853 1221 1922 in
1271 1854 1598 1923 omnibus
1647 1854 1917 1923 Domini
1970 1854 2352 1945 praeceptis
2399 1867 2467 1923 et
2505 1853 2815 1940 J'ustitiae
2861 1851 3181 1939 aequita-

624 1943 849 2030 tisque
895 1941 1232 2012 institutis
1280 1941 1541 2033 integre
1589 1942 1956 2023 incederet,
2012 1942 2182 2013 adeo
2213 1963 2378 2013 sanc
2435 1953 2755 2012 accurate
2803 1941 3011 2011 vitam
3069 1940 3185 2008 in-

622 2031 980 2111 stituisset,
1020 2042 1098 2100 ut
1129 2031 1447 2118 quamvis
1494 2044 1670 2102 esset
1718 2031 2141 2113 adolescens,
2179 2032 2419 2102 eodem
2470 2043 2699 2100 tamen
2751 2029 3180 2111 testimoniO,

618 2118 803 2207 quod
838 2120 1191 2208 Scriptura
1230 2119 1376 2190 seni
1410 2120 1769 2190 Zachariae
1800 2120 2137 2190 sacerdoti
2175 2121 2279 2210 (a)
2311 2120 2571 2199 tribuit,
2609 2119 2870 2209 dignus
2909 2117 3186 2187 videre-

623 2208 767 2297 tur)
795 2208 908 2278 hic
939 2207 1195 2288 VetiuS,
1242 2207 1555 2295 inquam,
1597 2209 1949 2298 judicium
1986 2222 2126 2279 tam
2170 2220 2421 2279 temere
2452 2219 2520 2278 et
2554 2208 2891 2299 injuriose
2936 2220 3190 2277 contra

621 2319 751 2366 nos
801 2297 1362 2386 pronunciatum,
1408 2317 1542 2366 non
1594 2310 1857 2388 poterat
1901 2297 2185 2367 omnino
2232 2319 2452 2385 aequo
2499 2296 2735 2366 animo
2774 2294 2953 2365 ferre
2991 2318 3005 2362 :
3055 2295 3187 2364 sed

621 2407 833 2476 supra
883 2385 1166 2455 modum
1217 2387 1689 2469 succensebat,
1745 2386 2270 2477 postulabatque
2317 2398 2394 2457 ut
2478 2397 2729 2456 otestas
2761 2385 2823 2455 ei
2856 2384 3180 2464 daretur,

621 2474 835 2545 libere
867 2475 936 2543 in
970 2473 1090 2545 illo
1130 2495 1461 2547 consessu
1497 2497 1617 2567 pro
1665 2475 1993 2547 fratribus
2026 2475 2414 2576 responden
2469 2474 2515 2557 i,
2552 2495 2763 2562 seque
2797 2472 3175 2564 perspicue

619 2564 1077 2656 probaturum
1137 2563 1446 2645 dicebat,
1504 2564 1678 2635 nihil
1728 2564 2038 2644 sceleris,
2095 2564 2353 2636 mhilve
2401 2565 2778 2655 impietatis
2829 2563 2899 2632 in
2963 2563 3175 2631 nobis

617 2654 907 2724 omnino
936 2674 1141 2812 Rosse
1174 2654 1483 2743 reperiri.
1522 2658 1766 2724 Contra
1794 2676 1999 2741 quem
2017 2674 2198 2724 ·cum
2248 2653 2721 2725 multitudinis
2752 2650 3176 2738 frequentia,

620 2764 800 2830 quae
845 2741 930 2812 tri
984 2743 1152 2812 unal
1191 2742 1742 2814 circumsistebat
1771 2799 1788 2823 ,
1837 2742 2218 2812 admodum
2269 2742 2633 2813 vociferata
2699 2740 2946 2812 fuisset
2993 2740 3183 2829 (erat

619 2832 807 2902 enim
849 2831 1027 2900 inter
1080 2830 1234 2901 illos
1283 2830 1575 2901 illustris
1633 2843 1840 2920 atque
1903 2830 2230 2922 eximius)
2275 2852 2576 2919 cumque
2635 2834 2915 2900 Praeses
2962 2829 3186 2898 etiarn

611 2921 873 3008 justam
925 2919 1011 2989 ab
1059 2941 1138 2988 eo
1186 2921 1607 3010 propositam
1649 2919 2183 3011 postulationem
2244 2919 2534 2990 minime
2578 2930 2812 3077 Eosset
2860 2917 3188 3000 tolerare,

620 3005 742 3076 sed
792 3006 1019 3077 solum
1070 3007 1254 3078 istud
1303 3008 1391 3077 ab
1436 3030 1516 3078 eo
1567 3021 1957 3096 quaereret,
2011 3019 2255 3078 utrum
2303 3021 2481 3079 esset
2530 3012 2573 3078 C
2628 3006 3007 3077 ristianus:
3066 3004 3195 3076 ille

622 3106 769 3164 tum
820 3094 1242 3183 simulatque
1294 3101 1448 3166 'erat
1508 3096 1898 3167 clarissima
1955 3119 2118 3167 voce
2165 3097 2295 3167 hoc
2361 3098 2594 3188 ipsum
2642 3095 3004 3166 confessus
3037 3150 3055 3175 ,
3111 3095 3188 3164 in

623 3194 874 3253 sortem
911 3195 977 3252 et
1008 3204 1375 3253 numerum
1411 3197 1795 3274 martyrum
1836 3187 2097 3256 relatus
2143 3198 2269 3266 est,
2322 3208 2402 3257 ac
2434 3185 2780 3274 deinceps·
2800 3183 3188 3254 advocatus

620 3270 1167 3342 Christianorum
1215 3272 1630 3362 appellatus:
1678 3294 1804 3344 nec
1854 3273 2060 3365 plane
2108 3274 2477 3344 immerito.
2532 3272 2788 3343 Habuit
2820 3274 3010 3343 enim
3057 3271 3191 3341 ad·
3261 3349 3270 3361 ⁸

623 3371 941 3430 vocatum
989 3365 1229 3430 Jesum
1289 3361 1359 3429 in
1410 3362 1646 3432 animo
1693 3374 2233 3433 commorantem
2266 3417 2283 3444 ,
2344 3374 2413 3433 et
2459 3362 2792 3453 Spiritum
2848 3366 3191 3432 Sanctum

625 3448 870 3530 multo,
923 3470 1133 3536 quam
1185 3449 1570 3532 ZachariaS,
1609 3451 2113 3521 ferventiorem:
2167 3472 2377 3540 quem
2428 3473 2552 3542 per
2598 3451 2950 3542 ingentem
3015 3450 3190 3519 cha—

620 3537 845 3608 ritatis
874 3537 1076 3624 quasi
1101 3538 1494 3618 cumulum,
1525 3560 1664 3627 quo
1691 3537 2059 3622 adductus,
2088 3541 2260 3611 adeo
2297 3540 2510 3610 alacri
2541 3551 2607 3610 et
2635 3539 2910 3609 ardenti
2938 3538 3184 3609 studio

627 3648 751 3715 pro
801 3625 1092 3697 fratrum
1142 3629 1694 3718 propugnatione
1741 3651 1950 3698 suam
1982 3629 2208 3720 ipsius
2239 3629 2448 3698 vitam
2484 3628 2794 3720 profudit
2826 3627 2997 3698 satis
3027 3648 3191 3717 per·

626 3714 867 3815 spicue
913 3715 1336 3787 ostendebat.
1391 3717 1638 3789 Christi
1692 3717 1906 3808 igitur
1948 3731 2015 3788 et
2060 3731 2165 3789 est
2200 3728 2268 3788 et
2309 3716 2441 3788 fuit
2473 3739 2674 3789 verus
2704 3729 2771 3787 et
2803 3735 3196 3817 germanus

622 3801 1037 3894 discipulus,
1075 3805 1198 3892 qui
1233 3827 1517 3895 agnum,
1553 3827 1998 3894 quocumque
2027 3819 2159 3887 eat,
2184 3805 2519 3894 sequitur.
2558 3805 2725 3875 Inde
2754 3806 2973 3896 igitur
3007 3806 3197 3876 inter

624 3891 928 3980 reliquos
975 3893 1398 3964 Christianos
1448 3893 1649 3965 facile
1709 3896 2353 3966 internoscebatur:
2405 3915 2567 3964 nam
2619 3905 3008 3982 martyres,
3062 3894 3196 3982 qui

623 3979 1036 4053 videbantur
1099 3984 1384 4054 caeteris
1431 3982 1633 4054 facile
1684 3995 2054 4074 praestare,
2108 3983 2180 4053 in
2231 3980 2593 4073 publicum
2689 3982 3014 4053 rodibant
3047 4036 3062 4064 ,
3113 4003 3193 4053 se

626 4081 904 4159 paratos
965 4071 1052 4142 ad
1119 4071 1357 4142 omnia
1416 4084 1758 4143 tormenta
1815 4071 2318 4143 ostendebant:
2370 4073 2567 4141 omni
2662 4071 2914 4157 eoique
2963 4072 3196 4142 animi

622 4157 977 4230 alacritate
1003 4160 1507 4233 confessionem
1540 4161 1759 4243 illam,
1794 4182 1973 4250 quae
2000 4173 2103 4231 est
2134 4157 2455 4250 martyrii
2486 4160 2792 4251 propria,
2827 4159 3196 4231 cumulate

620 4247 968 4338 pleneque
1015 4248 1405 4339 explebant.

668 4354 738 4408 (a)
765 4357 878 4404 Ado,
906 4357 1149 4398 Usa-raus
1176 4358 1225 4398 ot
1254 4358 1487 4401 notkerus
1517 4358 1743 4410 urguendi
1773 4357 1900 4407 quod
1931 4367 1987 4399 ex
2007 4355 2164 4398 Rufini
2184 4354 2403 4397 vernone
2421 4356 2550 4399 hunc
2569 4357 2851 4403 lacunam.
2871 4367 2967 4406 qno
2990 4359 3191 4402 nomine

616 4410 868 4451 mantiam
894 4411 1093 4452 Ioannis
1121 4412 1254 4460 nupt.
1273 4416 1409 4462 pater
1428 4413 1725 4463 designatur,
1741 4412 1944 4456 incaute.
1963 4411 2100 4460 quasi
2127 4418 2274 4450 unum
2293 4419 2320 4450 ο
2338 4410 2737 4459 Lugdunensibus
2762 4411 3071 4460 martyribus.
3089 4413 3196 4457 nnis

618 4463 967 4515 martyrologiis
997 4465 1314 4509 inseruerunt.
1347 4467 1405 4510 ιιι
1432 4467 1557 4509 tdem
1584 4465 1809 4509 mendum
1827 4462 1996 4506 incidit
2013 4464 2058 4506 Β.
2087 4462 2346 4514 Gregorius
2365 4463 2540 4506 'rm-on.
2562 4465 2650 4515 (Ea.-
2668 4465 2910 4512 Ruinam).
