3357 4995
655 333 784 397 316
1425 349 1504 395 οε
1551 349 1605 396 s.
1653 346 1871 395 Etissso
1919 277 2257 394 moranni
2434 380 2438 384 .
2760 323 2974 395 JUNII
3028 330 3109 394 14

564 455 740 521 quae
807 432 1260 501 daemonibus
1326 432 1499 522 ipsis
1548 430 1891 500 sacrificia
1952 430 2348 499 offerebant.
2428 429 2673 499 Mortui
2722 443 2787 498 et
2848 430 3109 519 pedeS‚

566 523 822 612 quippe
860 522 980 607 qui
1031 519 1117 589 ad
1167 520 1425 590 diaboli
1474 520 1942 589 adorationem
1988 518 2459 588 flectebantur.
2516 522 2756 587 Totum
2806 518 3111 606 denique

566 612 717 700 ejus
764 631 1017 707 corpus
1059 609 1375 698 putidum
1426 622 1594 688 erat,
1648 621 1713 676 et
1765 621 2032 697 potente
2073 606 2188 675 illo
2237 606 2503 676 medico
2538 606 2931 697 indigebat:
2974 630 3115 677 non

566 699 830 785 quovis,
887 719 1193 783 inquam,
1255 697 1542 775 medico,
1594 697 1711 765 sed
1763 719 1864 775 e0‚
1903 697 2022 782 qui
2056 708 2281 786 posset
2330 695 2619 764 mortuis
2651 697 2856 764 etiam
2885 696 3118 765 homi-

565 788 774 857 nibus
804 786 1010 855 vitam
1063 787 1437 855 restituere.
1495 786 1687 854 Venit
1737 785 1946 873 igitur
2004 783 2314 860 medicus
2365 784 2479 852 ille
2539 784 2663 870 qui
2712 786 3117 871 requireba-

568 890 700 956 tur,
754 874 1086 964 spiritalis
1152 873 1416 942 Eliseus
1467 875 1799 943 Dominus
1863 888 2091 943 noster
2135 873 2345 942 Jesus
2393 873 2725 953 ChristuS,
2777 874 2900 960 qui
2947 896 3118 944 cum

564 964 956 1033 humanum
1010 984 1266 1052 corpus
1325 975 1537 1031 totum
1591 975 1943 1031 mortuum
2007 962 2473 1051 comperisset,
2529 961 2837 1052 seipsum
2891 975 3117 1033 totum

567 1053 685 1122 toti
724 1064 989 1121 mortuo
1037 1051 1308 1150 corpori
1349 1051 1915 1119 accommodavit.
2044 1072 2050 1084 ·

654 1144 690 1227 ξ
739 1146 820 1213 ιι.
881 1140 1061 1207 Dicet
1087 1139 1374 1224 aliquis:
1416 1139 1759 1221 Quidnam
1796 1139 1922 1208 hoc
1955 1152 2076 1218 est,
2109 1138 2292 1224 quod
2320 1137 2753 1220 dicis?Tota‚
2790 1138 3107 1225 inquam,

567 1242 632 1297 et
683 1229 883 1318 plena
938 1227 1315 1297 divinitatis
1375 1227 1697 1316 perfectio
1747 1239 1949 1296 totam
2005 1240 2303 1296 nostram
2358 1227 2738 1296 humanam
2790 1241 3117 1298 naturam

567 1319 635 1385 in
681 1340 754 1386 se
793 1316 1118 1407 gestavit:
1162 1317 1507 1385 hominem
1560 1316 1820 1396 scilicet
1870 1317 2123 1404 ipsum,
2180 1318 2249 1383 in
2302 1340 2430 1405 qao
2485 1317 2815 1384 habitavit
2847 1318 2957 1404 (ut
3007 1317 3121 1383 in·-

566 1407 715 1492 quit
762 1404 1153 1495 Apostolus)
1185 1416 1324 1473 tota
1368 1407 1717 1495 plenitudo
1749 1406 2128 1474 dzcz‘m‘tatis
2160 1406 2617 1494 corporaliter.
2673 1403 2921 1474 Oculos
2987 1405 3120 1474 ha-

567 1495 718 1563 buit
751 1508 825 1562 ut
877 1493 1214 1571 homines,
1274 1493 1590 1563 similiter
1621 1506 1687 1562 et
1721 1514 1969 1568 manus
2016 1507 2080 1561 et
2131 1493 2360 1581 pedes,
2412 1515 2545 1561 non
2584 1494 2809 1581 specie
2850 1492 3114 1579 aliqua,

568 1583 686 1650 sed
741 1604 808 1651 re
860 1604 1034 1650 vera.
1077 1588 1218 1651 Non
1265 1585 1439 1650 enim
1499 1585 1816 1671 ‘rapinam
1878 1584 2248 1650 arbitratus
2294 1593 2387 1649 est
2444 1604 2581 1650 esse
2627 1605 2694 1650 se
2756 1587 3122 1673 aequalem

569 1678 737 1740 Deo:
781 1672 895 1739 sed
942 1673 1321 1739 exinanivit
1369 1673 1683 1760 seipsum«,
1737 1673 2025 1757 sormam
2054 1673 2233 1738 servi
2278 1672 2632 1760 accipiens.
2690 1675 2926 1756 Itaque
2977 1673 3121 1741 vita

571 1762 722 1849 ipsa
773 1761 1009 1828 mortis
1059 1759 1542 1828 indumentum
1597 1759 1907 1848 gestavit,
1976 1772 2053 1828 ut
2103 1758 2457 1827 mortalem
2512 1759 2699 1827 illam
2770 1759 3115 1828 conditio—

573 1871 727 1917 nem
781 1848 864 1916 ad
921 1849 1267 1937 propriam
1319 1847 1902 1917 immortalitatem
1958 1846 2382 1916 traduceret:
2437 1868 2737 1933 cumque
2785 1848 3118 1917 divinitas

573 1937 654 2005 ad
694 1939 1081 2006 humanum
1108 1958 1362 2024 corpus
1386 1932 1876 2014 descendisset,
1913 1936 2146 2003 omnia
2179 1935 2507 2025 deinceps
2538 1937 2843 2005 hominis
2893 1958 3120 2006 mem-

569 2027 693 2104 bra
743 2037 976 2095 sancta
1026 2025 1478 2105 sunteffecta,
1531 2036 1595 2093 et
1644 2025 1726 2092 ad
1782 2023 2132 2093 meliorem
2188 2046 2391 2106 usum
2444 2046 2794 2095 conversa.
2834 2030 2931 2093 lta
2982 2026 3117 2115 igi·

571 2129 683 2183 tur
715 2137 789 2184 os
824 2115 1049 2202 ipsum
1101 2113 1344 2181 didicit
1393 2113 1667 2182 tandem
1708 2113 1877 2180 illud
1914 2113 2180 2181 dicere:
2222 2116 2515 2192 Domine,
2559 2115 2744 2183 labia
2777 2138 2927 2181 mea
2958 2138 3119 2205 ape·

568 2206 722 2280 rica,
796 2213 855 2270 ct
902 2225 968 2270 os
1034 2225 1255 2270 meum
1304 2203 1737 2271 annunciabit
1794 2203 2061 2269 laudem
2111 2213 2321 2269 tuam.
2375 2202 2570 2270 Oculi
2643 2225 2796 2271 vero
2849 2203 2981 2292 ipsi
3030 2204 3121 2272 ad

571 2292 685 2360 Dei
735 2290 1022 2380 gloriam
1062 2291 1304 2359 intenti
1351 2312 1499 2358 esse
1529 2290 1945 2384 didicerunt,
1985 2303 2059 2359 ut
2109 2289 2191 2357 de
2225 2290 2395 2378 ipsis
2443 2290 2577 2359 dici
2632 2291 2881 2379 possit:
2924 2296 3131 2360 Oculi

569 2383 858 2448 omnium
926 2383 992 2447 in
1043 2390 1103 2446 tc
1160 2389 1431 2468 sperant
1487 2381 1776 2458 Domine,
1830 2389 1891 2446 et
1942 2389 2013 2446 tu
2071 2380 2191 2446 das
2256 2381 2399 2447 illis
2448 2402 2663 2448 escam
2716 2382 2785 2447 in
2831 2391 3122 2470 tempore

576 2480 943 2559 opportuno
989 2469 1127 2556 (Ps.
1191 2467 1368 2567 4214).
1423 2472 1662 2535 Manus
1713 2466 1795 2536 ad
1864 2471 2068 2536 Deum
2121 2480 2457 2547 extensae,
2504 2469 2787 2537 Domino
2822 2490 2947 2538 suo
2996 2469 3123 2538 be-

572 2559 922 2637 nedicunt,
981 2569 1054 2625 ut
1102 2522 1186 2624 (fe
1235 2556 1373 2625 illis
1412 2556 1717 2625 dicatur:
1772 2561 1840 2623 In
1900 2558 2196 2625 noctibus
2225 2560 2537 2627 eat-tollite
2586 2581 2826 2625 manus
2863 2570 3126 2627 vestras

574 2651 637 2716 in
688 2658 946 2723 sancta,
1001 2656 1061 2713 et
1120 2647 1481 2713 benedicite
1551 2648 1872 2714 Domino:
1929 2646 2083 2714 item
2144 2645 2355 2714 illud:
2418 2648 2721 2716 Elevatz‘o
2786 2669 3123 2717 manuum

571 2758 874 2804 mearum
923 2737 1331 2821 sacrificium
1385 2736 1861 2823 vespertinum.
1899 2735 2059 2802 Jam
2115 2756 2270 2802 vero
2318 2748 2382 2801 et
2435 2735 2638 2823 pedes
2690 2736 2822 2824 ipsi
2873 2736 2939 2804 in
2998 2741 3128 2805 Ec-

567 2824 796 2894 clesiis
821 2823 1295 2903 consistentes,
1328 2836 1392 2891 et
1426 2834 1639 2892 totum
1677 2822 1801 2890 boc
1834 2827 1964 2892 Deo
1997 2834 2352 2911 acceptum
2388 2824 2774 2893 referentes:
2816 2830 3110 2905 Stantes,

577 2913 926 2999 inquiunt,
974 2913 1120 2999 jam
1173 2924 1334 2981 sunt
1364 2911 1572 3001 pedes
1603 2911 1814 2980 nostri
1850 2911 1918 2978 in
1951 2911 2207 2981 sanctis
2239 2910 2429 2981 locis.
2473 2917 2634 2981 [tem
2666 2911 2880 2982 illud:
2920 2917 3123 2982 Stan-

575 3013 666 3069 tcs
715 3011 903 3069 erant
949 3001 1147 3089 pedes
1177 3003 1388 3069 nostri
1436 3003 1502 3067 in
1553 3001 1750 3067 atriis
1799 3003 1927 3068 tuis
1976 3004 2375 3069 Jerusalem.
2422 3000 2867 3087 vidistiquae
2914 3003 3002 3071 sit
3049 3004 3121 3070 in

576 3090 908 3158 membris
942 3089 1393 3157 exterioribus
1418 3088 1692 3157 divinae
1717 3088 1974 3177 gloriae
2005 3088 2395 3158 celebratio.
2434 3089 2611 3171 Quid
2649 3090 2907 3179 igitur?
2938 3095 3117 3159 Num

573 3192 635 3246 et
686 3178 1011 3246 interiora
1053 3177 1353 3245 hominis
1386 3177 1716 3256 membra,
1770 3177 1982 3244 divini
2022 3178 2385 3246 ministerii
2423 3191 2584 3247 sunt
2622 3180 2968 3267 expertia?
2994 3180 3121 3246 Mi-

577 3267 784 3345 nime,
843 3266 1150 3351 inquam‚
1226 3265 1342 3334 sed
1392 3266 1626 3334 anima
1675 3267 1827 3354 ipsa
1887 3287 2046 3334 cum
2105 3266 2546 3335 interioribus
2597 3267 2923 3336 membris
2972 3268 3120 3337 cla-

576 3377 773 3423 mans
799 3366 863 3423 et
914 3359 1119 3422 Deum
1175 3354 1526 3434 invocans,
1581 3355 1713 3423 ait:
1770 3355 2050 3422 Bencdt'c
2083 3358 2313 3423 anima
2343 3378 2490 3424 mea
2532 3359 2826 3436 Domino,
2880 3367 2939 3425 ct
2974 3380 3118 3425 om-

570 3445 686 3512 nia
733 3466 905 3533 quac
957 3445 1134 3510 intra
1183 3466 1285 3510 me
1331 3455 1509 3521 sunt,
1553 3445 1811 3511 nomini
1844 3453 2070 3510 sancto
2119 3446 2287 3532 ejus,

661 3534 696 3619 ξ
742 3535 828 3602 5.
874 3531 2034 3621 OmittamusigiturSunamitidem
2063 3531 2248 3600 illam
2272 3530 2547 3599 viduam
2574 3554 2732 3615 cum
2761 3532 3123 3603 miraculis

574 3620 659 3689 ab
701 3619 920 3689 Eliseo
962 3620 1294 3709 Propheta
1343 3621 1621 3699 effectiS,
1674 3630 1740 3687 et
1790 3620 2035 3688 Christi
2086 3620 2171 3688 ad
2225 3642 2348 3689 nos
2404 3620 2737 3689 venientis
2794 3622 3119 3690 umbram

572 3708 949 3794 quamdam
982 3731 1140 3798 prae
1165 3731 1235 3779 se
1262 3708 1612 3787 ferentem,
1640 3720 1703 3775 et
1735 3708 1817 3776 ad
1850 3730 2061 3777 novae
2091 3709 2351 3798 gratiae
2382 3709 2715 3778 miracula
2736 3710 3120 3779 orationem

575 3809 873 3866 nostram
918 3798 1364 3876 conferentes,
1407 3796 1491 3864 de
1530 3796 1658 3864 hac
1701 3797 1849 3886 ipsa
1877 3819 1949 3866 re
1979 3797 2185 3867 latius
2218 3797 2669 3878 disseramus,
2710 3812 2774 3866 et
2855 3799 3118 3868 rimum

572 3886 1112 3965 consideremuS,
1166 3885 1754 3971 quemadmodum
1790 3887 2209 3976 'unigenitus
2259 3886 2372 3953 Dei
2430 3887 2641 3955 Filius
2674 3910 2711 3955 a
2739 3909 2813 3955 so
2844 3908 2883 3955 o
2918 3892 3116 3956 Patre

573 3986 730 4043 ante
769 3975 1001 4044 omnia
1039 3974 1267 4044 secula
1300 3974 1595 4063 genitus,
1638 3973 1815 4044 idem
1856 3975 1919 4042 in
1955 3975 2275 4043 extremis
2309 3975 2578 4055 diebuS‚
2617 3988 2682 4044 et
2729 3998 2808 4044 ex
2840 3976 3121 4065 Virgine

575 4076 788 4133 matre
823 4064 966 4132 sola
996 4065 1141 4133 sine
1192 4062 1452 4132 semine
1501 4062 1733 4148 aliquo
1760 4076 2002 4144 natus,
2043 4064 2326 4132 unicum
2362 4064 2605 4132 viduae
2632 4063 3000 4153 cujusdam
3034 4065 3118 4133 si-

570 4151 741 4222 lium
774 4164 1146 4229 mortuum,
1185 4151 1659 4219 misericordia
1690 4163 1939 4232 motuS,
1971 4152 2057 4220 ab
2086 4150 2326 4221 inferis
2351 4153 2687 4222 excitavit.
2728 4152 2855 4223 Sed
2886 4174 3125 4223 recur-

571 4264 809 4310 ramus
840 4239 926 4309 ad
957 4239 1201 4307 viduae
1241 4238 1429 4307 illius
1462 4239 1805 4328 lacrymas
1852 4262 2026 4325 quae
2073 4262 2231 4310 cum
2289 4240 2515 4311 filium
2558 4264 2768 4312 suum
2825 4243 3119 4311 unicum

571 4344 924 4398 mortuum
957 4327 1363 4416 deploraret,
1396 4330 1758 4396 Dominum
1792 4329 2045 4417 ipsum,
2135 4329 2205 4397 ui
2237 4343 2507 4400 nostrae
2541 4329 2785 4400 salutis
2811 4334 3022 4399 causa
3047 4331 3118 4398 in

571 4416 917 4487 mundum
973 4427 1265 4498 venerat,
1342 4416 1427 4485 ad
1467 4415 2007 4487 misericordiam
2065 4417 2318 4488 alexit.
2376 4418 2572 4490 Illius
2633 4418 2817 4487 enim
2869 4418 3123 4488 viduae
