3357 4995
252 341 472 407 JUNII
520 343 603 405 25
960 359 1038 404 nn
1086 358 1142 404 s.
1196 357 1507 407 ιῈΒιιοΝιΑ
1556 360 1725 407 vinc.
1780 356 1858 405 Er
1905 359 2094 405 naar.
2574 343 2702 406 549

254 440 664 508 Mammisne
726 438 878 508 ideo
919 437 1221 507 nutritus
1271 437 1484 520 fuisti,
1538 453 1615 510 ut
1683 452 1940 510 tantam
1999 438 2475 509 crudelitatem
2525 440 2592 508 in
2657 440 2792 509 foe—

253 529 512 598 minam
594 529 986 596 exerceres‘?
1052 529 1255 596 Miror
1313 529 1696 616 plurimum
1778 551 1902 620 ego
1937 584 1958 608 ,
2036 529 2216 614 quod
2298 527 2469 596 nihil
2549 552 2787 599 eorum

249 640 426 704 quae
458 617 636 696 dico,
686 617 1019 685 immitem
1070 628 1134 684 et
1182 616 1637 687 inhumanam
1677 630 1975 688 mentem
2027 630 2215 686 tuam
2264 617 2635 686 deflexerit.
2677 624 2790 687 Ve-

249 729 405 776 rum
438 706 506 774 id
541 726 946 794 persuasum
976 705 1253 785 habeaS‚
1292 707 1500 791 quod,
1532 705 2122 794 quemadmodum
2162 720 2236 774 tu
2267 728 2399 773 non
2424 707 2790 796 pepercisti

250 795 413 864 huic
462 794 755 885 puellae,
815 795 907 862 ita
958 816 1177 880 neque
1216 794 1527 865 coelestis
1578 802 1713 864 Rex
1767 795 1886 864 tibi
1919 808 2220 884 parcet.»
2273 801 2437 864 Cum
2471 796 2638 864 baec
2683 796 2790 863 di-

250 887 456 952 xisset
507 883 757 960 Hieria,
806 883 1019 969 jussit
1061 883 1346 953 Selenus
1382 885 1570 953 illam
1600 898 1855 964 etectO,
1899 885 1969 951 in
2005 905 2140 970 quo
2181 897 2346 962 erat,
2402 884 2675 963 deduci,
2729 897 2793 952 et

250 995 506 1063 poenas
612 971 840 1041 ublice
908 971 1116 1041 lucre.
1174 975 1248 1041 ld
1299 973 1592 1042 audiens
1649 974 1901 1053 Hieria,
1958 971 2173 1041 multo
2241 995 2399 1041 cum
2452 973 2681 1058 studio
2728 987 2791 1041 et

246 1062 501 1152 gaudio
551 996 938 1136 descendit,
970 1071 1172 1147 atque
1220 1063 1344 1130 ait:
1400 1065 1729 1132 «Domine
1781 1067 1955 1130 Deus
2009 1061 2400 1138 Febr-oniae,
2440 1062 2674 1150 accipe
2725 1074 2790 1129 et

246 1173 357 1219 me
389 1149 724 1218 humilem
790 1150 1147 1219 mulierem
1190 1174 1351 1220 cum
1404 1153 1552 1241 ipsa
1594 1151 1950 1220 Febronia.
1983 1174 2016 1213 >›
2073 1155 2241 1217 Dum
2294 1163 2521 1218 autem
2551 1172 2587 1217 e
2619 1162 2789 1219 tecto

243 1238 710 1316 descenderet,
767 1237 989 1306 Seleni
1036 1239 1306 1308 Judicis
1359 1241 1563 1308 amici
1626 1239 1995 1310 consilium
2053 1238 2151 1305 illi
2202 1237 2482 1317 dabant,
2530 1261 2612 1306 ne
2665 1262 2789 1326 pu—

242 1328 423 1397 blice
459 1328 759 1396 Hieriam
811 1327 1250 1417 produceret:
1306 1329 1613 1397 futurum
1648 1330 1834 1396 enim
1897 1327 2239 1406 dicebant,
2280 1341 2355 1395 ut
2384 1341 2518 1395 tota
2556 1327 2791 1395 multi-

244 1417 412 1485 tudo
461 1439 621 1485 cum
674 1416 823 1504 ipsa
876 1417 1284 1503 martyrium
1318 1418 1602 1496 subiret,
1639 1431 1704 1485 et
1737 1417 2060 1484 universa
2099 1415 2337 1484 civitas
2371 1415 2791 1505 periclitare-

243 1521 362 1574 tur
410 1528 489 1572 ac
558 1504 828 1595 periret.
904 1504 1167 1573 Placuit
1234 1505 1471 1574 seleno
1541 1505 1938 1575 consilium.
2003 1510 2235 1590 ltaque
2283 1527 2420 1572 non
2485 1505 2791 1593 amplius

242 1594 548 1663 Hieriam
594 1592 882 1682 produci
914 1594 1146 1682 jussit,
1186 1592 1302 1662 sed
1332 1595 1758 1683 indignatus,
1814 1607 1877 1661 et
1918 1593 2246 1660 adversus
2279 1616 2430 1661 eam
2461 1606 2790 1680 tanquam

248 1683 595 1759 furiosu5‚
659 1681 1054 1750 exclamans
1105 1705 1265 1750 voce
1316 1705 1600 1772 magna:
1658 1682 1871 1750 «Audi
1924 1694 2019 1761 tu,
2077 1681 2323 1767 inquit.
2366 1682 2631 1750 Hieria:
2675 1704 2794 1772 per

244 1773 411 1840 deos
439 1769 656 1839 multa
705 1769 887 1838 mala
935 1784 998 1838 et
1048 1784 1406 1850 tormenta,
1467 1773 1565 1839 tui
1612 1774 1818 1840 causa
1877 1771 2244 1838 Febroniae
2289 1771 2788 1858 adjicientur.»

222 1867 323 1928 Et
372 1859 602 1928 statim
643 1859 855 1948 jussit
900 1858 1074 1928 duas
1148 1882 1395 1930 manus
1450 1862 1817 1928 Febroniae
1865 1872 1928 1926 et
1975 1860 2326 1927 dexterum
2376 1860 2612 1949 pedem
2668 1861 2789 1928 ab·

244 1948 495 2017 scindi.
566 1947 874 2015 Carnifex
926 1948 1136 2036 igitur
1179 1948 1365 2037 ligno
1404 1950 1553 2037 cjus
1607 1950 1929 2017 manibus
1979 1949 2361 2036 supposito,
2417 1950 2642 2017 securi
2697 1949 2789 2017 fc-

248 2038 436 2104 riens
485 2035 830 2105 dexteram
884 2038 1136 2125 pariter
1165 2051 1229 2105 et
1278 2038 1628 2107 sinistram
1666 2038 1981 2114 abscidit,
2028 2037 2147 2119 qui
2179 2037 2379 2104 etiam
2422 2039 2488 2106 in
2543 2039 2786 2136 pedem

246 2127 632 2202 dexterum,
686 2147 846 2193 cum
883 2126 942 2193 ei
1005 2126 1270 2215 lignum
1313 2127 1816 2215 supposuisset,
1873 2126 2167 2194 securim
2209 2148 2458 2214 magna
2495 2149 2552 2193 vi
2592 2127 2791 2194 adhi-

242 2214 387 2281 bita
418 2214 689 2292 invexit,
749 2214 863 2280 sed
906 2215 1146 2302 pedem
1189 2236 1265 2283 ex
1307 2214 1442 2283 talo
1477 2215 1881 2283 abscindere
1917 2236 2050 2282 non
2087 2216 2326 2302 potuit.
2367 2215 2694 2282 Similiter
2728 2228 2791 2283 et

241 2302 622 2370 secundam
662 2301 936 2392 plagam
990 2304 1260 2382 inflixit,
1305 2326 1525 2388 neque
1555 2318 1781 2372 tamen
1833 2303 2075 2391 potuit.
2135 2302 2205 2369 ld
2260 2325 2415 2370 cum
2461 2303 2790 2371 vidissent

240 2390 509 2470 turbae,
564 2412 839 2458 summo
890 2412 1001 2458 ere
1063 2391 1558 2460 acclamarunt.
1622 2393 1913 2460 Tertiam
1966 2391 2290 2480 deinceps
2341 2391 2616 2481 plagam
2689 2394 2790 2460 in-

241 2478 422 2559 tulit,
477 2491 541 2547 et
592 2479 697 2547 vix
735 2502 814 2568 pe
867 2501 972 2548 em
1027 2480 1431 2549 abscindere
1464 2481 1704 2571 potuit.

327 2570 364 2653 ξ
420 2572 569 2640 28.
627 2568 954 2637 Febronia
992 2570 1204 2659 igitur
1235 2582 1369 2637 toto
1404 2592 1688 2659 corpore
1719 2569 2278 2645 contremiscens,
2322 2570 2786 2659 licetjamjam

240 2657 595 2726 defectura
643 2670 854 2735 esset,
909 2658 1116 2728 dabat
1167 2680 1473 2747 operam,
1531 2672 1605 2727 ut
1654 2659 1944 2727 alterum
1998 2659 2201 2727 etiam
2267 2659 2508 2747 pedem
2582 2682 2791 2749 super

240 2746 513 2836 lignum
570 2760 868 2833 poneret,
922 2769 1173 2836 rogans
1206 2761 1279 2815 ut
1328 2759 1391 2814 et
1442 2747 1565 2815 illc
1596 2748 2139 2817 abscinderetur.
2169 2753 2334 2816 llum
2393 2747 2457 2816 id
2485 2762 2791 2817 cerneret

234 2835 504 2903 Judex:
561 2834 996 2915 «Videtisne,
1055 2837 1299 2922 inquit,
1344 2837 1767 2925 impudentis
1790 2836 2102 2905 mulieris
2132 2836 2665 2925 pertinaciamP»
2719 2844 2792 2907 Et

237 2922 458 2992 multo
494 2922 719 2991 furore
754 2946 1121 3001 accensus,
1163 2925 1470 2993 carnifici
1505 2925 1705 2993 dixit:
1743 2930 1948 2993 «Seca
1988 2938 2051 2993 et
2077 2924 2441 2993 alterum.»
2475 2925 2789 2997 Abscisso

241 3012 455 3101 igitur
485 3023 551 3080 et
580 3011 789 3081 altero
825 3013 1017 3102 pede,
1070 3015 1362 3081 surrexit
1398 3014 1870 3102 Lysimachus,
1907 3028 1970 3081 et
2019 3014 2102 3081 ad
2139 3014 2457 3081 Selenum
2509 3036 2790 3083 conver-

240 3123 397 3169 sus:
455 3100 880 3181 «Quidnam,
937 3102 1178 3188 inquit,
1228 3102 1569 3188 reliquum
1619 3116 1744 3185 est,
1788 3104 1971 3188 quod
2015 3103 2226 3171 facias
2277 3103 2438 3171 huic
2471 3103 2790 3191 puellae?

244 3195 502 3258 Eamus
530 3189 703 3275 jam,
756 3191 1086 3275 quoniam
1132 3191 1403 3279 prandii
1438 3204 1709 3280 tempus
1749 3204 1920 3260 est.»
1971 3192 2062 3259 Ad
2107 3191 2271 3259 baec
2302 3192 2788 3277 iniquissimus

238 3278 562 3347 Selenus:
606 3302 639 3341 «
672 3283 794 3346 Per
825 3279 1111 3347 deorum
1172 3280 1374 3347 vitam
1427 3303 1552 3379 ego
1602 3302 1738 3349 non
1803 3280 2144 3347 dimittam
2199 3279 2556 3348 mulierem
2613 3282 2788 3349 lianc

237 3368 509 3443 vivam,
567 3366 681 3433 sed
738 3367 849 3434 hic
898 3390 1035 3447 erc,
1095 3367 1317 3453 quoad
1386 3369 1708 3457 spiritum
1744 3369 2132 3436 emiserit.»
2185 3376 2350 3437 Cum
2406 3370 2616 3457 igitur
2670 3394 2787 3458 per

238 3456 494 3524 multas
545 3455 748 3525 boras
787 3457 1088 3524 animam
1140 3470 1387 3545 ageret.
1446 3456 1730 3525 Selenus
1770 3457 1855 3525 ad
1890 3456 2214 3525 satellites
2262 3480 2634 3527 conversus
2678 3460 2785 3527 di-

232 3544 359 3611 xit:
413 3542 718 3612 «Vivitne
741 3544 968 3613 adbuc
998 3545 1248 3613 mulier
1273 3546 1806 3615 scelestissima?
1837 3585 1920 3593 —
1950 3546 2257 3623 Maxime,
2294 3547 2616 3632 inquiunt
2655 3547 2779 3627 illi,

232 3632 382 3721 ejus
412 3632 649 3700 anima
689 3632 1007 3701 adhucin
1063 3634 1211 3722 ipsa
1260 3647 1431 3704 est.»
1476 3640 1662 3703 Tunc
1705 3635 1920 3722 jussit
1962 3634 2244 3702 Seleuus
2292 3648 2499 3723 caput
2544 3637 2789 3705 Febro-

238 3722 389 3789 niae
439 3720 782 3790 abscindi.
840 3727 1003 3790 Cum
1055 3722 1266 3811 igitur
1295 3722 1490 3792 miles
1530 3722 1838 3812 gladium
1873 3723 2272 3812 accepisset,
2317 3736 2381 3790 et
2411 3725 2784 3793 Febroniae

238 3813 435 3878 coma
484 3808 696 3878 altera
739 3831 953 3879 manu
1000 3811 1453 3899 apprehensa,
1514 3812 1605 3880 ita
1648 3810 1835 3879 illam
1889 3833 2050 3879 ense
2081 3812 2437 3901 supposito
2463 3814 2780 3902 jugulas—

243 3908 363 3976 set,
401 3911 477 3967 ut
516 3898 574 3966 si
623 3898 781 3985 quis
828 3920 1018 3986 ovem
1072 3898 1371 3986 aliquam
1425 3899 1835 3977 immolaret,
1874 3912 2190 3968 sanctum
2224 3900 2517 3971 abscidit
2546 3916 2780 3991 caput.

244 3986 616 4072 Statimque
665 4000 896 4077 postea
928 3986 1209 4056 Judices
1258 3988 1343 4056 ad
1390 3989 1758 4079 prandium
1810 4004 2285 4059 accesserunt:
2339 3991 2790 4079 Lysimachus

248 4092 398 4140 vero
447 4073 841 4165 lacrymans
890 4077 1376 4146 revertebatur.

288 4161 366 4255 ,ξ
413 4166 574 4232 21).
629 4170 706 4233 At
754 4165 954 4234 turba
988 4187 1333 4235 concursu
1386 4165 1587 4241 sacto,
1645 4165 1907 4234 volebat
1960 4166 2329 4235 Febroniae
2362 4189 2614 4256 corpus
2665 4169 2788 4235 ab-

246 4266 498 4334 ripere:
538 4251 653 4321 sed
687 4254 1138 4344 Lysimachus
1177 4255 1391 4343 jussit
1440 4254 1692 4322 milites
1736 4276 2157 4344 permanere,
2214 4269 2276 4324 et
2310 4277 2561 4346 corpus
2614 4255 2785 4323 illud

250 4337 617 4408 custodire.
656 4342 882 4412 Multis
930 4344 1144 4434 igitur
1179 4343 1521 4434 angustiis
1568 4357 1632 4411 et
1673 4343 2101 4413 moeroribus
2132 4343 2446 4414 detentus
2478 4346 2785 4432 Lysima-

245 4420 440 4504 chus»,
515 4449 734 4514 neque
782 4431 1014 4501 cibum
1048 4487 1062 4512 ‚
1136 4454 1356 4519 neque
1434 4442 1672 4522 potum
1724 4432 2075 4502 sumebat:
2151 4433 2266 4501 sed
2341 4433 2643 4521 seipsum
2715 4434 2783 4499 in
