3357 4995
731 302 816 366 86
1193 319 1534 367 mansur.
1590 320 1683 368 ss.
1736 322 1851 369 ini.
1907 320 2088 367 pam
2133 320 2209 367 ar
2255 318 2629 368 irancuum
2878 301 3082 368 JUNII
3122 300 3154 363 2

641 423 828 471 unus
877 400 961 468 de
1017 398 1519 471 habitatoribus
1569 399 1703 472 loci
1749 402 1961 493 gibbo
2008 401 2417 493 depressus,
2484 400 2787 472 maxillis
2832 400 3030 470 etiam
3089 420 3158 468 ex

643 490 863 559 nimio
909 488 1217 558 dentium
1267 488 1524 571 dolore,
1576 511 1783 578 quem
1837 504 1912 560 ut
1959 492 2109 583 ipse
2154 489 2428 561 dicebat
2472 488 2823 560 diutinum
2875 488 3154 578 patieba-

646 591 780 659 tur,
813 578 1029 647 nimio
1060 590 1329 648 tumore
1356 578 1698 660 distentis,
1732 579 1996 649 furcam
2033 579 2355 650 ferratam
2392 579 2462 647 in
2504 578 2682 649 collo
2713 578 2957 658 ferens,
2996 575 3155 645 idem

645 680 917 756 pratum
956 665 1385 738 furibundus
1413 668 1713 749 intravit,
1751 681 1816 739 et
1862 691 1990 739 cur
2030 681 2305 760 pratum
2360 689 2571 738 suum
2621 666 3151 758 depascerentur,

645 755 1142 825 stomachando
1176 768 1639 846 percontatur.
1687 759 1809 827 Cui
1857 758 2201 828 Diaconus
2237 757 2358 845 qui
2411 755 2739 844 reliquias
2799 768 3152 844 martyrum

630 845 922 924 Terebat,
966 857 1034 913 et
1078 865 1194 915 eas
1244 859 1407 915 tunc
1455 845 1526 914 in
1567 846 1965 917 summitate
1997 848 2253 947 virgae,
2307 867 2518 934 quani
2553 846 2640 916 ob
2674 845 2802 914 hoc
2851 847 2921 914 in
2945 842 3153 929 eodem

647 933 795 1003 loco
828 933 1089 1012 fixerat,
1144 933 1568 1023 suspendere
1616 935 1928 1025 parabat,
1983 935 2249 1015 MeliuS,
2292 935 2541 1024 inquit.
2605 933 2726 1004 tibi
2790 947 2916 1014 est,
2953 944 3025 1003 ut
3064 952 3157 999 co·

643 1044 787 1091 ram
841 1022 949 1090 his
1000 1025 1407 1092 Sanctorum
1444 1022 1779 1109 reliquiiS,
1832 1046 2008 1112 quas
2055 1026 2168 1093 hic
2218 1024 2287 1092 in
2352 1023 2680 1093 manibus
2729 1022 2968 1102 liabeo,
3020 1039 3155 1109 pro-

644 1109 998 1188 sternaris,
1034 1114 1388 1198 Deinnque
1438 1133 1659 1202 roges,
1701 1125 1779 1182 ut
1803 1126 1866 1182 te
1901 1135 2022 1204 per
2052 1113 2294 1182 merita
2324 1111 2726 1181 eorumdem
2778 1116 3153 1206 Sanctorum

647 1199 731 1268 de
779 1198 1036 1278 dolore,
1102 1221 1308 1286 quem
1361 1201 1636 1290 pateris,
1701 1201 1996 1272 liberare
2040 1200 2389 1291 dignetur.
2444 1206 2609 1269 Nam
2661 1214 2891 1269 tumor
2941 1198 3052 1284 qui
3096 1217 3152 1263 in

643 1287 817 1358 facie
849 1300 972 1357 tua
1019 1287 1310 1369 videtur,
1365 1301 1650 1360 testatur
1697 1289 1999 1378 aliquem
2050 1311 2382 1380 magnum
2433 1290 2505 1358 in
2553 1311 2669 1357 ore
2707 1301 2829 1359 tuo
2876 1307 3016 1358 esse
3051 1284 3153 1352 do-

644 1377 882 1447 lorem.
923 1375 1014 1445 Ad
1068 1377 1236 1446 haec
1285 1378 1488 1447 homo
1538 1379 1838 1469 projecta
1900 1378 2095 1450 furca
2156 1399 2366 1465 quam
2418 1398 2631 1446 manu
2693 1376 2970 1456 serebat,
3020 1385 3154 1441 ante

643 1465 996 1552 Reliquias
1063 1488 1327 1556 pronus
1375 1468 1659 1547 corruit,-
1711 1480 1798 1548 et,
1865 1481 1944 1538 ut
1993 1468 2333 1536 Diaconus
2371 1466 2435 1534 ei
2481 1466 2726 1545 suasit,
2793 1488 2916 1556 pro
2962 1462 3156 1534 salute

645 1577 771 1624 sua
825 1554 1111 1624 Domino
1160 1554 1600 1645 supplicavit.
1635 1561 1766 1626 Nec
1816 1556 2023 1646 longa
2072 1555 2474 1645 interposita
2509 1557 2699 1623 mora
2732 1555 2829 1624 ita
2859 1573 3059 1623 sanus
3082 1549 3151 1618 ab

641 1644 949 1714 oratione
982 1645 1300 1725 surrexit,
1341 1657 1417 1714 ut
1464 1666 1589 1713 nec
1644 1657 1870 1715 tumor
1908 1646 1978 1713 in
2036 1644 2232 1723 facie,
2276 1664 2399 1713 nec
2457 1642 2656 1712 dolor
2708 1643 2778 1711 in
2831 1641 3145 1716 dentibus,

643 1755 768 1801 nec
820 1731 1106 1832 gibbuS‚
1181 1754 1318 1820 quo
1368 1733 1831 1823 premebatur,
1888 1745 2270 1802 remaneret
2338 1733 2408 1801 in
2458 1731 2686 1802 dorso.
2739 1739 2830 1802 Ac
2896 1726 3151 1820 proinde
3241 1813 3245 1820 ι

642 1834 910 1890 concito
945 1821 1165 1912 gradu
1197 1821 1424 1892 vicum
1477 1822 1856 1911 ingressus,
1891 1843 2133 1891 omnes
2160 1823 2587 1912 propinquos
2617 1843 2697 1890 ac
2738 1821 2993 1890 vicinos
3015 1836 3150 1887 suos

644 1910 715 1978 in
759 1908 998 1978 eodem
1043 1910 1190 1980 loco
1237 1910 1644 1980 constitutos
1697 1911 1782 1980 ad
1847 1911 2119 1981 laudem
2186 1915 2317 1979 Deo
2376 1908 2769 1991 dicendam,
2821 1923 2885 1978 et
2930 1905 3151 1999 gratias

645 1999 912 2069 Christo
965 1999 1250 2068 Domino
1299 1999 1691 2070 referendas
1729 2001 2059 2070 invitavit.

734 2090 770 2175 ξ
819 2091 912 2157 9.
970 2088 1309 2156 Confluxit
1353 2089 1425 2156 in
1478 2102 1750 2177 pratum
1804 2090 2050 2180 ingens
2086 2087 2324 2178 populi
2370 2086 2768 2166 multitudo,
2822 2100 2887 2155 et
2937 2106 3047 2175 pro
3087 2102 3150 2149 eo

645 2177 767 2264 qui
810 2189 1095 2246 sanatus
1141 2176 1383 2256 fuerat,
1438 2179 1695 2266 gratias
1742 2191 1983 2248 actura
2029 2177 2585 2265 circumjacentis
2634 2175 2933 2266 regionis
2983 2170 3148 2269 turba

643 2278 1059 2355 congregata
1121 2278 1243 2334 est.
1302 2270 1569 2356 Rogant
1625 2287 1867 2335 omnes
1919 2267 2335 2345 Diaconum,
2407 2277 2483 2333 ut
2531 2264 2721 2333 illam
2776 2276 3026 2333 noctem
3072 2257 3150 2326 lbl

644 2368 1067 2423 moraretur:
1142 2376 1266 2423 nec
1315 2353 1432 2423 ille
1478 2355 1579 2424 eis
1628 2354 1757 2423 hoc
1808 2376 2060 2445 negare
2123 2367 2407 2443 poterat,
2469 2353 2635 2440 quia
2732 2353 2903 2422 arati
2960 2358 3146 2420 erant,

642 2444 777 2512 nisi
829 2444 1214 2524 assentiret,
1245 2443 1451 2514 etiam
1502 2442 1794 2514 invitum
1833 2444 2161 2513 detinere.
2203 2443 2656 2514 Ducuntdein
2709 2462 2746 2511 e
2783 2437 3147 2540 pervigilem

641 2548 935 2613 noctem,
974 2545 1037 2602 et
1095 2534 1164 2601 in
1217 2534 1330 2602 Dei
1382 2531 1712 2603 laudibus
1778 2546 1913 2603 tota
1977 2534 2165 2623 regio
2227 2532 2616 2617 resonabat.
2674 2537 2748 2601 In
2799 2542 3148 2600 crastinum

639 2635 869 2692 autem
906 2643 1064 2692 cum
1120 2622 1464 2692 Diaconus
1512 2624 1641 2691 iter
1688 2645 1895 2692 suum
1937 2643 2181 2711 capere
2226 2622 2587 2721 coepisset,
2618 2620 2845 2690 omnis
2879 2618 2988 2687 illa
3014 2634 3149 2684 con·

639 2711 901 2801 gregati
954 2710 1192 2801 populi
1245 2710 1631 2799 frequentia
1687 2710 2057 2781 abeuntem
2124 2731 2288 2779 cum
2355 2710 2619 2799 ingenti
2667 2708 3020 2777 devotione
3055 2722 3148 2771 co-

639 2801 877 2869 mitata
917 2813 1041 2880 est,
1088 2822 1214 2868 nec
1262 2815 1419 2869 ante
1467 2800 1568 2868 vel
1620 2801 2000 2870 subsistere
2047 2798 2150 2868 vel
2186 2797 2538 2868 discedere
2573 2797 2809 2876 voluit,
2848 2816 3043 2892 quam
3076 2788 3149 2858 ab

638 2887 819 2966 aliis,
864 2910 1041 2973 quos
1090 2889 1407 2959 miraculi
1460 2889 1671 2976 hujus
1706 2887 1889 2958 fama
1922 2897 2409 2963 commoverat,
2444 2887 2715 2956 obviam
2746 2884 2880 2954 sibi
2905 2899 3146 2982 venien-

641 2976 830 3046 tibus
878 2976 1120 3046 fuisset
1148 2990 1494 3068 exceptus.
1534 2982 1675 3046 Hoc
1727 2978 1932 3047 modo
1980 2999 2218 3047 sacrae
2281 2988 2664 3063 martyrum
2724 2973 3043 3058 reliquiae
3084 2985 3149 3033 ex

640 3064 855 3154 liujus
902 3066 1262 3135 occasione
1309 3065 1631 3134 miraculi
1670 3088 1710 3133 a
1759 3065 2039 3156 populis
2079 3064 2359 3134 illarum
2422 3064 3141 3152 regionumexceptae,

639 3166 705 3221 et
754 3152 839 3222 ad
891 3152 1251 3223 basilicam
1303 3159 1369 3223 S.
1417 3154 1648 3232 Salvii,
1694 3175 1832 3241 quo
1879 3176 1997 3225 eas
2048 3167 2468 3224 memoratus
2499 3151 2831 3240 Georgius
2875 3149 3140 3218 miserat,

643 3242 932 3311 Domino
970 3242 1265 3311 ducente
1315 3241 1616 3331 perlatae
1648 3256 1833 3312 sunt.
1892 3248 2030 3313 Hoc
2083 3243 2363 3333 signum
2419 3242 2640 3332 ipsius
2690 3237 2955 3327 Georgii
3000 3231 3145 3302 rela-

641 3332 825 3400 tione
858 3343 1126 3400 constat
1173 3331 1344 3399 mihi
1377 3353 1527 3400 esse
1556 3345 2014 3422 compertum.
2051 3335 2140 3400 De
2187 3332 2475 3400 caeteris
2524 3341 2748 3399 autem
2793 3346 2962 3413 quae
2987 3337 3144 3391 nunc

639 3419 935 3489 dicenda
968 3434 1154 3500 sunt,
1196 3421 1284 3490 ab
1328 3442 1408 3489 eo
1445 3419 1758 3490 libellum
1810 3422 2069 3511 accepi,
2109 3421 2312 3509 cujus
2363 3419 2534 3489 ordo
2584 3416 2685 3485 vel
2737 3415 2943 3486 series
2986 3412 3144 3479 hunc

641 3508 924 3578 modum
978 3509 1233 3579 habere
1261 3509 1731 3600 cognoscitur.
2976 3587 3009 3598 ..

729 3600 765 3683 ξ
811 3601 969 3669 10.
1024 3604 1217 3666 Anno
1263 3597 1782 3684 quartodecimo
1827 3596 2042 3685 (827),
2079 3598 2344 3668 Christo
2395 3593 2714 3685 propiti0‚
2754 3594 3013 3690 imperii
3039 3588 3146 3652 Lu·

640 3684 865 3754 dovici
913 3687 1225 3776 Augusti,
1260 3709 1419 3756 cum
1462 3686 1547 3756 ad
1597 3686 2179 3756 corroborandam
2229 3683 2598 3755 Christiani
2652 3679 2886 3771 populi
2935 3673 3139 3767 fidem,

640 3775 823 3843 sicut
868 3774 938 3842 in
981 3775 1179 3844 initio
1229 3775 1576 3844 nascentis
1625 3774 1967 3844 Ecclesiae
2015 3775 2215 3866 signa
2243 3787 2308 3842 et
2343 3771 2537 3873 prodi
2583 3770 2653 3869 ‚ia
2690 3770 2757 3838 iu
2810 3769 2951 3857 ipso
2988 3777 3143 3847 regis

641 3861 896 3951 palatio
946 3885 1066 3953 per
1115 3865 1360 3932 merita
1401 3869 1809 3933 Sanctorum
1850 3885 2136 3933 suorum
2167 3867 2500 3931 Dominus
2578 3870 2921 3947 ignaretur
2944 3863 3142 3949 osten-

638 3951 838 4019 dere:
897 3953 1085 4041 petiit
1133 3965 1199 4022 et
1244 3953 1545 4023 obtinuit
1574 3950 1910 4040 Georgius
1951 3953 2308 4041 presbyter
2354 3945 2758 4036 aquisgrani
2812 3932 3140 4033 palatio-ali

641 4040 989 4109 Einhardo
1024 4041 1278 4110 Abbate
1327 4040 1657 4127 reliquias
1707 4040 2064 4110 beatorum
2102 4040 2351 4110 Christi
2384 4049 2756 4123 martyrum
2795 4024 3140 4101 Marcellini

638 4141 705 4197 et
753 4130 950 4208 Petri,
1004 4151 1305 4216 quorum
1354 4151 1641 4219 corpora
1688 4130 1833 4219 ipse
1863 4128 1949 4197 de
2000 4134 2213 4198 Roma
2255 4148 2376 4218 per
2422 4124 2735 4194 homines
2780 4140 2934 4219 suos
2957 4113 3138 4184 allata

639 4239 867 4307 nuper
912 4231 1308 4307 acceperat:
1360 4240 1615 4305 easque
1662 4217 1732 4286 in
1776 4238 2007 4306 capsa,
2042 4240 2254 4305 quam
2285 4236 2455 4285 auro
2501 4224 2563 4281 et
2597 4230 2881 4310 gemmis
2918 4203 3137 4273 decen·

639 4319 742 4375 ter
773 4321 1154 4386 ornaverat,
1197 4306 1585 4377 reconditas
1668 4328 1745 4375 er
1794 4307 2173 4376 Diaconum
2223 4323 2427 4376 suum
2481 4320 2754 4369 nomine
2799 4290 3134 4385 ‘theothar-

639 4395 834 4476 dum,
886 4396 973 4465 ad
1024 4395 1380 4468 basilicam
1435 4400 1501 4466 S.
1543 4401 1626 4465 Sa
1663 4391 1752 4463 i²ii
1796 4396 2144 4485 martyris,
2188 4413 2397 4481 quam
2454 4391 2596 4477 ipse
2631 4400 2786 4456 tunc
2839 4394 3134 4468 temporis
