3357 4995
647 324 775 388 322
1457 341 1535 387 nn
1584 341 1640 389 s.
1695 339 1942 388 mismo
1988 339 2205 389 meno
2751 321 2969 386 JUNII
3023 321 3107 385 ⁴4

555 426 920 496 Insistente
965 436 1192 495 autem
1234 423 1507 507 Basili0,
1560 437 1627 495 et
1657 426 2097 516 promittente
2128 424 2312 512 quod
2356 445 2493 494 non
2526 423 2781 494 frustra
2823 422 3108 504 diceret,

556 513 888 584 indicavit
933 513 995 583 ei
1043 526 1109 583 et
1145 514 1526 604 sophistam
1576 527 1642 585 et
1673 536 1938 596 versuS‚
1975 527 2040 585 et
2091 513 2281 600 quod*
2325 512 2495 583 haec
2543 512 2676 583 sibi
2740 523 2918 583 esset
2967 534 3117 582 ma-

557 603 725 672 teria
772 601 1053 673 doloris,
1093 607 1265 673 Tum
1315 602 1615 675 Basilius
1662 603 1751 672 ad
1813 626 1887 675 se
1935 624 2176 674 versus
2228 602 2603 692 accipienS,
2659 623 2900 671 eorum
2935 601 3115 671 dixit

553 691 1217 782 interpretationem.
1263 696 1561 794 stupens
1608 705 1840 762 autem
1887 690 2313 772 adolescens,
2366 704 2433 762 et
2482 690 2829 761 hilaritate
2875 690 3118 791 persu—

555 801 699 862 suS,
754 780 1019 871 rogavit
1066 779 1322 870 scripto
1359 781 1495 850 sibi
1542 803 1646 862 ea,
1700 803 1878 868 quae
1908 780 2198 862 dixerat,
2237 780 2483 871 digeri.
2540 779 2829 880 Scripsit
2877 791 3120 867 itaque

553 890 794 940 eorum
852 868 1189 960 triplicem
1240 868 1821 960 explanationem.
1888 874 2133 941 Laetus
2180 891 2357 959 puer
2402 891 2560 939 cum
2614 867 2757 937 ilhs
2805 867 2975 938 abiit
3022 869 3114 938 ad
3218 895 3233 910 ·

555 957 947 1039 Libanium‚
1001 958 1291 1028 offerens
1324 958 1386 1027 ei
1416 958 1809 1028 carminum
1858 958 2377 1049 expositionem.
2425 958 2520 1028 Iis
2575 957 2874 1047 acceptis
2937 968 3119 1027 atto·

554 1047 743 1119 nitus
792 1047 1144 1126 LibaniuS,
1198 1052 1323 1116 Per
1342 1046 1675 1128 divinam,
1715 1047 1832 1129 ait,
1865 1046 2635 1139 providentiam,‚nemo
2683 1046 2896 1136 hujus
2938 1059 3116 1115 tem-

555 1135 838 1236 pestatis
869 1135 1261 1226 sapientum
1289 1134 1633 1225 ejusmodi
1661 1147 1880 1226 potest
1927 1135 2197 1206 adferre
2236 1134 2894 1226 interpretationem.
2940 1136 3116 1217 Quis

553 1225 769 1316 igitur
815 1224 1063 1294 horum
1119 1245 1338 1295 novus
1397 1224 1673 1294 effector
1711 1227 1862 1294 est?
1919 1228 1998 1294 At
2045 1246 2253 1315 puer:
2308 1224 2765 1313 PeregrinuS,
2832 1223 3107 1310 inquit,

556 1313 844 1401 quidam
878 1312 964 1382 ad
1019 1332 1241 1382 meam
1290 1312 1635 1384 divertens
1680 1335 2097 1404 cauponam,
2148 1312 2673 1415 promptissime
2710 1311 2879 1386 haec
2934 1312 3114 1382 mihi

555 1404 1044 1492 interpretatus
1091 1412 1215 1473 est.
1260 1401 1463 1471 Nulla
1507 1424 1670 1559 ergo
1721 1405 1912 1472 mora
1960 1403 2340 1502 interjecta,
2375 1422 2588 1470 cursu
2620 1400 2862 1492 rapido
2911 1400 3116 1470 Liba·

556 1491 720 1561 nius
745 1489 1198 1560 diversorium
1253 1490 1467 1580 petiit,
1523 1491 1584 1560 vi
1637 1512 1898 1577 ensque
1947 1491 2285 1561 Basillum·
2317 1503 2383 1559 et
2430 1489 2817 1571 Eubulum,
2848 1511 3111 1576 eosque

555 1600 961 1670 agnoscenS,
1017 1578 1293 1648 illorum
1362 1601 1486 1650 nec
1519 1580 1800 1669 opinato
1855 1579 2151 1650 adventu
2210 1578 2679 1660 exhilaratus,
2732 1579 2972 1648 orabat
3023 1601 3113 1648 ne

556 1667 1098 1758 dedignarentur
1137 1667 1224 1736 ad
1272 1667 1496 1758 ipsius
1543 1668 1748 1738 aedes
1786 1668 2142 1739 divertere.
2176 1674 2267 1738 Ea
2294 1690 2365 1738 re
2397 1668 2785 1757 impetrata,
2824 1666 3115 1759 rogabat
3156 1692 3161 1697 ’

554 1778 671 1826 eos
719 1777 992 1826 sumere
1024 1755 1352 1827 lautiores
1401 1757 1665 1847 epulas
1720 1761 1797 1827 At
1844 1756 1947 1826 illi
2004 1780 2128 1847 pro
2176 1780 2304 1828 sua
2352 1769 2685 1847 perpetua
2731 1768 3108 1826 consuetu-

555 1845 718 1914 dine
768 1865 1014 1935 parum
1048 1845 1249 1935 panis
1296 1858 1361 1915 et
1406 1867 1625 1932 aquae
1672 1846 2046 1936 capienteS,
2099 1846 2356 1947 gratias
2416 1844 2712 1935 agebant
2765 1844 3112 1914 bonorum

556 1933 871 2004 omnium
904 1933 1211 2025 largitori
1249 1939 1402 2003 Deo.
1449 1941 1540 2003 Eo
1560 1935 1860 2027 cognit0,
1898 1936 2226 2005 Libamus
2262 1935 2700 2022 quaestiones
2728 1933 2829 2003 eis
2863 1933 3099 2013 movit,

556 2034 623 2092 et
671 2024 1022 2091 rhetorum
1076 2044 1427 2094 sermones
1524 2025 1850 2094 ertexuit:
1907 2023 2007 2092 illi
2054 2036 2332 2103 contra,
2386 2024 2450 2092 ei
2497 2022 2659 2092 fidei
2718 2043 3108 2092 sermonem

558 2111 988 2198 injiciebant.
1046 2112 1357 2182 Sentiens
1397 2046 1728 2182 Lissanius
1776 2112 2141 2182 verborum
2177 2112 2340 2190 vim,
2394 2113 2640 2201 HujuS,
2694 2110 2951 2197 inquit,
3007 2112 3106 2180 rei

559 2199 855 2269 necdum
909 2213 1377 2301 opportunum
1420 2201 1614 2270 adest
1648 2213 1943 2292 tempus:
1997 2201 2116 2271 ubi
2163 2200 2276 2270 Dei
2315 2200 2603 2290 jusserit
2652 2199 3104 2300 providentia,

559 2308 696 2358 non
747 2290 876 2358 erit
908 2311 1027 2375 qui
1087 2289 1413 2360 obsistat:
1472 2289 1853 2380 plurimum
1905 2312 2063 2359 vero
2112 2289 2286 2358 mihi
2332 2289 2729 2362 contuler1S.
2754 2287 2985 2369 Basili,
3050 2289 3110 2358 si

556 2377 725 2447 haec
773 2377 1350 2460 adolescentibuS,
1403 2379 1526 2466 qui
1572 2379 1759 2469 apud
1811 2386 1919 2446 nte
1967 2391 2152 2459 sunt,
2205 2378 2434 2449 dicere
2480 2399 2616 2448 non
2717 2377 2993 2447 raveris.

647 2469 683 2554 ξ
730 2471 806 2538 ’1.
862 2465 1177 2536 Celeriter
1224 2467 1436 2558 igitur
1493 2468 1562 2538 in
1625 2489 1847 2538 unum
1911 2467 2166 2539 coactis
2194 2466 2598 2558 juvenibuS,
2722 2466 2960 2536 ocebat
2992 2487 3111 2537 eos

558 2577 828 2625 servare
866 2557 1084 2625 animi
1126 2556 1565 2637 munditiam,
1605 2570 1671 2627 et
1704 2558 2015 2647 corporis
2063 2558 2548 2627 inconcussam
2604 2556 3094 2646 integritatem,

554 2645 902 2714 incessum
956 2644 1296 2726 sedatum,
1343 2646 1988 2736 pronunciationem
2038 2644 2458 2715 articulatim
2508 2645 2930 2726 distinctam,
2966 2665 3112 2735 ser-

555 2755 828 2803 monem
882 2734 1055 2803 bene
1083 2735 1567 2823 compositum,
1602 2734 1839 2805 cibum
1890 2747 1955 2805 et
1986 2747 2223 2824 potum
2256 2734 2546 2804 minime
2591 2733 3106 2824 perturbantem

553 2821 657 2892 vel
698 2822 1182 2905 concitantem,
1243 2845 1405 2914 erga
1474 2824 1780 2893 seniores
1827 2824 2390 2904 taciturnitatem,
2446 2844 2610 2912 erga
2656 2821 3110 2911 sapientiores

557 2911 1175 2992 auscultationem,
1228 2933 1393 3003 erga
1443 2911 1620 2994 illos,
1683 2913 1805 2999 qui
1852 2914 1922 2981 in
1975 2912 2309 3003 dignitate
2357 2922 2520 2981 sunt
2579 2911 3103 3000 subjectionem,

557 3020 722 3089 erga
770 3021 970 3089 pares
998 3012 1063 3069 et
1112 2999 1467 3071 inferiores
1513 3001 1917 3071 charitatem
1968 3023 2104 3071 non
2136 3001 2393 3071 fictam:
2450 3022 2670 3089 pauca
2708 3000 2958 3080 dicere,
2995 3022 3110 3070 ca-

556 3108 717 3178 pere
798 3088 1075 3158 lurima:
1115 3090 1479 3160 verborum
1513 3111 1753 3160 cavere
1793 3090 2267 3171 temeritatem,
2307 3088 2543 3179 fugere
2591 3089 3102 3177 loquacitatem,

554 3198 694 3247 non
764 3177 972 3247 aciles
1032 3199 1180 3248 esse
1229 3178 1301 3247 in
1359 3179 1606 3258 risum,
1661 3179 1937 3249 studere
1984 3178 2473 3260 verecundiae,
2553 3200 2713 3248 cum
2787 3178 3111 3247 foeminis

553 3265 966 3355 procacibus
1000 3288 1137 3336 non
1169 3267 1521 3356 suscipere
1557 3267 2097 3357 disputationem
2121 3322 2137 3349 ,
2184 3266 2423 3337 oculos
2471 3266 2670 3336 humi
2716 3266 3103 3356 depressos,

555 3355 871 3425 animum
922 3355 1008 3423 ad
1061 3377 1361 3446 superna
1409 3369 1710 3425 erectum
1761 3357 2038 3436 habere,
2093 3357 2307 3427 vitare
2345 3355 2842 3435 contentioneS,
2884 3356 3110 3446 magi-

552 3444 742 3512 sterii
791 3444 862 3513 di
918 3445 1195 3513 nitatem
1233 3445 1636 3531 neutiquam
1677 3467 2041 3535 usurpare,
2080 3445 2475 3516 mundanos
2522 3443 2817 3513 honores
2864 3465 3108 3513 omnes

552 3554 679 3621 pro
729 3533 877 3602 nihi
908 3555 947 3602 o
982 3533 1256 3603 ducere.
1311 3534 1503 3615 Quod
1554 3534 1613 3603 si
1660 3534 1819 3621 quis
1853 3547 2179 3616 vestrum,
2220 3534 2467 3620 inquit,
2521 3533 2729 3603 etiam
2778 3531 2935 3604 aliis
2961 3546 3108 3622 pot-

549 3634 653 3691 est
704 3623 1055 3712 proficere,
1108 3634 1407 3711 expectet
1441 3623 1828 3693 mercedem
1879 3646 1919 3692 a
1950 3627 2106 3705 Deo,
2146 3635 2724 3708 aeternorumque
2761 3622 3104 3691 bonorum

546 3711 1066 3781 retributionem
1131 3712 1199 3778 in
1252 3711 1516 3782 Christo
1562 3717 1730 3781 Jesu
1777 3711 2065 3781 Domino
2121 3724 2378 3783 nostro.
2433 3715 2615 3780 Haec
2684 3731 2843 3780 cum
2915 3710 3102 3801 apud

547 3800 817 3869 Libanii
857 3799 1241 3889 discipulos
1291 3799 1575 3870 dixisset
1627 3799 1962 3881 Basilius,
2018 3799 2259 3887 illique
2305 3821 2548 3870 omnes
2596 3821 2732 3868 non
2785 3798 2935 3869 sine
2981 3799 3109 3867 ad—

546 3888 911 3958 miratione
959 3887 1337 3968 audissent,
1393 3911 1553 3958 cum
1588 3888 1858 3958 Eubulo
1893 3902 2215 3979 coeptum
2247 3888 2575 3979 carpebat
2639 3887 2787 3958 iter.

633 3980 669 4064 ξ
715 3981 797 4048 8.
854 3982 937 4045 Ut
966 3988 1192 4046 autem
1227 3989 1687 4067 pervenerunt
1713 3978 2245 4068 lerosolymam,
2279 3978 2519 4047 omnia
2556 3998 2753 4047 sacra
2785 3975 2933 4045 loca
2964 3976 3104 4046 fide

541 4078 608 4136 et
653 4064 1019 4135 dilectione
1068 4066 1538 4156 perquirentes
1571 4122 1587 4146 ,
1641 4080 1706 4137 et
1754 4068 1822 4136 in
1875 4068 1961 4137 iis
2011 4072 2222 4136 Deum
2284 4067 2404 4154 qui
2451 4078 2553 4135 est
2600 4086 2810 4155 super
2865 4065 3103 4134 omnia

543 4153 929 4234 adorantes,
989 4155 1277 4224 Maximo
1324 4156 1475 4244 ejus
1513 4155 1712 4225 urbis
1760 4157 2095 4246 Episcopo
2132 4156 2595 4225 innotescunt:
2650 4154 2737 4223 ad
2783 4154 2992 4243 cujus
3029 4175 3101 4224 se

544 4242 756 4333 pedes
804 4242 1225 4334 abjicientes,
1280 4245 1616 4334 rogabant
1662 4244 1976 4314 divinum
2030 4244 2164 4315 sibi
2213 4244 2511 4315 conferri
2563 4243 2909 4333 baptisma
2956 4242 3101 4311 sive

543 4333 1127 4425 regenerationem
1163 4333 1233 4402 in
1266 4333 1594 4404 Jordanis
1643 4334 1958 4404 flumine.
2004 4338 2191 4415 Quos
2252 4333 2375 4404 ubi
2427 4332 2544 4401 ille
2600 4345 2884 4402 sanctus
2931 4330 3091 4420 Epi-

546 4444 800 4513 scopus
863 4423 1064 4505 vidit,
1128 4446 1290 4495 cum
1347 4435 1524 4494 esset
1563 4423 1825 4513 insigni
1886 4422 2315 4494 humanitate
2366 4421 2751 4513 praedituS,
2814 4419 3095 4489 illorum
