3357 4995
196 362 371 430 mxu
418 365 463 427 2
847 380 928 426 nn
976 379 1068 429 ss.
1121 380 1238 427 uu.
1292 379 1488 429 rssrno
1537 380 1613 426 nr
1662 379 2060 427 msncsbtmo
2553 362 2625 426 5⁴

202 466 370 536 baec?
401 489 440 532 »
494 470 676 535 Tum
724 462 832 534 illi
888 462 1259 534 frementes
1305 464 1376 533 in
1447 464 1767 536 homines
1824 465 1965 546 Dei,
2018 463 2444 534 Arthemium
2493 463 2754 555 gladic,

200 566 701 645 percusserunt:
754 573 962 643 porro
1009 552 1389 623 candidam
1436 565 1502 623 et
1549 552 1914 623 Paulinam
1948 574 2072 643 per
2103 574 2432 644 praeceps
2469 554 2540 622 in
2574 575 2728 643 cry-

194 657 349 734 ptam
394 641 873 733 impellentes,
941 641 1296 732 lapidibus
1365 653 1888 734 oppresserunt.
1944 640 2419 711 Marcellinum
2492 655 2723 712 autem

191 733 658 823 presbyterum
703 742 771 800 et
832 734 1108 801 Petrum
1154 728 1588 821 Exorcistam
1649 730 1980 801 manibus
2029 740 2209 800 retro
2256 729 2343 800 ad
2404 730 2724 800 arborem

188 821 653 911 alligaverunt,
711 820 933 890 donec
970 818 1303 890 referrent
1339 819 1426 890 de
1456 819 1545 889 iis
1575 818 1664 889 ad
1716 818 2079 889 vicarium.
2132 819 2287 901 Qui,
2340 829 2417 889 ut
2465 839 2575 888 res
2656 840 2727 887 e-

184 925 304 980 stas
348 910 705 1000 cognovit,
736 908 953 998 jussit
987 928 1105 979 eos
1141 907 1306 978 duci
1353 908 1426 979 in
1474 907 1743 999 sylvam
1783 908 2056 999 nigram
2107 907 2234 998 (α),
2286 927 2465 996 quae
2519 907 2609 976 ho
2665 908 2727 977 ie

181 1000 239 1070 in
283 999 627 1070 honorem
664 997 950 1068 illorum
1001 996 1196 1088 sylva
1249 996 1560 1068 Candida
1604 996 2020 1088 appellatur,
2072 1009 2278 1084 atque
2326 994 2470 1066 illic
2519 997 2724 1066 ambo

180 1089 426 1179 pariter
452 1085 812 1158 decollari.
844 1085 983 1163 ,Ubi
1029 1086 1117 1155 ad
1168 1086 1470 1157 mediam
1520 1085 1786 1176 sylvam
1835 1097 2117 1156 ventum
2152 1097 2277 1167 est,
2355 1085 2529 1176 ipsis
2578 1085 2727 1156 suis

178 1176 504 1247 manibus
564 1174 1082 1245 mundaverunt
1150 1174 1383 1245 locum
1431 1196 1472 1245 a
1517 1175 1778 1266 spinis:
1831 1197 1911 1246 ac
1974 1174 2226 1244 deinde
2289 1185 2589 1254 orantes,
2660 1185 2726 1242 et

179 1265 365 1356 pacis
411 1263 655 1336 osculo
710 1263 1009 1334 invicem
1057 1284 1130 1333 se
1188 1263 1591 1346 salutanteS,
1657 1263 1854 1333 flexis
1909 1263 2206 1354 genibus
2252 1264 2476 1353 capite
2543 1262 2727 1362 plexi

178 1366 360 1425 sunt.
412 1354 545 1437 Qui
612 1364 845 1423 autem
909 1372 1027 1422 eos
1073 1351 1460 1433 decollavit,
1516 1363 1803 1424 testatus
1851 1365 1988 1435 est,
2038 1373 2110 1423 se
2156 1349 2412 1421 vidisse
2454 1372 2724 1420 ammas

179 1464 415 1513 eorum
448 1453 779 1513 exeuntes
824 1462 862 1511 e
906 1441 1340 1532 corporibu5‚
1387 1453 1501 1511 tan
1556 1462 1720 1511 uam
1761 1441 2064 1532 virgines
2095 1461 2266 1510 auro
2312 1453 2379 1511 et
2431 1439 2726 1531 gemmis

179 1544 478 1612 ornatas,
531 1529 840 1601 vestibus
886 1529 1167 1600 indutas
1212 1529 1490 1620 splendi
1543 1530 1832 1609 issimis,
1885 1529 2356 1621 angelicisque
2399 1528 2725 1599 manibus

182 1622 246 1689 in
281 1618 555 1690 coelum
599 1617 935 1699 sublatas,
973 1639 1097 1709 per
1141 1640 1348 1688 auras
1395 1619 1603 1691 ivisse
1636 1618 2040 1709 gaudentes

262 1710 299 1795 ξ
345 1711 430 1780 8.
495 1712 624 1777 Per
665 1705 740 1775 id
790 1716 1066 1797 tempus
1112 1707 1377 1778 Lucflla
1419 1717 1485 1777 et
1549 1707 1851 1776 Firmina
1886 1761 1902 1787 ,
1957 1706 2581 1777 christianissimae
2636 1704 2725 1774 fe-

178 1796 431 1877 minae,
490 1796 923 1897 propinquae
956 1800 1021 1866 S.
1052 1796 1343 1866 Tiburtii
1391 1796 1742 1886 martyriS‚
1781 1796 1987 1886 cnjus
2020 1794 2347 1866 nobilitas
2392 1795 2572 1864 inter
2609 1798 2727 1864 Se·

180 1899 456 1956 natores
503 1885 803 1976 insignis
839 1884 969 1955 fuit
1015 1884 1089 1953 in
1130 1885 1353 1967 terris,
1387 1899 1456 1956 et
1499 1885 1680 1955 inter
1726 1897 2065 1974 martyres
2111 1882 2449 1953 illustrior
2485 1895 2589 1952 est
2654 1882 2721 1950 in

178 1974 417 2055 coelis,
469 1995 705 2045 amore
751 1972 934 2045 beati
969 1974 1293 2063 martyris
1339 1995 1380 2044 a
1419 1973 1736 2065 sepulcro
1767 1974 1920 2075 ejus
1953 1995 2090 2045 non
2131 1973 2565 2069 recedebant,
2605 1970 2723 2040 sed

182 2074 586 2134 constructo
616 2060 763 2132 illic
808 2062 1159 2143 cubiculo,
1214 2061 1326 2132 die
1357 2076 1705 2151 noctuque
1735 2062 1830 2132 ibi
1922 2061 2392 2132 ermanebant.
2439 2059 2531 2130 Iis
2564 2080 2726 2149 ergo

179 2153 249 2220 in
297 2152 456 2223 visu
504 2150 830 2241 apparuit
875 2156 942 2221 S.
986 2151 1340 2222 Tiburtius
1372 2173 1543 2239 cum*
1572 2152 1685 2223 his
1732 2151 1871 2221 duo
1922 2172 2007 2220 us
2057 2150 2505 2240 martyribus,
2560 2147 2725 2217 edo-

178 2242 464 2328 cuitque
494 2261 637 2320 eas,
688 2240 1277 2328 quemadmodum
1309 2261 1598 2330 corpora
1625 2261 1865 2310 eorum
1900 2261 1937 2309 e
1971 2240 2170 2330 nigra
2219 2238 2411 2328 sylva
2440 2237 2728 2327 abspor-

184 2340 347 2409 tata,‘
387 2330 592 2420 juxta
630 2328 863 2418 ipsum
910 2327 983 2397 in
1078 2341 1223 2398 arte
1270 2326 1579 2398 inferiori
1635 2329 1709 2397 in
1757 2340 1999 2418 crypta
2047 2327 2339 2417 sepelire
2371 2327 2722 2397 deberent.

182 2422 490 2488 Fuerunt
543 2430 775 2487 autem
835 2416 937 2488 eis
983 2438 1024 2485 a
1067 2417 1329 2508 Jutorio
1387 2416 1700 2508 Acolythi
1756 2415 1896 2489 duo
1946 2416 2288 2487 Ecclesiae
2321 2419 2719 2484 Romanae.

180 2510 365 2577 Haec
395 2507 631 2577 omnia
672 2511 1030 2588 Damasus,
1081 2527 1242 2577 curn
1294 2506 1504 2577 lector
1561 2517 1761 2587 esset,
1818 2505 2153 2595 puerulus
2213 2503 2456 2575 didicit
2503 2504 2590 2573 ab
2648 2523 2726 2572 eo

180 2597 303 2683 qui
349 2617 467 2666 eos
515 2594 1000 2665 decollaverat:
1051 2607 1118 2665 et
1163 2606 1400 2686 postea
1444 2595 1668 2666 factus
1695 2595 2076 2686 Episcopus
2112 2598 2453 2681 (Summus
2503 2590 2728 2679 Pone.)

178 2685 247 2754 in
293 2706 539 2756 eorum
581 2683 903 2773 sepulcro
932 2683 1044 2754 his
1074 2683 1433 2756 versiculis
1482 2683 1727 2753 limina
1772 2683 2155 2753 decoravit:

575 2880 931 2945 Marcelline
974 2888 1124 2954 tuos,
1173 2882 1397 3024 ffiriter
1446 2881 1645 2956 petre,
1694 2896 1877 2945 nosce
1921 2879 2289 2959 triumphos

574 2960 898 3024 Percussor
940 2961 1154 3024 retulit
1244 2977 1446 3025 amaso
1476 2961 1659 3037 mihi,
1704 2976 1846 3023 cum
1887 2976 2041 3040 puer
2081 2975 2301 3034 essem,

577 3040 739 3104 Haec
779 3040 896 3104 sibi
938 3041 1293 3105 carnificem
1322 3040 1606 3105 rabidum
1648 3040 1929 3104 mandata
1971 3040 2238 3110 dedisse,

575 3119 864 3183 Sentibus
904 3120 971 3182 in
1012 3120 1232 3183 mediis
1274 3130 1479 3184 vestra
1523 3128 1593 3183 ut
1634 3127 1785 3182 tunc
1824 3119 1972 3182 colla
2002 3127 2256 3193 secaret,

577 3198 668 3262 Ne
710 3198 1022 3262 tumulum
1067 3208 1339 3263 vestrum
1366 3202 1692 3280 quisquam
1732 3215 2107 3279 cognoscere
2139 3206 2355 3278 posset.

577 3277 701 3341 Vos
740 3277 969 3342 alacres
995 3281 1212 3342 vestris
1253 3280 1541 3343 manibus
1561 3279 1782 3342 fodisse
1821 3278 2121 3370 sepulcra.

580 3354 916 3422 candidulo
957 3358 1189 3422 occulte
1230 3365 1551 3438 postquam
1576 3358 1850 3435 jacuistis
1894 3374 1959 3421 m
2001 3365 2205 3431 antr0,

579 3437 785 3501 Postea
829 3437 1273 3501 commonitam
1314 3446 1512 3501 vestra
1554 3438 1778 3517 pietate
1820 3437 2146 3510 Lucillam,

576 3517 687 3579 Hic
729 3516 1024 3597 placuisse
1063 3518 1261 3595 magis
1301 3519 1672 3581 sanctissima
1703 3518 1964 3582 condere
1986 3517 2309 3616 ‚membra

274 3669 309 3755 ξ
358 3685 450 3752 9.
507 3673 575 3738 Is
621 3689 803 3750 vem,
841 3669 962 3756 qui
992 3690 1108 3740 eos
1141 3667 1527 3750 decollavit,
1554 3669 1855 3740 nomine
1885 3670 2284 3750 Dorotheus,
2326 3679 2557 3760 postea
2593 3667 2724 3738 sub

195 3769 427 3852 sancto
473 3756 659 3828 sulio
707 3757 1032 3827 Pontifice
1063 3756 1416 3848 publicam
1445 3758 1583 3847 egit
1616 3758 2128 3849 poenitentiam,
2165 3771 2230 3829 et
2254 3759 2444 3828 omni
2472 3757 2726 3848 populo

192 3844 506 3915 indicans
569 3867 747 3934 quae
794 3845 1099 3927 vidisset,
1169 3846 1556 3936 baptizatus
1602 3858 1704 3916 est
1751 3848 1821 3915 in
1873 3861 2218 3917 senectute
2268 3869 2415 3926 sua,
2474 3858 2539 3915 et
2605 3866 2726 3934 per

194 3929 438 4003 bonam
507 3933 1007 4005 confessionem
1058 3934 1366 4026 pervenit
1416 3934 1501 4004 ad
1560 3934 2109 4006 misericordiam
2161 3933 2551 4018 Salvatoris‚
2604 3934 2721 4020 qui

196 4019 352 4090 vivit
383 4034 447 4091 et
495 4034 733 4111 regnat
779 4024 852 4092 in
886 4025 1165 4094 saecula
1198 4023 1662 4094 saeculorum.

244 4176 306 4227 (α)
334 4180 514 4221 Ibidem
541 4191 662 4221 anno
689 4191 814 4226 ceu.
842 4192 927 4231 pro
954 4183 1139 4223 Christo
1167 4184 1322 4232 capite
1349 4183 1513 4233 plexae
1542 4182 1730 4221 fuerant
1763 4182 1839 4222 ΒΞ.
1875 4183 2042 4222 Rufina
2083 4185 2129 4222 ot
2151 4183 2378 4227 Secunda,
2418 4181 2636 4223 milliario
2676 4181 2732 4221 ab

200 4233 304 4272 urbe
325 4235 364 4278 Β,
385 4243 413 4273 x
436 4235 524 4281 jul.
545 4235 625 4275 ubi
644 4235 873 4285 hodieque
894 4241 1111 4286 superest
1132 4238 1269 4276 vicus
1288 4233 1445 4276 dictus
1466 4237 1619 4274 casale
1640 4236 1680 4274 S.
1703 4237 1874 4285 Rufina,
1893 4237 2007 4276 urbs
2027 4236 2141 4276 olim
2161 4238 2373 4285 Episcop.
