3357 4995
209 349 379 416 chn
424 352 465 415 2
717 367 1059 416 mansur.
1116 369 1209 416 ss.
1262 368 1377 415 nn.
1433 368 1613 414 ris-,rm
1660 368 1738 417 m·
1784 366 2162 416 manentum
2543 352 2625 416 53

209 476 394 524 verum
460 454 673 524 etiam
721 452 1077 524 basilicam
1114 508 1129 535 ,
1200 453 1456 526 divinis
1502 452 1750 523 officiis
1797 464 2291 543 congruentem
2326 509 2342 536 ,
2404 476 2540 525 non
2591 454 2703 523 in-

208 543 387 613 decori
440 565 482 614 o
532 542 675 613 eris
725 540 1225 624 aedificassem,
1258 541 1577 612 dubitare
1636 562 1758 612 coe
1811 542 1858 623 i,
1900 541 1970 611 in
2002 541 2208 612 cu'us
2258 543 2706 633 potissimum

202 633 380 702 sancti
405 566 530 702 veiJ
549 629 877 721 martyris
911 631 1192 701 nomine
1219 643 1424 732 atque
1447 632 1706 702 honore
1787 629 2044 701 edicari
2118 631 2366 701 eberet.
2403 637 2709 720 Cumque

198 720 253 790 in
278 720 392 792 hac
418 719 642 791 animi
672 719 1120 791 fluctuatione
1149 719 1532 810 plurimum
1564 719 1895 810 temporis
1927 732 2105 789 esset
2128 719 2505 802 evolutum,
2537 743 2706 792 con-

196 810 316 901 tigit
355 823 432 880 ut
466 808 756 898 quidam
808 808 1149 878 Diaconus
1180 813 1529 879 Romanae
1552 808 1919 888 Ecclesiae,
1974 809 2256 878 nomine
2308 807 2699 890 Deusdona,

190 920 291 989 pro
313 899 458 969 suis
507 896 1034 987 necessitatibus
1064 897 1268 988 Regis
1298 908 1498 988 opem
1531 896 2058 987 imploraturuS,
2096 896 2183 967 ad
2215 896 2551 988 palatium
2594 920 2704 967 ve-

188 987 360 1057 niret:
386 987 631 1074 ibique
655 985 1067 1074 aliquandiu
1094 996 1429 1067 moratus,
1462 1007 1624 1055 cum
1657 998 1956 1076 peracto.
1990 999 2272 1078 propter
2296 985 2481 1074 quod
2507 1006 2711 1056 vene-

185 1089 273 1145 rat
296 1076 591 1166 negotio,
623 1080 909 1146 Romam
948 1073 1172 1145 redire
1204 1086 1498 1164 pararet,
1533 1074 1835 1162 quadam
1872 1073 1985 1144 die
2009 1075 2464 1145 humanitatis
2496 1078 2711 1145 causa

185 1164 344 1234 velut
372 1164 786 1255 peregrinus
822 1162 911 1233 ad
946 1161 1321 1253 prandium
1352 1174 1627 1234 nostrae
1658 1163 2015 1253 parvitatis
2040 1185 2080 1233 a
2107 1164 2309 1234 nobis
2333 1176 2435 1234 est
2467 1163 2713 1233 invita-

184 1253 572 1340 tuszibique
618 1253 798 1322 inter
876 1251 1313 1322 randendum
1346 1251 1551 1342 plura
1583 1250 1820 1334 locuti,
1852 1274 2158 1340 eousque
2182 1251 2715 1324 sermocinando

181 1343 628 1432 pervenimuS,
680 1351 760 1411 ut
844 1362 881 1408 e
928 1339 1377 1414 translatione
1422 1341 1736 1431 corporis
1790 1340 1973 1411 beati
2023 1340 2410 1412 Sebastiani
2465 1364 2545 1411 ac
2594 1362 2712 1410 ne-

182 1430 400 1520 glectis
462 1442 849 1519 martyrum
908 1428 1272 1520 sepulcriS,
1337 1451 1638 1530 quorum
1703 1434 1959 1500 Romae
2006 1429 2254 1531 ingens
2321 1430 2520 1521 copia
2585 1442 2710 1512 est,

183 1518 419 1590 mentio
466 1519 684 1597 fieret.
724 1517 893 1588 Inde
941 1517 1028 1588 ad
1076 1517 1581 1589 dedicationem
1631 1539 1849 1588 novae
1894 1518 2226 1590 basilicae
2273 1530 2546 1589 nostrae
2576 1540 2717 1589 ser—

180 1629 364 1678 mone
394 1628 752 1689 converso,
788 1607 1175 1697 percontari
1223 1606 1445 1698 coepi,
1496 1628 1812 1695 quonam
1850 1607 2056 1678 modo
2104 1608 2192 1677 ad
2241 1607 2313 1677 id
2356 1608 2716 1698 pervenire

179 1712 460 1784 possem,
504 1710 583 1766 ut
613 1695 875 1783 aliquid
926 1695 1013 1765 de
1052 1696 1686 1766 veriS.Sanctorum
1738 1695 2093 1784 reliquiis,
2146 1697 2271 1785 qui
2320 1701 2577 1767 Romae
2608 1718 2717 1765 re-

178 1785 554 1871 quiescunt,
597 1784 774 1855 mihi
804 1783 1100 1874 adipisci
1146 1785 1594 1875 contingeret.
1634 1784 1761 1854 Hic
1793 1783 1911 1855 ille
1961 1785 2187 1875 primo
2233 1785 2516 1874 quidem
2550 1786 2714 1855 hae-

179 1873 424 1956 sitavit,
480 1886 547 1943 et
591 1871 886 1962 qualiter
932 1872 1000 1942 id
1053 1872 1205 1943 fieri
1254 1886 1523 1963 posset,
1579 1895 1653 1943 se
1710 1873 1977 1944 nescire
2026 1874 2400 1964 respondit.
2459 1872 2715 1943 Deinde

179 1984 324 2032 cum
373 1984 490 2032 me
517 1962 603 2032 de
636 1962 765 2032 hac
810 1983 884 2031 re
913 1960 1261 2032 solicitum
1311 1962 1522 2032 simul
1570 1973 1637 2031 et
1683 1961 2041 2033 curiosum
2090 1984 2238 2035 esse
2285 1962 2717 2033 animadver-

182 2061 361 2134 teret,
415 2050 634 2121 altera
662 2050 774 2121 die
799 2072 874 2120 se
902 2049 1398 2141 percontationi
1424 2072 1617 2121 meae
1642 2072 2144 2141 responsurum
2193 2073 2343 2123 esse
2370 2050 2712 2142 promisit.
2819 2111 2823 2115 ,

261 2141 297 2228 ξ
344 2145 434 2211 2.
492 2145 650 2211 Post
692 2138 862 2209 haec
906 2161 1071 2210 cum
1119 2139 1370 2209 iterum
1418 2161 1461 2209 a
1506 2161 1619 2210 me
1685 2139 1932 2210 fuisset
1977 2140 2341 2221 invitatus,
2448 2141 2717 2210 rotinus

180 2249 211 2295 e
256 2228 415 2299 sinu
464 2227 778 2297 libellum
826 2227 1002 2298 mihi
1049 2228 1370 2318 porrexit,
1424 2249 1676 2319 rogans
1714 2240 1793 2298 ut
1836 2249 1998 2299 eum
2039 2228 2231 2299 solus
2265 2250 2387 2320 per
2414 2250 2713 2320 egerem,

183 2316 443 2404 sibique
491 2316 576 2387 de
622 2315 759 2397 his,
803 2338 981 2404 quae
1018 2316 1091 2386 in
1140 2338 1221 2387 eo
1267 2316 1403 2389 scri
1460 2329 1526 2387 ta
1563 2328 1782 2400 erant,
1819 2315 1990 2406 quid
2030 2318 2207 2387 mihi
2248 2318 2567 2409 placeret,
2607 2317 2718 2386 in-

180 2404 399 2475 dicare
446 2426 587 2475 non
636 2403 1073 2497 dedignarer.
1125 2406 1371 2496 Accepi
1411 2339 1760 2488 libellum,
1813 2420 1879 2476 et
1924 2416 2001 2476 ut
2061 2405 2179 2476 ille
2241 2407 2473 2496 petiit,
2527 2406 2720 2477 solus

180 2507 422 2565 secrete
472 2493 758 2586 perlegi.
798 2493 1287 2566 continebatur
1330 2494 1403 2565 in
1453 2516 1533 2565 eo
1570 2517 1722 2568 esse
1750 2494 1883 2565 sibi
1932 2494 2122 2565 domi
2172 2494 2513 2586 plurimas
2546 2501 2718 2566 San-

178 2596 431 2653 ctorum
488 2582 839 2672 reliquias,
891 2604 1144 2671 easque
1192 2605 1265 2655 se
1311 2584 1488 2654 mihi
1518 2584 1686 2654 dare
1713 2583 1909 2666 velle,
1947 2585 2008 2654 si
2049 2606 2200 2654 meo
2248 2584 2466 2658 fultus
2513 2583 2717 2674 adju-

180 2672 339 2741 torio
372 2675 666 2743 Romam
716 2673 961 2742 reverti
1008 2673 1380 2763 potuisset:
1425 2684 1859 2764 compertum
1909 2672 2045 2743 sibi
2093 2672 2260 2754 sore,
2322 2671 2509 2761 quod
2540 2671 2716 2742 duos

181 2759 398 2831 mulos
448 2760 799 2841 haberem,
856 2782 1157 2848 quorum
1209 2762 1269 2832 si
1328 2761 1621 2832 alterum
1674 2761 1810 2831 sibi
1857 2760 2122 2842 darem,
2175 2783 2254 2831 ac
2304 2782 2541 2832 secum
2593 2761 2719 2831 ho-

184 2848 427 2919 minem
481 2870 716 2919 meum
765 2847 1039 2919 fidelem
1091 2849 1458 2931 mitterem,
1513 2850 1635 2939 qui
1667 2849 1828 2920 illas
1862 2849 2190 2938 reliquias
2238 2850 2326 2921 ab
2374 2849 2496 2921 illo
2543 2850 2718 2919 reci-

182 2950 378 3024 peret,
432 2937 746 3025 mihique
776 2938 1091 3020 deferret,
1135 2938 1366 3008 statim
1400 2961 1517 3009 eas
1548 2938 1722 3008 mihi
1754 2960 1902 3010 esse
1937 2939 2347 3010 missurum.
2402 2937 2720 3029 Compla-

186 3026 314 3095 euit
360 3025 537 3095 mihi
597 3027 951 3097 suadentis
1004 3026 1377 3098 consilium
1409 3082 1424 3107 ,
1478 3027 1827 3115 statuique
1874 3026 2082 3097 fidem
2145 3028 2543 3120 sponsionis
2609 3027 2720 3096 in-

185 3127 393 3184 certae
439 3113 755 3185 celeriter
799 3111 1141 3207 experi'ri:
1181 3138 1260 3191 ac
1295 3116 1583 3208 proinde
1615 3115 1776 3187 dato
1823 3116 2009 3205 quod
2060 3118 2330 3207 petebat
2366 3118 2712 3208 jumento,

184 3199 401 3273 addita
449 3215 741 3294 propter,
776 3203 1104 3275 viaticum
1155 3206 1474 3295 pecunia,
1546 3206 1892 3275 notarium
1943 3227 2175 3276 meum
2238 3206 2521 3276 nomine
2585 3209 2718 3275 Ra-

186 3288 476 3375 tleicum,
530 3292 698 3381 quia
743 3304 810 3363 et
856 3293 1006 3384 ipse
1051 3292 1297 3363 orandi
1346 3296 1561 3366 causa
1617 3299 1906 3365 Romam
1956 3293 2173 3364 eundi
2216 3305 2451 3365 votum
2511 3293 2720 3364 habe-

186 3377 310 3459 bat,
361 3402 520 3450 cum
571 3403 650 3451 eo
699 3401 983 3473 pergere
1011 3382 1222 3472 jussi.

260 3469 296 3554 ἓ
336 3472 428 3540 8.
481 3470 704 3560 Igitur
751 3469 836 3540 de
899 3470 1314 3562 Aquisgrani
1361 3469 1618 3561 palatio
1666 3471 1957 3561 profecti
2009 3473 2205 3561 (nam
2271 3471 2371 3542 ibi
2420 3492 2499 3541 eo
2548 3481 2716 3540 tem-

189 3574 337 3641 pore
383 3561 763 3647 Imperator
814 3579 975 3630 cum
1028 3581 1157 3629 suo
1220 3559 1551 3629 comitatu
1596 3559 1799 3649 erat)
1855 3564 2233 3650 Augustam
2305 3565 2716 3632 Suessorum

188 3659 535 3716 venerunt:
590 3646 826 3735 ibique
872 3669 1035 3718 cum
1084 3646 1410 3730 Hildoino
1457 3647 1714 3719 Abbate
1745 3648 1821 3718 in
1856 3649 2272 3720 monasterio
2303 3653 2369 3719 S.
2410 3647 2716 3718 Medardi

189 3727 385 3803 locuti
431 3746 618 3817 sunt,
667 3736 833 3823 quia
881 3748 1305 3806 memoratus
1351 3735 1690 3808 diaconus
1749 3736 1811 3807 ei
1874 3736 2226 3839 pollicitus
2272 3751 2397 3818 est,
2455 3759 2528 3808 se
2575 3736 2719 3806 effi-

187 3839 325 3890 cere
354 3843 574 3911 posse,
625 3836 705 3894 ut
750 3846 870 3895 cor
921 3846 1006 3895 us
1054 3825 1235 3896 beati
1282 3825 1575 3895 Tiburtii
1613 3837 1940 3915 martyris
1989 3826 2060 3895 in
2110 3826 2264 3918 ejus
2312 3826 2569 3896 veniret
2601 3847 2719 3916 po-

193 3918 506 4003 testatem.
542 3911 810 3995 Quibus
839 3913 864 3982 i
895 3911 957 3983 le
988 3912 1572 4002 promissionibus
1599 3913 1892 3997 illectus,
1932 3914 2120 3984 misit
2149 3937 2309 3985 cum
2348 3915 2451 3985 eis
2475 3936 2720 4003 quem-

191 3993 338 4076 dam
381 4001 899 4090 presbyterum,
953 4001 1308 4072 hominem
1358 4001 1721 4085 callidum,
1775 4003 2055 4074 nomine
2102 4008 2449 4085 Hunum‚‘
2457 4003 2718 4095 jubens

193 4095 261 4179 nt
301 4100 649 4189 acceptum
687 4090 774 4159 ab
821 4111 901 4160 eo
933 4090 1297 4160 memorati
1347 4090 1672 4180 martyris
1706 4112 1959 4183 corpus
2006 4091 2339 4172 deferret;
2393 4092 2556 4161 inde
2589 4091 2720 4162 iter

196 4190 492 4272 lngressl,
531 4182 846 4260 Romam,
896 4191 1157 4266 quanta
1208 4180 1977 4274 potueruntceleritate,
2032 4191 2499 4272 perrexerunt.
2546 4186 2719 4250 Con-

200 4268 625 4362 ugttautem,
681 4280 1048 4425 postquam
1090 4267 1361 4338 Italiam
1396 4268 1851 4352 intraverunt,
1913 4280 1991 4339 ut
2050 4293 2222 4360 puer
2254 4269 2505 4340 notarii
2548 4267 2709 4348 mei,

198 4365 454 4453 nomine
500 4354 834 4445 Reginbal
889 4378 998 4437 us,
1031 4356 1322 4426 tertiana
1368 4354 1557 4426 febre
1588 4370 1971 4452 correptus,
2014 4379 2151 4429 non
2182 4357 2533 4429 modicum
2563 4378 2719 4447 pro-

198 4430 451 4510 fectioni
496 4464 735 4514 eorum
800 4445 950 4517 suis
999 4443 1356 4517 laboribus
1411 4443 1662 4516 faceret
1719 4446 2329 4538 impedimentum:
2384 4445 2716 4534 quoniam
