3357 4995
659 284 788 349 200
1275 300 1352 345 m:
1401 300 1456 344 s.
1509 296 1789 346 nonnam
1834 297 2075 344 ΑΒΒΑΤΕ
2121 296 2396 346 cisranc.
2789 281 3005 346 JUNII
3058 282 3099 344 7

569 400 801 477 postea
847 385 1124 454 effectus
1152 395 1272 453 est.
1329 382 1452 451 Sed
1489 405 1567 452 ea
1613 382 1899 453 ecclesia
1931 382 2410 452 etanimarum
2438 385 2605 452 cura
2633 382 2907 452 tandem
2944 405 3096 453 sese

569 476 921 552 abdicans,
978 475 1044 541 in
1100 472 1511 542 monasterio
1571 471 1966 541 Witebiensi
2032 471 2267 561 (vulgo
2317 471 2400 540 de
2452 470 2732 561 Witiby)
2779 471 3091 542 habitum

568 563 1023 634 monasticum
1077 561 1291 650 petiit,
1347 573 1411 629 et
1459 561 1743 651 accepit.
1801 566 1921 629 Per
1970 559 2034 628 id
2108 572 2377 650 tempus
2449 559 2836 634 Richardus
2903 562 3094 629 Prior

569 651 961 722 monasterii
1013 655 1077 718 S.
1135 650 1381 719 Mariae
1430 649 1900 729 Eboracensi5‚
1962 671 2123 717 cum
2181 647 2543 717 duodecim
2607 649 2809 717 sociis
2864 648 3097 720 locum

567 740 960 829 quemdam,
1014 761 1217 826 quem
1283 744 1523 808 Fontes
1574 750 1814 808 vocant
1844 739 1900 818 *‚
1955 760 1993 806 a
2042 738 2359 806 Turstino
2408 737 2931 827 Archiepiscppo
2980 762 3095 807 ac-

567 831 767 921 cepit,
807 843 871 897 et
919 829 987 896 in
1030 828 1352 897 Abbatem
1393 826 1673 906 electus,
1718 827 2207 897 monasterium
2258 827 2659 906 construxit,
2700 828 2768 895 in
2819 829 2953 913 quo
2989 829 3094 896 Ci-

569 918 1030 989 stertiensium
1062 917 1301 986 habitu
1336 929 1674 1005 suscepto,
1712 916 1916 985 vitam
1947 915 2221 984 illorum
2250 928 2314 984 et
2342 937 2562 985 mores
2589 915 3089 984 aemulabatur.

569 1015 777 1077 Nemo
826 1007 970 1074 illic
1007 1027 1251 1096 panem
1281 1004 1540 1074 otiosus
1574 1003 1836 1085 edebat,
1879 1027 2002 1072 nec
2027 1004 2240 1091 quieti
2269 1003 2670 1094 indulgebat
2693 1005 3088 1091 quisquam,

571 1098 702 1166 nisi
756 1097 986 1166 labore
1035 1095 1379 1183 fatigatus.
1439 1093 1755 1162 Famelici
1806 1093 2221 1163 accedebant
2267 1092 2351 1162 ad
2407 1115 2737 1172 mensam,
2793 1093 2951 1162 fessi
3002 1095 3088 1162 ad

571 1186 846 1255 lectum.
917 1189 1300 1268 Numquam
1354 1182 1436 1250 ad
1504 1183 1876 1251 satietatem
1930 1181 2199 1260 refecti,
2272 1181 2487 1251 nihilo
2538 1181 2768 1251 minus
2835 1183 3097 1268 absque

570 1274 843 1344 tristitia
882 1285 944 1340 et
971 1289 1349 1347 murmure,
1376 1294 1534 1339 cum
1562 1273 1752 1339 omni
1780 1271 2123 1340 alacritate
2175 1270 2667 1341 benedicebant
2696 1272 3089 1342 Dominum.

655 1366 692 1450 ξ
744 1368 830 1433 2.
885 1361 974 1428 Ad
1032 1361 1204 1428 banc
1253 1382 1413 1450 ergo
1463 1357 2245 1429 sanctam‘sodalitatem
2286 1361 2383 1426 vir
2424 1360 2689 1427 Domini
2731 1360 3089 1438 Robertus,

568 1474 725 1520 cum
783 1451 973 1540 prius
1020 1472 1060 1516 a
1091 1471 1231 1518 ¹suo
1265 1449 1516 1517 Abbate
1564 1449 1831 1538 copiam
1882 1450 2208 1539 petiisset,
2243 1471 2388 1517 sese
2437 1448 2772 1535 adjunxit,
2813 1462 3095 1535 eratque

568 1542 634 1609 in
690 1539 918 1608 labore
968 1551 1312 1613 strenuus,
1355 1538 1423 1605 in
1478 1537 1763 1606 lectione
1810 1551 1874 1605 et
1924 1538 2361 1606 meditatione
2422 1537 2769 1616 assiduus,
2818 1539 2883 1604 in
2937 1561 3093 1606 ora·

571 1631 750 1698 tione
798 1628 1104 1705 devotuS,
1150 1626 1439 1695 consilio
1490 1627 1841 1714 providuS‚
1896 1648 2211 1696 sermone
2258 1625 2622 1696 facundus.
2662 1626 2927 1715 Elapsis
2968 1649 3096 1696 au·
3167 1665 3172 1670 -

570 1731 701 1785 tem
751 1717 1056 1802 quinque
1117 1715 1360 1787 annis.
1430 1737 1586 1802 cum
1650 1715 1797 1801 Jam
1860 1736 1900 1783 a
1959 1715 2226 1784 Christo
2288 1727 2442 1784 nato
2500 1727 2814 1813 ageretur
2863 1738 3091 1784 annus

569 1805 984 1874 millesimus
1033 1804 1447 1872 centesimus
1520 1804 2293 1892 ti·icesimusseptimu5‚
2368 1802 2616 1872 nobilis
2681 1802 2963 1889 quidam
3018 1805 3088 1873 in

569 1893 1093 1962 Northumbriae
1156 1893 1222 1925 *⁴
1277 1894 1550 1982 regione
1600 1891 1902 1982 amplam
1956 1893 2460 1982 possessionem
2524 1892 2813 1980 largitus
2859 1906 2982 1972 est,
3026 1895 3095 1962 in

567 2005 703 2068 qua
753 1983 1108 2062 RobertuS‚
1161 1994 1430 2052 creatus
1478 1982 1723 2061 Abba5‚
1787 1982 2164 2071 assumptis
2214 2004 2446 2050 secum
2491 1980 2813 2050 undecim
2866 1982 3094 2050 fratri-

570 2073 722 2148 buS‚
781 2093 1031 2139 novum
1085 2071 1578 2138 monasterium
1619 2070 2021 2140 construxit.
2071 2069 2277 2138 Multa
2325 2083 2548 2139 autem
2595 2071 2745 2158 eius
2794 2068 2923 2139 fuit
2971 2073 3135 2139 ab-‘

568 2161 935 2239 stinentia,
1009 2160 1096 2228 ita
1148 2173 1221 2227 ut
1269 2182 1306 2227 a
1359 2181 1593 2227 mensa
1644 2181 2024 2246 numquam
2087 2160 2371 2228 satiatus
2420 2158 2831 2236 surrexerit,
2895 2173 2961 2228 et
3026 2161 3093 2229 in

569 2248 1100 2337 Quadragesima
1156 2269 1328 2336 pane
1376 2263 1440 2315 et.
1488 2252 1666 2333 aqua
1702 2248 1803 2316 uti
1851 2248 2301 2316 consueverit.
2343 2247 2599 2316 Accidit
2638 2248 2939 2334 quodam
2971 2255 3095 2316 Pa-

568 2337 783 2405 scliali
836 2351 1159 2427 tempore,
1206 2350 1281 2404 ut
1327 2337 1619 2405 extincto
1667 2348 1734 2404 et
1784 2347 2116 2425 prostrato
2166 2337 2497 2425 appetitu,
2551 2337 2727 2408 cibis
2759 2339 3095 2426 appositis

567 2427 746 2496 ve‘sci
808 2449 939 2495 non
994 2436 1240 2515 posset.
1307 2429 1609 2511 Cumque
1659 2424 1864 2494 frater
1928 2425 2045 2511 qui
2117 2425 2550 2496 ministrabat
2613 2427 2720 2505 ei,
2794 2426 3090 2496 diceret:

570 2540 603 2580 «
635 2520 855 2597 Quare
885 2538 1017 2584 non
1048 2514 1373 2591 comediS,
1415 2520 1697 2603 pate1·?»
1731 2514 1841 2584 ille
1870 2514 2258 2602 respondit:
2314 2538 2349 2581 «
2382 2515 2443 2582 Si
2476 2514 2795 2584 haberem
2842 2537 3090 2604 panem

567 2627 978 2674 avenaccum
1031 2607 1276 2691 butyro
1319 2603 1595 2683 illitum,
1633 2604 1939 2673 fortassis
1990 2603 2149 2672 inde
2195 2602 2364 2672 mihi
2418 2604 2592 2673 vesci
2629 2603 2889 2672 liberet.
2922 2628 2955 2667 »
2984 2609 3093 2673 At-

563 2695 717 2762 tulit
750 2715 909 2783 ergo
959 2693 1161 2762 frater
1213 2691 1322 2760 ille
1360 2715 1603 2780 panem
1641 2692 2018 2783 eiusmodi:
2060 2692 2177 2760 sed
2231 2694 2329 2759 vir
2363 2693 2473 2761 Dei
2508 2692 3087 2771 animadvertens,

565 2804 634 2849 se
686 2781 1062 2871 pauxillum
1116 2781 1713 2871 concupiscentiae
1765 2780 2159 2859 indulsisse,
2218 2781 2651 2850 vehementer
2698 2782 2987 2869 expavit,
3026 2794 3094 2849 et

565 2893 840 2941 severus
887 2894 964 2937 ac
999 2870 1264 2958 rigidus
1315 2870 1380 2937 in
1427 2872 1733 2959 seipsum
1786 2869 2053 2948 vindex,
2099 2882 2376 2959 gustare
2428 2869 2585 2939 inde
2635 2869 2874 2948 noluit,
2947 2870 3096 2957 pla—

566 2980 784 3044 neque
823 2960 1108 3048 jejunus
1204 2960 1556 3028 ermansit.
1612 2960 1851 3028 Cibum
1895 2971 2125 3027 autem
2176 2957 2371 3027 illum
2413 2959 2619 3043 jussit
2672 2981 2803 3048 pau
2857 2959 3094 3027 eribus

565 3046 648 3114 ad
703 3048 1096 3116 monasterii
1156 3070 1306 3116 ores
1355 3048 1526 3127 dari,
1569 3047 1687 3116 ubi
1740 3060 1884 3115 tum
1917 3060 2059 3115 erat
2098 3046 2375 3135 juvenis
2414 3047 2699 3134 quidam
2729 3070 2807 3136 sp
2839 3046 3094 3116 endida

567 3136 738 3203 facie
784 3136 900 3221 qui
943 3158 1099 3203 cum
1135 3159 1275 3204 una
1323 3158 1479 3204 cum
1510 3135 1793 3205 scutella
1836 3137 2120 3225 accepit,
2157 3148 2221 3204 et
2254 3158 2412 3203 mox
2439 3137 2740 3205 evanuit.
2786 3141 3092 3222 Loquen-
3194 3168 3199 3175 ·

564 3224 749 3293 tibus
800 3246 951 3292 vero
1002 3223 1138 3292 illis
1188 3225 1270 3291 de
1318 3224 1546 3293 ablata
1594 3224 1903 3305 scutella,
1944 3226 2170 3295 subito
2217 3247 2296 3293 ea
2345 3224 2599 3293 decidit
2649 3226 2716 3293 in
2781 3247 3094 3294 mensam

561 3334 790 3381 coram
825 3314 1100 3382 Abbate.
1141 3318 1294 3381 Erat
1328 3312 1509 3380 enim
1564 3313 1860 3403 Angelus
1912 3313 2179 3382 Domini
2229 3313 2350 3400 qui
2406 3313 2913 3402 eleemosynam
2971 3316 3094 3382 viri

567 3401 676 3470 Dei
715 3423 750 3469 e
783 3401 971 3470 coelo
1006 3403 1260 3470 missus
1300 3402 1582 3489 accepit.
2442 3435 2456 3453 ·

651 3498 688 3570 ἓ
736 3494 826 3561 3.
883 3494 1148 3558 Praeter
1211 3489 1491 3559 'solitum
1556 3491 1901 3560 servitutis
1946 3503 2012 3559 et
2074 3512 2351 3579 precum
2511 3513 2740 3571 nsum,
2810 3504 3094 3560 ‘centum

560 3579 1059 3667 quinquaginta
1099 3578 1398 3667 psalmos
1437 3580 1743 3664 quotidie
1797 3580 2077 3649 Domino
2126 3512 2554 3649 decaiitaffit.
2608 3580 2921 3661 Quodam
2970 3603 3119 3648 au·-

563 3680 691 3736 tem
753 3679 1054 3756 tempore
1104 3667 1300 3737 solito
1347 3668 1671 3736 attentius
1728 3690 1954 3747 oram,
2009 3680 2074 3737 et
2122 3667 2447 3757 lacrymis
2494 3670 2791 3737 ubertim
2855 3668 3095 3736 faciem

560 3756 818 3846 rigam,
872 3758 1172 3824 animam
1227 3780 1423 3825 suam
1474 3779 1705 3825 coram
1758 3762 1887 3826 Deo
1931 3756 2345 3836 effundebat,
2416 3769 2650 3846 petens
2690 3770 2766 3827 ut
2825 3769 3098 3856 gratum

558 3845 692 3936 ipsi
739 3859 916 3913 esset
963 3846 1317 3914 servitium
1366 3867 1598 3925 suum,
1637 3858 1704 3915 et
1737 3844 2024 3916 fratrum
2077 3867 2387 3924 suorum,
2440 3856 2504 3914 et
2535 3858 2613 3915 ut
2661 3868 2943 3916 nomina
2989 3866 3100 3914 eo-

560 3955 714 4003 rum
765 3934 832 4000 in
910 3933 1084 4004 libro
1151 3935 1324 4003 vitae
1382 3934 1730 4004 scriberet.
1798 3939 1966 4003 Tum
2033 3956 2188 4004 vero
2247 3934 2534 4005 coelitus
2586 3934 2779 4025 lapsa
2827 3957 2950 4003 vox
2997 3946 3101 4003 est

556 4022 920 4109 ejusmodi.
976 4022 1363 4092 Consortare
1410 4022 1547 4091 fili:
1602 4023 1959 4092 exauditae
1994 4036 2155 4092 sunt
2204 4045 2438 4113 preces
2486 4038 2666 4105 tuae,
2718 4023 3104 4092 etnomina

558 4110 860 4180 filiorum
905 4124 1202 4191 tuorum,
1259 4133 1380 4201 pro
1418 4112 1675 4199 quibus
1726 4112 2004 4203 rogasti,
2046 4113 2113 4180 in
2164 4111 2374 4182 coelis
2419 4112 2676 4202 scripta
2713 4125 2899 4182 sunt.
2954 4115 3096 4181 Non

558 4200 695 4268 nisi
743 4200 878 4270 duo
917 4222 994 4270 ex
1030 4201 1138 4280 iis,
1200 4200 1264 4269 in
1320 4213 1495 4270 terra
1534 4200 1772 4290 scripti
1822 4215 2006 4283 sunt,
2037 4223 2333 4287 quorum
2367 4214 2639 4291 pectora
2674 4213 3102 4271 terrenarum

608 4365 627 4386 “
659 4365 713 4403 In
733 4365 855 4411 valle
874 4366 1096 4404 Scheldala
1117 4364 1239 4413 apud
1261 4364 1414 4403 vicum
1442 4365 1604 4403 Simon.

609 4418 663 4445 ⁸*
693 4418 1134 4459 Nerthumberlaud.
1155 4415 1427 4458 nonasterii
1448 4420 1605 4458 autem
1625 4417 1757 4458 locus
1779 4418 1869 4457 tuit
1892 4418 2106 4477 Morpetle,
2127 4426 2297 4458 nomen
2318 4416 2643 4459 Neue-muster.
