<?xml version="1.0" encoding="UTF-8"?>
<!DOCTYPE html PUBLIC "-//W3C//DTD XHTML 1.0 Transitional//EN"
    "http://www.w3.org/TR/xhtml1/DTD/xhtml1-transitional.dtd">
<html xmlns="http://www.w3.org/1999/xhtml" xml:lang="en" lang="en">
 <head>
  <title>
</title>
<meta http-equiv="Content-Type" content="text/html;charset=utf-8" />
  <meta name='ocr-system' content='tesseract 3.04.00' />
  <meta name='ocr-capabilities' content='ocr_page ocr_carea ocr_par ocr_line ocrx_word'/>
</head>
<body>
  <div class='ocr_page' id='page_1' title='image "./historiaeseuvit02lippgoog_0491.png"; bbox 0 0 3357 4995; ppageno 0'>
   <div class='ocr_carea' id='block_1_1' title="bbox 257 342 2708 414">
    <p class='ocr_par' dir='ltr' id='par_1_1' title="bbox 257 342 2708 414">
     <span class='ocr_line' id='line_1_1' title="bbox 257 342 2708 414; baseline 0.003 -8"><span class='ocrx_word' id='word_1_1' title='bbox 257 342 476 407; x_wconf 81' lang='lat' dir='ltr'>JUNII</span> <span class='ocrx_word' id='word_1_2' title='bbox 528 342 609 406; x_wconf 77' lang='grc'>49</span> <span class='ocrx_word' id='word_1_3' title='bbox 1095 361 1173 407; x_wconf 73' lang='lat' dir='ltr'>nn</span> <span class='ocrx_word' id='word_1_4' title='bbox 1220 362 1273 408; x_wconf 90' lang='lat' dir='ltr'>s.</span> <span class='ocrx_word' id='word_1_5' title='bbox 1329 361 1612 408; x_wconf 70' lang='lat' dir='ltr'>nEonA‘ro</span> <span class='ocrx_word' id='word_1_6' title='bbox 1660 360 1957 409; x_wconf 78' lang='lat' dir='ltr'>EPISCOPO</span> <span class='ocrx_word' id='word_1_7' title='bbox 2580 349 2708 414; x_wconf 76' lang='lat'>475</span> 
     </span>
    </p>
   </div>
   <div class='ocr_carea' id='block_1_2' title="bbox 233 442 2796 4435">
    <p class='ocr_par' dir='ltr' id='par_1_2' title="bbox 244 442 2796 1936">
     <span class='ocr_line' id='line_1_2' title="bbox 260 442 2795 537; baseline 0.003 -25"><span class='ocrx_word' id='word_1_8' title='bbox 260 443 678 513; x_wconf 81' lang='lat' dir='ltr'>Trevericam</span> <span class='ocrx_word' id='word_1_9' title='bbox 717 442 945 513; x_wconf 91' lang='lat' dir='ltr'>sedem</span> <span class='ocrx_word' id='word_1_10' title='bbox 976 444 1139 513; x_wconf 90' lang='lat' dir='ltr'>olim</span> <span class='ocrx_word' id='word_1_11' title='bbox 1179 458 1415 534; x_wconf 88' lang='lat' dir='ltr'>raptus</span> <span class='ocrx_word' id='word_1_12' title='bbox 1465 445 1706 514; x_wconf 84' lang='lat' dir='ltr'>fuerat:</span> <span class='ocrx_word' id='word_1_13' title='bbox 1744 446 1861 516; x_wconf 88' lang='lat' dir='ltr'>sed</span> <span class='ocrx_word' id='word_1_14' title='bbox 1898 469 2130 517; x_wconf 90' lang='lat' dir='ltr'>amore</span> <span class='ocrx_word' id='word_1_15' title='bbox 2162 448 2500 537; x_wconf 82' lang='lat' dir='ltr'>singulari</span> <span class='ocrx_word' id='word_1_16' title='bbox 2533 451 2795 521; x_wconf 89' lang='lat' dir='ltr'>charis-</span> 
     </span>
     <span class='ocr_line' id='line_1_3' title="bbox 258 530 2793 625; baseline 0.003 -24"><span class='ocrx_word' id='word_1_17' title='bbox 258 533 418 601; x_wconf 86' lang='lat' dir='ltr'>simi</span> <span class='ocrx_word' id='word_1_18' title='bbox 470 530 743 601; x_wconf 90' lang='lat' dir='ltr'>Deodati</span> <span class='ocrx_word' id='word_1_19' title='bbox 791 532 901 602; x_wconf 91' lang='lat' dir='ltr'>sui</span> <span class='ocrx_word' id='word_1_20' title='bbox 948 534 1031 602; x_wconf 90' lang='lat' dir='ltr'>ad</span> <span class='ocrx_word' id='word_1_21' title='bbox 1085 545 1394 603; x_wconf 89' lang='lat' dir='ltr'>nostrum</span> <span class='ocrx_word' id='word_1_22' title='bbox 1430 537 1772 625; x_wconf 79' lang='lat' dir='ltr'>vosagum</span> <span class='ocrx_word' id='word_1_23' title='bbox 1829 547 2204 623; x_wconf 86' lang='lat' dir='ltr'>pertractus</span> <span class='ocrx_word' id='word_1_24' title='bbox 2253 536 2403 607; x_wconf 87' lang='lat' dir='ltr'>suit.</span> <span class='ocrx_word' id='word_1_25' title='bbox 2443 544 2518 607; x_wconf 90' lang='lat' dir='ltr'>Et</span> <span class='ocrx_word' id='word_1_26' title='bbox 2560 561 2793 609; x_wconf 89' lang='lat' dir='ltr'>revera</span> 
     </span>
     <span class='ocr_line' id='line_1_4' title="bbox 258 620 2794 714; baseline 0.004 -26"><span class='ocrx_word' id='word_1_27' title='bbox 258 622 331 690; x_wconf 90' lang='lat' dir='ltr'>in</span> <span class='ocrx_word' id='word_1_28' title='bbox 379 620 795 707; x_wconf 90' lang='lat' dir='ltr'>quibusdam</span> <span class='ocrx_word' id='word_1_29' title='bbox 823 621 967 710; x_wconf 83' lang='lat' dir='ltr'>jam</span> <span class='ocrx_word' id='word_1_30' title='bbox 1020 643 1221 713; x_wconf 87' lang='lat' dir='ltr'>saepe</span> <span class='ocrx_word' id='word_1_31' title='bbox 1258 622 1421 692; x_wconf 90' lang='lat' dir='ltr'>dicti</span> <span class='ocrx_word' id='word_1_32' title='bbox 1458 624 1769 693; x_wconf 84' lang='lat' dir='ltr'>coenobii</span> <span class='ocrx_word' id='word_1_33' title='bbox 1811 624 1992 714; x_wconf 85' lang='lat' dir='ltr'>regia</span> <span class='ocrx_word' id='word_1_34' title='bbox 2027 637 2091 693; x_wconf 91' lang='lat' dir='ltr'>et</span> <span class='ocrx_word' id='word_1_35' title='bbox 2143 625 2491 714; x_wconf 86' lang='lat' dir='ltr'>pontificia</span> <span class='ocrx_word' id='word_1_36' title='bbox 2557 641 2794 697; x_wconf 88' lang='lat' dir='ltr'>aucto·</span> 
     </span>
     <span class='ocr_line' id='line_1_5' title="bbox 258 709 2796 806; baseline 0.003 -28"><span class='ocrx_word' id='word_1_37' title='bbox 258 711 456 779; x_wconf 82' lang='lat' dir='ltr'>ritate</span> <span class='ocrx_word' id='word_1_38' title='bbox 503 709 793 778; x_wconf 85' lang='lat' dir='ltr'>firmatis</span> <span class='ocrx_word' id='word_1_39' title='bbox 837 710 1247 801; x_wconf 89' lang='lat' dir='ltr'>(privilegiis</span> <span class='ocrx_word' id='word_1_40' title='bbox 1279 710 1378 780; x_wconf 92' lang='lat' dir='ltr'>vel</span> <span class='ocrx_word' id='word_1_41' title='bbox 1430 711 1675 800; x_wconf 88' lang='lat' dir='ltr'>literis)</span> <span class='ocrx_word' id='word_1_42' title='bbox 1708 712 1882 783; x_wconf 89' lang='lat' dir='ltr'>beati</span> <span class='ocrx_word' id='word_1_43' title='bbox 1979 713 2145 782; x_wconf 89' lang='lat' dir='ltr'>atris</span> <span class='ocrx_word' id='word_1_44' title='bbox 2185 715 2399 783; x_wconf 85' lang='lat' dir='ltr'>nostri</span> <span class='ocrx_word' id='word_1_45' title='bbox 2431 715 2796 806; x_wconf 89' lang='lat' dir='ltr'>Hildulphi</span> 
     </span>
     <span class='ocr_line' id='line_1_6' title="bbox 260 799 2795 889; baseline 0.004 -23"><span class='ocrx_word' id='word_1_46' title='bbox 260 818 510 867; x_wconf 90' lang='lat' dir='ltr'>nomen</span> <span class='ocrx_word' id='word_1_47' title='bbox 572 799 909 889; x_wconf 86' lang='lat' dir='ltr'>reperitur</span> <span class='ocrx_word' id='word_1_48' title='bbox 977 799 1352 889; x_wconf 88' lang='lat' dir='ltr'>praefixum</span> <span class='ocrx_word' id='word_1_49' title='bbox 1429 801 1692 880; x_wconf 88' lang='lat' dir='ltr'>titulis,</span> <span class='ocrx_word' id='word_1_50' title='bbox 1766 799 1904 870; x_wconf 90' lang='lat' dir='ltr'>duo</span> <span class='ocrx_word' id='word_1_51' title='bbox 1957 802 2129 870; x_wconf 91' lang='lat' dir='ltr'>ecim</span> <span class='ocrx_word' id='word_1_52' title='bbox 2197 804 2795 875; x_wconf 81' lang='lat' dir='ltr'>subscribentibus</span> 
     </span>
     <span class='ocr_line' id='line_1_7' title="bbox 258 886 2794 981; baseline 0.002 -25"><span class='ocrx_word' id='word_1_53' title='bbox 258 886 636 977; x_wconf 89' lang='lat' dir='ltr'>Episcopis.</span> <span class='ocrx_word' id='word_1_54' title='bbox 694 888 873 957; x_wconf 89' lang='lat' dir='ltr'>Inibi</span> <span class='ocrx_word' id='word_1_55' title='bbox 932 900 1204 957; x_wconf 85' lang='lat' dir='ltr'>sanctae</span> <span class='ocrx_word' id='word_1_56' title='bbox 1252 890 1752 979; x_wconf 82' lang='lat' dir='ltr'>compassionis</span> <span class='ocrx_word' id='word_1_57' title='bbox 1795 889 1895 958; x_wconf 92' lang='lat' dir='ltr'>vir</span> <span class='ocrx_word' id='word_1_58' title='bbox 1941 890 2535 981; x_wconf 76' lang='lat' dir='ltr'>ArchiepiscopuS,</span> <span class='ocrx_word' id='word_1_59' title='bbox 2582 893 2794 963; x_wconf 91' lang='lat' dir='ltr'>immo</span> 
     </span>
     <span class='ocr_line' id='line_1_8' title="bbox 256 975 2793 1071; baseline 0.003 -26"><span class='ocrx_word' id='word_1_60' title='bbox 256 975 648 1045; x_wconf 89' lang='lat' dir='ltr'>Patriarcha</span> <span class='ocrx_word' id='word_1_61' title='bbox 700 976 1054 1066; x_wconf 84' lang='lat' dir='ltr'>profitetur</span> <span class='ocrx_word' id='word_1_62' title='bbox 1093 989 1396 1046; x_wconf 77' lang='lat' dir='ltr'>sanctam</span> <span class='ocrx_word' id='word_1_63' title='bbox 1449 991 1512 1045; x_wconf 88' lang='lat' dir='ltr'>et</span> <span class='ocrx_word' id='word_1_64' title='bbox 1560 989 2046 1067; x_wconf 78' lang='lat' dir='ltr'>compunctam</span> <span class='ocrx_word' id='word_1_65' title='bbox 2099 978 2624 1069; x_wconf 83' lang='lat' dir='ltr'>religiosamque</span> <span class='ocrx_word' id='word_1_66' title='bbox 2674 1005 2793 1071; x_wconf 90' lang='lat' dir='ltr'>po—</span> 
     </span>
     <span class='ocr_line' id='line_1_9' title="bbox 254 1064 2791 1156; baseline 0.002 -23"><span class='ocrx_word' id='word_1_67' title='bbox 254 1064 694 1134; x_wconf 88' lang='lat' dir='ltr'>stulationem</span> <span class='ocrx_word' id='word_1_68' title='bbox 760 1065 1168 1134; x_wconf 88' lang='lat' dir='ltr'>venerabilis</span> <span class='ocrx_word' id='word_1_69' title='bbox 1244 1066 1369 1133; x_wconf 90' lang='lat' dir='ltr'>viri</span> <span class='ocrx_word' id='word_1_70' title='bbox 1422 1065 1695 1134; x_wconf 90' lang='lat' dir='ltr'>Deodati</span> <span class='ocrx_word' id='word_1_71' title='bbox 1762 1067 2078 1156; x_wconf 83' lang='lat' dir='ltr'>Episcopi</span> <span class='ocrx_word' id='word_1_72' title='bbox 2154 1091 2435 1138; x_wconf 89' lang='lat' dir='ltr'>suarum</span> <span class='ocrx_word' id='word_1_73' title='bbox 2516 1070 2791 1140; x_wconf 88' lang='lat' dir='ltr'>aurium</span> 
     </span>
     <span class='ocr_line' id='line_1_10' title="bbox 254 1153 2788 1245; baseline 0.002 -25"><span class='ocrx_word' id='word_1_74' title='bbox 254 1153 499 1221; x_wconf 88' lang='lat' dir='ltr'>intima</span> <span class='ocrx_word' id='word_1_75' title='bbox 568 1167 999 1242; x_wconf 69' lang='lat' dir='ltr'>penetrasse,</span> <span class='ocrx_word' id='word_1_76' title='bbox 1054 1165 1118 1222; x_wconf 91' lang='lat' dir='ltr'>et</span> <span class='ocrx_word' id='word_1_77' title='bbox 1192 1154 1575 1223; x_wconf 90' lang='lat' dir='ltr'>viscerabili</span> <span class='ocrx_word' id='word_1_78' title='bbox 1629 1155 1877 1224; x_wconf 86' lang='lat' dir='ltr'>affectu</span> <span class='ocrx_word' id='word_1_79' title='bbox 1947 1156 2215 1245; x_wconf 89' lang='lat' dir='ltr'>pietatis</span> <span class='ocrx_word' id='word_1_80' title='bbox 2264 1158 2520 1227; x_wconf 86' lang='lat' dir='ltr'>itacor</span> <span class='ocrx_word' id='word_1_81' title='bbox 2586 1182 2788 1228; x_wconf 90' lang='lat' dir='ltr'>suum</span> 
     </span>
     <span class='ocr_line' id='line_1_11' title="bbox 248 1241 2793 1332; baseline 0.003 -23"><span class='ocrx_word' id='word_1_82' title='bbox 248 1242 657 1311; x_wconf 88' lang='lat' dir='ltr'>charitativa</span> <span class='ocrx_word' id='word_1_83' title='bbox 710 1242 1029 1331; x_wconf 89' lang='lat' dir='ltr'>petitione</span> <span class='ocrx_word' id='word_1_84' title='bbox 1075 1241 1512 1325; x_wconf 89' lang='lat' dir='ltr'>emollivisse,</span> <span class='ocrx_word' id='word_1_85' title='bbox 1558 1256 1635 1312; x_wconf 91' lang='lat' dir='ltr'>ut</span> <span class='ocrx_word' id='word_1_86' title='bbox 1668 1243 2083 1313; x_wconf 87' lang='lat' dir='ltr'>voluntatem</span> <span class='ocrx_word' id='word_1_87' title='bbox 2143 1244 2295 1332; x_wconf 89' lang='lat' dir='ltr'>ejus</span> <span class='ocrx_word' id='word_1_88' title='bbox 2340 1246 2793 1316; x_wconf 88' lang='lat' dir='ltr'>libentissime</span> 
     </span>
     <span class='ocr_line' id='line_1_12' title="bbox 249 1330 2793 1488; baseline 0.003 -90"><span class='ocrx_word' id='word_1_89' title='bbox 249 1352 392 1399; x_wconf 91' lang='lat' dir='ltr'>non</span> <span class='ocrx_word' id='word_1_90' title='bbox 434 1330 847 1488; x_wconf 56' lang='lat' dir='ltr'>implevisse,</span> <span class='ocrx_word' id='word_1_91' title='bbox 906 1331 1111 1399; x_wconf 91' lang='lat' dir='ltr'>nimis</span> <span class='ocrx_word' id='word_1_92' title='bbox 1173 1330 1633 1422; x_wconf 85' lang='lat' dir='ltr'>irreligiosum</span> <span class='ocrx_word' id='word_1_93' title='bbox 1690 1332 1830 1401; x_wconf 90' lang='lat' dir='ltr'>fore</span> <span class='ocrx_word' id='word_1_94' title='bbox 1873 1334 2230 1422; x_wconf 85' lang='lat' dir='ltr'>putaverit.</span> <span class='ocrx_word' id='word_1_95' title='bbox 2287 1340 2793 1422; x_wconf 86' lang='lat' dir='ltr'>Consequenter</span> 
     </span>
     <span class='ocr_line' id='line_1_13' title="bbox 247 1419 2789 1506; baseline 0.003 -18"><span class='ocrx_word' id='word_1_96' title='bbox 247 1420 459 1488; x_wconf 89' lang='lat' dir='ltr'>etiam</span> <span class='ocrx_word' id='word_1_97' title='bbox 511 1420 531 1487; x_wconf 92' lang='lat' dir='ltr'>i</span> <span class='ocrx_word' id='word_1_98' title='bbox 587 1419 763 1487; x_wconf 89' lang='lat' dir='ltr'>idem</span> <span class='ocrx_word' id='word_1_99' title='bbox 816 1432 1205 1495; x_wconf 86' lang='lat' dir='ltr'>annotatur,</span> <span class='ocrx_word' id='word_1_100' title='bbox 1260 1421 1585 1506; x_wconf 88' lang='lat' dir='ltr'>quoniam</span> <span class='ocrx_word' id='word_1_101' title='bbox 1649 1421 1868 1490; x_wconf 89' lang='lat' dir='ltr'>sancti</span> <span class='ocrx_word' id='word_1_102' title='bbox 1924 1421 2245 1491; x_wconf 86' lang='lat' dir='ltr'>desiderii</span> <span class='ocrx_word' id='word_1_103' title='bbox 2317 1424 2559 1493; x_wconf 87' lang='lat' dir='ltr'>ardore</span> <span class='ocrx_word' id='word_1_104' title='bbox 2630 1448 2789 1495; x_wconf 91' lang='lat' dir='ltr'>suc-</span> 
     </span>
     <span class='ocr_line' id='line_1_14' title="bbox 247 1507 2788 1599; baseline 0.001 -23"><span class='ocrx_word' id='word_1_105' title='bbox 247 1531 506 1577; x_wconf 90' lang='lat' dir='ltr'>census</span> <span class='ocrx_word' id='word_1_106' title='bbox 557 1507 964 1578; x_wconf 87' lang='lat' dir='ltr'>reverendus</span> <span class='ocrx_word' id='word_1_107' title='bbox 1002 1507 1335 1577; x_wconf 88' lang='lat' dir='ltr'>Deodatus</span> <span class='ocrx_word' id='word_1_108' title='bbox 1376 1510 1777 1599; x_wconf 81' lang='lat' dir='ltr'>EpiscopuS,</span> <span class='ocrx_word' id='word_1_109' title='bbox 1836 1510 1903 1578; x_wconf 90' lang='lat' dir='ltr'>in</span> <span class='ocrx_word' id='word_1_110' title='bbox 1939 1510 2111 1580; x_wconf 90' lang='lat' dir='ltr'>valle</span> <span class='ocrx_word' id='word_1_111' title='bbox 2160 1511 2458 1581; x_wconf 88' lang='lat' dir='ltr'>Galilaea</span> <span class='ocrx_word' id='word_1_112' title='bbox 2492 1514 2547 1592; x_wconf 65' lang='lat'>¹⁶,</span> <span class='ocrx_word' id='word_1_113' title='bbox 2582 1535 2788 1599; x_wconf 77' lang='lat' dir='ltr'>quarn</span> 
     </span>
     <span class='ocr_line' id='line_1_15' title="bbox 244 1596 2790 1691; baseline 0.002 -25"><span class='ocrx_word' id='word_1_114' title='bbox 244 1619 330 1666; x_wconf 80' lang='lat' dir='ltr'>ex</span> <span class='ocrx_word' id='word_1_115' title='bbox 381 1597 561 1686; x_wconf 89' lang='lat' dir='ltr'>regis</span> <span class='ocrx_word' id='word_1_116' title='bbox 611 1596 776 1666; x_wconf 86' lang='lat' dir='ltr'>fisco</span> <span class='ocrx_word' id='word_1_117' title='bbox 813 1608 1300 1686; x_wconf 84' lang='lat' dir='ltr'>promeruerat,</span> <span class='ocrx_word' id='word_1_118' title='bbox 1341 1599 1666 1668; x_wconf 90' lang='lat' dir='ltr'>coenobia</span> <span class='ocrx_word' id='word_1_119' title='bbox 1709 1599 1889 1688; x_wconf 92' lang='lat' dir='ltr'>apud</span> <span class='ocrx_word' id='word_1_120' title='bbox 1932 1603 2326 1681; x_wconf 78' lang='lat' dir='ltr'>Juncturas,</span> <span class='ocrx_word' id='word_1_121' title='bbox 2382 1602 2790 1691; x_wconf 87' lang='lat' dir='ltr'>sicutsupra</span> 
     </span>
     <span class='ocr_line' id='line_1_16' title="bbox 246 1684 2788 1778; baseline 0.002 -25"><span class='ocrx_word' id='word_1_122' title='bbox 246 1684 581 1763; x_wconf 85' lang='lat' dir='ltr'>diximus,</span> <span class='ocrx_word' id='word_1_123' title='bbox 656 1685 1032 1755; x_wconf 86' lang='lat' dir='ltr'>construxit</span> <span class='ocrx_word' id='word_1_124' title='bbox 1083 1685 1394 1775; x_wconf 88' lang='lat' dir='ltr'>primus,</span> <span class='ocrx_word' id='word_1_125' title='bbox 1448 1686 1568 1756; x_wconf 91' lang='lat' dir='ltr'>ubi</span> <span class='ocrx_word' id='word_1_126' title='bbox 1631 1688 2003 1757; x_wconf 89' lang='lat' dir='ltr'>monachos</span> <span class='ocrx_word' id='word_1_127' title='bbox 2054 1687 2151 1756; x_wconf 89' lang='lat' dir='ltr'>vel</span> <span class='ocrx_word' id='word_1_128' title='bbox 2208 1690 2600 1778; x_wconf 63' lang='lat' dir='ltr'>perevrinos</span> <span class='ocrx_word' id='word_1_129' title='bbox 2660 1691 2788 1760; x_wconf 91' lang='lat' dir='ltr'>sub</span> 
     </span>
     <span class='ocr_line' id='line_1_17' title="bbox 249 1773 2787 1867; baseline 0.001 -21"><span class='ocrx_word' id='word_1_130' title='bbox 249 1773 850 1846; x_wconf 88' lang='lat' dir='ltr'>sanctissimorum</span> <span class='ocrx_word' id='word_1_131' title='bbox 907 1787 1175 1864; x_wconf 88' lang='lat' dir='ltr'>patrum</span> <span class='ocrx_word' id='word_1_132' title='bbox 1230 1775 1573 1844; x_wconf 86' lang='lat' dir='ltr'>Benedicti</span> <span class='ocrx_word' id='word_1_133' title='bbox 1628 1787 1694 1844; x_wconf 91' lang='lat' dir='ltr'>et</span> <span class='ocrx_word' id='word_1_134' title='bbox 1747 1775 2154 1846; x_wconf 89' lang='lat' dir='ltr'>Columbani</span> <span class='ocrx_word' id='word_1_135' title='bbox 2205 1799 2367 1867; x_wconf 89' lang='lat' dir='ltr'>regu</span> <span class='ocrx_word' id='word_1_136' title='bbox 2400 1802 2438 1847; x_wconf 87' lang='lat' dir='ltr'>a</span> <span class='ocrx_word' id='word_1_137' title='bbox 2491 1779 2787 1848; x_wconf 83' lang='lat' dir='ltr'>victuros</span> 
     </span>
     <span class='ocr_line' id='line_1_18' title="bbox 246 1861 1377 1936; baseline 0.001 -5"><span class='ocrx_word' id='word_1_138' title='bbox 246 1862 672 1932; x_wconf 87' lang='lat' dir='ltr'>deliberabat</span> <span class='ocrx_word' id='word_1_139' title='bbox 704 1861 1038 1933; x_wconf 89' lang='lat' dir='ltr'>collocare</span> <span class='ocrx_word' id='word_1_140' title='bbox 1070 1863 1377 1936; x_wconf 86' lang='lat' dir='ltr'>devotus.</span> 
     </span>
    </p>

    <p class='ocr_par' dir='ltr' id='par_1_3' title="bbox 233 1952 2792 3883">
     <span class='ocr_line' id='line_1_19' title="bbox 342 1952 2786 2044; baseline 0 -20"><span class='ocrx_word' id='word_1_141' title='bbox 342 1954 561 2038; x_wconf 62' lang='lat'>513.</span> <span class='ocrx_word' id='word_1_142' title='bbox 638 1952 857 2041; x_wconf 85' lang='lat' dir='ltr'>Igitur</span> <span class='ocrx_word' id='word_1_143' title='bbox 903 1966 1217 2023; x_wconf 88' lang='lat' dir='ltr'>currente</span> <span class='ocrx_word' id='word_1_144' title='bbox 1268 1953 1760 2022; x_wconf 83' lang='lat' dir='ltr'>sexcentesimo</span> <span class='ocrx_word' id='word_1_145' title='bbox 1828 1965 2066 2042; x_wconf 91' lang='lat' dir='ltr'>septua</span> <span class='ocrx_word' id='word_1_146' title='bbox 2118 1954 2562 2044; x_wconf 89' lang='lat' dir='ltr'>esimoprimo</span> <span class='ocrx_word' id='word_1_147' title='bbox 2603 1979 2786 2025; x_wconf 90' lang='lat' dir='ltr'>anno</span> 
     </span>
     <span class='ocr_line' id='line_1_20' title="bbox 244 2040 2786 2125; baseline 0.002 -17"><span class='ocrx_word' id='word_1_148' title='bbox 244 2041 341 2110; x_wconf 90' lang='lat' dir='ltr'>ab</span> <span class='ocrx_word' id='word_1_149' title='bbox 394 2041 745 2109; x_wconf 89' lang='lat' dir='ltr'>incarnato</span> <span class='ocrx_word' id='word_1_150' title='bbox 822 2041 936 2109; x_wconf 89' lang='lat' dir='ltr'>Dei</span> <span class='ocrx_word' id='word_1_151' title='bbox 1000 2040 1205 2125; x_wconf 85' lang='lat' dir='ltr'>Filio,</span> <span class='ocrx_word' id='word_1_152' title='bbox 1260 2043 1346 2113; x_wconf 91' lang='lat' dir='ltr'>ab</span> <span class='ocrx_word' id='word_1_153' title='bbox 1395 2041 1694 2110; x_wconf 89' lang='lat' dir='ltr'>adventu</span> <span class='ocrx_word' id='word_1_154' title='bbox 1762 2054 1987 2110; x_wconf 88' lang='lat' dir='ltr'>autem</span> <span class='ocrx_word' id='word_1_155' title='bbox 2104 2043 2318 2112; x_wconf 87' lang='lat' dir='ltr'>omini</span> <span class='ocrx_word' id='word_1_156' title='bbox 2376 2044 2648 2113; x_wconf 90' lang='lat' dir='ltr'>Deodati</span> <span class='ocrx_word' id='word_1_157' title='bbox 2703 2046 2786 2113; x_wconf 89' lang='lat' dir='ltr'>ad</span> 
     </span>
     <span class='ocr_line' id='line_1_21' title="bbox 246 2127 2782 2230; baseline 0 -32"><span class='ocrx_word' id='word_1_158' title='bbox 246 2127 624 2198; x_wconf 89' lang='lat' dir='ltr'>Galilaeam</span> <span class='ocrx_word' id='word_1_159' title='bbox 684 2130 899 2210; x_wconf 88' lang='lat' dir='ltr'>terti0,</span> <span class='ocrx_word' id='word_1_160' title='bbox 957 2142 1146 2219; x_wconf 90' lang='lat' dir='ltr'>pater</span> <span class='ocrx_word' id='word_1_161' title='bbox 1211 2130 1635 2219; x_wconf 90' lang='lat' dir='ltr'>Hildulphus</span> <span class='ocrx_word' id='word_1_162' title='bbox 1705 2130 2308 2230; x_wconf 86' lang='lat' dir='ltr'>Archipraesulatu</span> <span class='ocrx_word' id='word_1_163' title='bbox 2356 2134 2782 2202; x_wconf 87' lang='lat' dir='ltr'>Trevirorum</span> 
     </span>
     <span class='ocr_line' id='line_1_22' title="bbox 248 2216 2787 2298; baseline 0.001 -12"><span class='ocrx_word' id='word_1_164' title='bbox 248 2237 402 2286; x_wconf 85' lang='lat' dir='ltr'>sese</span> <span class='ocrx_word' id='word_1_165' title='bbox 450 2216 802 2298; x_wconf 81' lang='lat' dir='ltr'>abdicanS,</span> <span class='ocrx_word' id='word_1_166' title='bbox 856 2231 920 2288; x_wconf 89' lang='lat' dir='ltr'>et</span> <span class='ocrx_word' id='word_1_167' title='bbox 967 2219 1050 2286; x_wconf 90' lang='lat' dir='ltr'>ad</span> <span class='ocrx_word' id='word_1_168' title='bbox 1106 2219 1538 2291; x_wconf 87' lang='lat' dir='ltr'>moriendum</span> <span class='ocrx_word' id='word_1_169' title='bbox 1582 2241 1741 2287; x_wconf 89' lang='lat' dir='ltr'>cum</span> <span class='ocrx_word' id='word_1_170' title='bbox 1777 2219 2038 2288; x_wconf 76' lang='lat' dir='ltr'>Christo</span> <span class='ocrx_word' id='word_1_171' title='bbox 2091 2220 2250 2288; x_wconf 86' lang='lat' dir='ltr'>huic</span> <span class='ocrx_word' id='word_1_172' title='bbox 2298 2220 2530 2288; x_wconf 86' lang='lat' dir='ltr'>aridae</span> <span class='ocrx_word' id='word_1_173' title='bbox 2560 2223 2787 2289; x_wconf 78' lang='lat' dir='ltr'>eremo</span> 
     </span>
     <span class='ocr_line' id='line_1_23' title="bbox 251 2304 2787 2398; baseline 0.002 -26"><span class='ocrx_word' id='word_1_174' title='bbox 251 2325 407 2373; x_wconf 80' lang='lat' dir='ltr'>sese</span> <span class='ocrx_word' id='word_1_175' title='bbox 434 2304 783 2386; x_wconf 80' lang='lat' dir='ltr'>addicenS,</span> <span class='ocrx_word' id='word_1_176' title='bbox 836 2305 1287 2379; x_wconf 89' lang='lat' dir='ltr'>dulcissimus</span> <span class='ocrx_word' id='word_1_177' title='bbox 1332 2308 1623 2387; x_wconf 81' lang='lat' dir='ltr'>vicinuS,</span> <span class='ocrx_word' id='word_1_178' title='bbox 1677 2319 1742 2375; x_wconf 88' lang='lat' dir='ltr'>et</span> <span class='ocrx_word' id='word_1_179' title='bbox 1793 2307 2270 2398; x_wconf 90' lang='lat' dir='ltr'>paratissimus</span> <span class='ocrx_word' id='word_1_180' title='bbox 2316 2309 2611 2378; x_wconf 85' lang='lat' dir='ltr'>confinis</span> <span class='ocrx_word' id='word_1_181' title='bbox 2661 2333 2787 2377; x_wconf 90' lang='lat' dir='ltr'>suo</span> 
     </span>
     <span class='ocr_line' id='line_1_24' title="bbox 246 2391 2788 2485; baseline 0.001 -24"><span class='ocrx_word' id='word_1_182' title='bbox 246 2391 548 2462; x_wconf 89' lang='lat' dir='ltr'>Deodato</span> <span class='ocrx_word' id='word_1_183' title='bbox 582 2395 888 2475; x_wconf 86' lang='lat' dir='ltr'>accessit,</span> <span class='ocrx_word' id='word_1_184' title='bbox 939 2398 1179 2467; x_wconf 86' lang='lat' dir='ltr'>Jacobi</span> <span class='ocrx_word' id='word_1_185' title='bbox 1227 2394 1779 2466; x_wconf 85' lang='lat' dir='ltr'>reverendissimi</span> <span class='ocrx_word' id='word_1_186' title='bbox 1838 2400 2215 2464; x_wconf 86' lang='lat' dir='ltr'>Leucorum</span> <span class='ocrx_word' id='word_1_187' title='bbox 2271 2398 2607 2485; x_wconf 89' lang='lat' dir='ltr'>praesulis</span> <span class='ocrx_word' id='word_1_188' title='bbox 2666 2397 2788 2465; x_wconf 90' lang='lat' dir='ltr'>ad-</span> 
     </span>
     <span class='ocr_line' id='line_1_25' title="bbox 233 2482 2790 2576; baseline 0.002 -25"><span class='ocrx_word' id='word_1_189' title='bbox 233 2483 530 2569; x_wconf 85' lang='lat' dir='ltr'>juvante</span> <span class='ocrx_word' id='word_1_190' title='bbox 578 2483 787 2553; x_wconf 85' lang='lat' dir='ltr'>suffra</span> <span class='ocrx_word' id='word_1_191' title='bbox 842 2482 927 2555; x_wconf 94' lang='lat' dir='ltr'>io.</span> <span class='ocrx_word' id='word_1_192' title='bbox 983 2488 1187 2555; x_wconf 90' lang='lat' dir='ltr'>Porro</span> <span class='ocrx_word' id='word_1_193' title='bbox 1236 2485 1415 2557; x_wconf 81' lang='lat' dir='ltr'>beati</span> <span class='ocrx_word' id='word_1_194' title='bbox 1461 2483 1559 2553; x_wconf 85' lang='lat' dir='ltr'>illi</span> <span class='ocrx_word' id='word_1_195' title='bbox 1625 2507 1704 2553; x_wconf 90' lang='lat' dir='ltr'>ac</span> <span class='ocrx_word' id='word_1_196' title='bbox 1775 2506 2045 2573; x_wconf 89' lang='lat' dir='ltr'>semper</span> <span class='ocrx_word' id='word_1_197' title='bbox 2095 2485 2522 2554; x_wconf 86' lang='lat' dir='ltr'>memorandi</span> <span class='ocrx_word' id='word_1_198' title='bbox 2568 2500 2790 2576; x_wconf 88' lang='lat' dir='ltr'>patres</span> 
     </span>
     <span class='ocr_line' id='line_1_26' title="bbox 248 2571 2789 2664; baseline 0.002 -25"><span class='ocrx_word' id='word_1_199' title='bbox 248 2571 467 2639; x_wconf 88' lang='lat' dir='ltr'>nostri</span> <span class='ocrx_word' id='word_1_200' title='bbox 506 2571 789 2663; x_wconf 89' lang='lat' dir='ltr'>Hildulp</span> <span class='ocrx_word' id='word_1_201' title='bbox 847 2596 926 2641; x_wconf 90' lang='lat' dir='ltr'>us</span> <span class='ocrx_word' id='word_1_202' title='bbox 973 2587 1038 2642; x_wconf 89' lang='lat' dir='ltr'>et</span> <span class='ocrx_word' id='word_1_203' title='bbox 1070 2576 1410 2645; x_wconf 89' lang='lat' dir='ltr'>Deodatus</span> <span class='ocrx_word' id='word_1_204' title='bbox 1441 2573 1510 2642; x_wconf 90' lang='lat' dir='ltr'>in</span> <span class='ocrx_word' id='word_1_205' title='bbox 1562 2572 1955 2654; x_wconf 89' lang='lat' dir='ltr'>solitudine,</span> <span class='ocrx_word' id='word_1_206' title='bbox 1996 2585 2071 2642; x_wconf 90' lang='lat' dir='ltr'>ut</span> <span class='ocrx_word' id='word_1_207' title='bbox 2116 2586 2533 2664; x_wconf 83' lang='lat' dir='ltr'>optaverant,</span> <span class='ocrx_word' id='word_1_208' title='bbox 2583 2575 2789 2645; x_wconf 89' lang='lat' dir='ltr'>vicini</span> 
     </span>
     <span class='ocr_line' id='line_1_27' title="bbox 244 2659 2789 2751; baseline 0.001 -22"><span class='ocrx_word' id='word_1_209' title='bbox 244 2659 493 2739; x_wconf 83' lang='lat' dir='ltr'>effecti,</span> <span class='ocrx_word' id='word_1_210' title='bbox 551 2682 685 2729; x_wconf 93' lang='lat' dir='ltr'>non</span> <span class='ocrx_word' id='word_1_211' title='bbox 738 2684 807 2731; x_wconf 86' lang='lat' dir='ltr'>se</span> <span class='ocrx_word' id='word_1_212' title='bbox 856 2661 1135 2732; x_wconf 88' lang='lat' dir='ltr'>inertiae</span> <span class='ocrx_word' id='word_1_213' title='bbox 1184 2677 1304 2734; x_wconf 90' lang='lat' dir='ltr'>aut</span> <span class='ocrx_word' id='word_1_214' title='bbox 1342 2661 1646 2732; x_wconf 89' lang='lat' dir='ltr'>desidiae</span> <span class='ocrx_word' id='word_1_215' title='bbox 1699 2660 1969 2742; x_wconf 88' lang='lat' dir='ltr'>dedere,</span> <span class='ocrx_word' id='word_1_216' title='bbox 2035 2661 2151 2730; x_wconf 86' lang='lat' dir='ltr'>sed</span> <span class='ocrx_word' id='word_1_217' title='bbox 2216 2661 2585 2751; x_wconf 90' lang='lat' dir='ltr'>vigilarunt</span> <span class='ocrx_word' id='word_1_218' title='bbox 2649 2664 2789 2732; x_wconf 87' lang='lat' dir='ltr'>ala-</span> 
     </span>
     <span class='ocr_line' id='line_1_28' title="bbox 244 2749 2788 2840; baseline 0.001 -24"><span class='ocrx_word' id='word_1_219' title='bbox 244 2749 459 2817; x_wconf 87' lang='lat' dir='ltr'>criter</span> <span class='ocrx_word' id='word_1_220' title='bbox 504 2771 663 2838; x_wconf 90' lang='lat' dir='ltr'>erga</span> <span class='ocrx_word' id='word_1_221' title='bbox 714 2750 938 2818; x_wconf 88' lang='lat' dir='ltr'>mutui</span> <span class='ocrx_word' id='word_1_222' title='bbox 985 2751 1274 2840; x_wconf 91' lang='lat' dir='ltr'>ejusque</span> <span class='ocrx_word' id='word_1_223' title='bbox 1307 2750 1553 2821; x_wconf 89' lang='lat' dir='ltr'>sinceri</span> <span class='ocrx_word' id='word_1_224' title='bbox 1584 2751 1840 2820; x_wconf 88' lang='lat' dir='ltr'>amoris</span> <span class='ocrx_word' id='word_1_225' title='bbox 1889 2749 2298 2830; x_wconf 85' lang='lat' dir='ltr'>custodiam,</span> <span class='ocrx_word' id='word_1_226' title='bbox 2336 2763 2520 2820; x_wconf 90' lang='lat' dir='ltr'>tanto</span> <span class='ocrx_word' id='word_1_227' title='bbox 2567 2752 2788 2821; x_wconf 80' lang='lat' dir='ltr'>effecti</span> 
     </span>
     <span class='ocr_line' id='line_1_29' title="bbox 247 2836 2784 2928; baseline 0.002 -23"><span class='ocrx_word' id='word_1_228' title='bbox 247 2836 758 2917; x_wconf 85' lang='lat' dir='ltr'>familiariores,</span> <span class='ocrx_word' id='word_1_229' title='bbox 796 2852 1054 2925; x_wconf 89' lang='lat' dir='ltr'>quanto</span> <span class='ocrx_word' id='word_1_230' title='bbox 1084 2841 1471 2910; x_wconf 77' lang='lat' dir='ltr'>viciniores,</span> <span class='ocrx_word' id='word_1_231' title='bbox 1526 2843 1607 2907; x_wconf 89' lang='lat' dir='ltr'>Ut</span> <span class='ocrx_word' id='word_1_232' title='bbox 1656 2839 1842 2906; x_wconf 80' lang='lat' dir='ltr'>enim</span> <span class='ocrx_word' id='word_1_233' title='bbox 1895 2839 2112 2925; x_wconf 87' lang='lat' dir='ltr'>major</span> <span class='ocrx_word' id='word_1_234' title='bbox 2157 2840 2383 2909; x_wconf 85' lang='lat' dir='ltr'>existit</span> <span class='ocrx_word' id='word_1_235' title='bbox 2434 2840 2784 2928; x_wconf 90' lang='lat' dir='ltr'>splendor,</span> 
     </span>
     <span class='ocr_line' id='line_1_30' title="bbox 246 2926 2789 3028; baseline 0.002 -33"><span class='ocrx_word' id='word_1_236' title='bbox 246 2927 306 2995; x_wconf 90' lang='lat' dir='ltr'>si</span> <span class='ocrx_word' id='word_1_237' title='bbox 361 2927 587 3016; x_wconf 83' lang='lat' dir='ltr'>ignem</span> <span class='ocrx_word' id='word_1_238' title='bbox 641 2926 809 3016; x_wconf 89' lang='lat' dir='ltr'>igni,</span> <span class='ocrx_word' id='word_1_239' title='bbox 863 2941 981 2998; x_wconf 88' lang='lat' dir='ltr'>aut</span> <span class='ocrx_word' id='word_1_240' title='bbox 1029 2929 1379 2998; x_wconf 89' lang='lat' dir='ltr'>lucernam</span> <span class='ocrx_word' id='word_1_241' title='bbox 1431 2928 1756 2998; x_wconf 90' lang='lat' dir='ltr'>lucernae</span> <span class='ocrx_word' id='word_1_242' title='bbox 1789 2926 2154 3028; x_wconf 86' lang='lat' dir='ltr'>adjungas:</span> <span class='ocrx_word' id='word_1_243' title='bbox 2208 2928 2301 2996; x_wconf 91' lang='lat' dir='ltr'>ita</span> <span class='ocrx_word' id='word_1_244' title='bbox 2336 2929 2591 2998; x_wconf 89' lang='lat' dir='ltr'>sanctis</span> <span class='ocrx_word' id='word_1_245' title='bbox 2626 2929 2789 3000; x_wconf 89' lang='lat' dir='ltr'>viris</span> 
     </span>
     <span class='ocr_line' id='line_1_31' title="bbox 244 3014 2784 3115; baseline 0.001 -32"><span class='ocrx_word' id='word_1_246' title='bbox 244 3036 324 3083; x_wconf 78' lang='lat' dir='ltr'>ex</span> <span class='ocrx_word' id='word_1_247' title='bbox 374 3015 910 3115; x_wconf 86' lang='lat' dir='ltr'>propinquitate,</span> <span class='ocrx_word' id='word_1_248' title='bbox 945 3031 1318 3107; x_wconf 89' lang='lat' dir='ltr'>conspectu</span> <span class='ocrx_word' id='word_1_249' title='bbox 1339 3029 1402 3086; x_wconf 89' lang='lat' dir='ltr'>et</span> <span class='ocrx_word' id='word_1_250' title='bbox 1454 3017 1714 3085; x_wconf 88' lang='lat' dir='ltr'>mutuis</span> <span class='ocrx_word' id='word_1_251' title='bbox 1743 3014 2105 3103; x_wconf 79' lang='lat' dir='ltr'>colloquiis</span> <span class='ocrx_word' id='word_1_252' title='bbox 2131 3018 2423 3086; x_wconf 87' lang='lat' dir='ltr'>accrevit</span> <span class='ocrx_word' id='word_1_253' title='bbox 2462 3017 2784 3089; x_wconf 84' lang='lat' dir='ltr'>charitas.</span> 
     </span>
     <span class='ocr_line' id='line_1_32' title="bbox 245 3102 2788 3176; baseline 0.002 -5"><span class='ocrx_word' id='word_1_254' title='bbox 245 3108 388 3173; x_wconf 76' lang='lat' dir='ltr'>Etsi</span> <span class='ocrx_word' id='word_1_255' title='bbox 425 3116 654 3173; x_wconf 86' lang='lat' dir='ltr'>autem</span> <span class='ocrx_word' id='word_1_256' title='bbox 698 3117 941 3175; x_wconf 85' lang='lat' dir='ltr'>mutua</span> <span class='ocrx_word' id='word_1_257' title='bbox 986 3106 1500 3176; x_wconf 89' lang='lat' dir='ltr'>conversatione</span> <span class='ocrx_word' id='word_1_258' title='bbox 1555 3117 1618 3174; x_wconf 91' lang='lat' dir='ltr'>et</span> <span class='ocrx_word' id='word_1_259' title='bbox 1674 3102 2137 3175; x_wconf 88' lang='lat' dir='ltr'>familiaritate</span> <span class='ocrx_word' id='word_1_260' title='bbox 2188 3105 2359 3175; x_wconf 88' lang='lat' dir='ltr'>nihil</span> <span class='ocrx_word' id='word_1_261' title='bbox 2412 3104 2551 3174; x_wconf 89' lang='lat' dir='ltr'>illis</span> <span class='ocrx_word' id='word_1_262' title='bbox 2612 3120 2788 3175; x_wconf 91' lang='lat' dir='ltr'>esset</span> 
     </span>
     <span class='ocr_line' id='line_1_33' title="bbox 235 3191 2792 3285; baseline 0 -24"><span class='ocrx_word' id='word_1_263' title='bbox 235 3191 682 3281; x_wconf 88' lang='lat' dir='ltr'>jucundius,</span> <span class='ocrx_word' id='word_1_264' title='bbox 748 3205 815 3260; x_wconf 85' lang='lat' dir='ltr'>at</span> <span class='ocrx_word' id='word_1_265' title='bbox 870 3206 1095 3263; x_wconf 87' lang='lat' dir='ltr'>tamen</span> <span class='ocrx_word' id='word_1_266' title='bbox 1155 3195 1521 3285; x_wconf 88' lang='lat' dir='ltr'>indignum</span> <span class='ocrx_word' id='word_1_267' title='bbox 1602 3206 1747 3262; x_wconf 89' lang='lat' dir='ltr'>erat</span> <span class='ocrx_word' id='word_1_268' title='bbox 1809 3205 2028 3263; x_wconf 87' lang='lat' dir='ltr'>tantos</span> <span class='ocrx_word' id='word_1_269' title='bbox 2078 3194 2421 3283; x_wconf 81' lang='lat' dir='ltr'>hospiteS‚</span> <span class='ocrx_word' id='word_1_270' title='bbox 2478 3218 2604 3262; x_wconf 90' lang='lat' dir='ltr'>ceu</span> <span class='ocrx_word' id='word_1_271' title='bbox 2654 3193 2792 3263; x_wconf 91' lang='lat' dir='ltr'>duo</span> 
     </span>
     <span class='ocr_line' id='line_1_34' title="bbox 244 3280 2785 3373; baseline 0.001 -25"><span class='ocrx_word' id='word_1_272' title='bbox 244 3280 502 3350; x_wconf 87' lang='lat' dir='ltr'>mundi</span> <span class='ocrx_word' id='word_1_273' title='bbox 532 3281 917 3350; x_wconf 87' lang='lat' dir='ltr'>clarissima</span> <span class='ocrx_word' id='word_1_274' title='bbox 950 3281 1240 3365; x_wconf 91' lang='lat' dir='ltr'>lumina,</span> <span class='ocrx_word' id='word_1_275' title='bbox 1277 3284 1455 3354; x_wconf 89' lang='lat' dir='ltr'>intra</span> <span class='ocrx_word' id='word_1_276' title='bbox 1503 3282 1715 3352; x_wconf 88' lang='lat' dir='ltr'>unius</span> <span class='ocrx_word' id='word_1_277' title='bbox 1756 3281 2045 3352; x_wconf 88' lang='lat' dir='ltr'>cellulae</span> <span class='ocrx_word' id='word_1_278' title='bbox 2092 3283 2447 3373; x_wconf 87' lang='lat' dir='ltr'>angustias</span> <span class='ocrx_word' id='word_1_279' title='bbox 2497 3283 2785 3361; x_wconf 88' lang='lat' dir='ltr'>latitare,</span> 
     </span>
     <span class='ocr_line' id='line_1_35' title="bbox 240 3370 2789 3461; baseline 0.001 -24"><span class='ocrx_word' id='word_1_280' title='bbox 240 3391 400 3438; x_wconf 90' lang='lat' dir='ltr'>cum</span> <span class='ocrx_word' id='word_1_281' title='bbox 449 3370 554 3438; x_wconf 80' lang='lat' dir='ltr'>vix</span> <span class='ocrx_word' id='word_1_282' title='bbox 585 3383 905 3460; x_wconf 86' lang='lat' dir='ltr'>caperent</span> <span class='ocrx_word' id='word_1_283' title='bbox 938 3372 1253 3461; x_wconf 86' lang='lat' dir='ltr'>singulae</span> <span class='ocrx_word' id='word_1_284' title='bbox 1284 3374 1388 3441; x_wconf 90' lang='lat' dir='ltr'>sin</span> <span class='ocrx_word' id='word_1_285' title='bbox 1445 3372 1620 3451; x_wconf 81' lang='lat' dir='ltr'>uIOS,</span> <span class='ocrx_word' id='word_1_286' title='bbox 1661 3370 1960 3440; x_wconf 84' lang='lat' dir='ltr'>maxime</span> <span class='ocrx_word' id='word_1_287' title='bbox 1985 3371 2164 3457; x_wconf 89' lang='lat' dir='ltr'>quod</span> <span class='ocrx_word' id='word_1_288' title='bbox 2204 3383 2481 3461; x_wconf 87' lang='lat' dir='ltr'>possent</span> <span class='ocrx_word' id='word_1_289' title='bbox 2529 3371 2789 3461; x_wconf 89' lang='lat' dir='ltr'>singuli</span> 
     </span>
     <span class='ocr_line' id='line_1_36' title="bbox 244 3456 2790 3547; baseline 0.001 -21"><span class='ocrx_word' id='word_1_290' title='bbox 244 3456 591 3547; x_wconf 88' lang='lat' dir='ltr'>plurimos</span> <span class='ocrx_word' id='word_1_291' title='bbox 647 3480 879 3528; x_wconf 91' lang='lat' dir='ltr'>secum</span> <span class='ocrx_word' id='word_1_292' title='bbox 933 3460 1014 3528; x_wconf 90' lang='lat' dir='ltr'>ad</span> <span class='ocrx_word' id='word_1_293' title='bbox 1069 3466 1277 3530; x_wconf 89' lang='lat' dir='ltr'>Deum</span> <span class='ocrx_word' id='word_1_294' title='bbox 1337 3483 1375 3529; x_wconf 89' lang='lat' dir='ltr'>a</span> <span class='ocrx_word' id='word_1_295' title='bbox 1428 3461 1700 3529; x_wconf 91' lang='lat' dir='ltr'>ducere.</span> <span class='ocrx_word' id='word_1_296' title='bbox 1769 3464 2002 3545; x_wconf 90' lang='lat' dir='ltr'>Itaque</span> <span class='ocrx_word' id='word_1_297' title='bbox 2064 3471 2449 3528; x_wconf 85' lang='lat' dir='ltr'>statuerunt</span> <span class='ocrx_word' id='word_1_298' title='bbox 2496 3459 2672 3529; x_wconf 90' lang='lat' dir='ltr'>inter</span> <span class='ocrx_word' id='word_1_299' title='bbox 2719 3481 2790 3528; x_wconf 89' lang='lat' dir='ltr'>se</span> 
     </span>
     <span class='ocr_line' id='line_1_37' title="bbox 242 3546 2781 3647; baseline 0.001 -32"><span class='ocrx_word' id='word_1_300' title='bbox 242 3546 619 3616; x_wconf 88' lang='lat' dir='ltr'>clarissimi</span> <span class='ocrx_word' id='word_1_301' title='bbox 668 3547 1044 3647; x_wconf 85' lang='lat' dir='ltr'>pontifices,</span> <span class='ocrx_word' id='word_1_302' title='bbox 1081 3548 1246 3617; x_wconf 92' lang='lat' dir='ltr'>dum</span> <span class='ocrx_word' id='word_1_303' title='bbox 1285 3549 1354 3617; x_wconf 92' lang='lat' dir='ltr'>in</span> <span class='ocrx_word' id='word_1_304' title='bbox 1409 3549 1533 3619; x_wconf 90' lang='lat' dir='ltr'>hac</span> <span class='ocrx_word' id='word_1_305' title='bbox 1580 3560 1807 3617; x_wconf 89' lang='lat' dir='ltr'>essent</span> <span class='ocrx_word' id='word_1_306' title='bbox 1833 3547 1988 3627; x_wconf 91' lang='lat' dir='ltr'>vita,</span> <span class='ocrx_word' id='word_1_307' title='bbox 2025 3548 2233 3616; x_wconf 90' lang='lat' dir='ltr'>semel</span> <span class='ocrx_word' id='word_1_308' title='bbox 2285 3548 2356 3615; x_wconf 91' lang='lat' dir='ltr'>in</span> <span class='ocrx_word' id='word_1_309' title='bbox 2406 3570 2589 3616; x_wconf 90' lang='lat' dir='ltr'>anno</span> <span class='ocrx_word' id='word_1_310' title='bbox 2630 3571 2781 3618; x_wconf 89' lang='lat' dir='ltr'>sese</span> 
     </span>
     <span class='ocr_line' id='line_1_38' title="bbox 249 3635 2784 3721; baseline 0.002 -19"><span class='ocrx_word' id='word_1_311' title='bbox 249 3650 493 3705; x_wconf 90' lang='lat' dir='ltr'>mutuo</span> <span class='ocrx_word' id='word_1_312' title='bbox 544 3635 859 3715; x_wconf 79' lang='lat' dir='ltr'>invisere,</span> <span class='ocrx_word' id='word_1_313' title='bbox 894 3649 960 3704; x_wconf 90' lang='lat' dir='ltr'>et</span> <span class='ocrx_word' id='word_1_314' title='bbox 1008 3649 1203 3705; x_wconf 88' lang='lat' dir='ltr'>nocte</span> <span class='ocrx_word' id='word_1_315' title='bbox 1244 3660 1383 3707; x_wconf 92' lang='lat' dir='ltr'>una</span> <span class='ocrx_word' id='word_1_316' title='bbox 1411 3636 1618 3707; x_wconf 89' lang='lat' dir='ltr'>simul</span> <span class='ocrx_word' id='word_1_317' title='bbox 1675 3657 1976 3704; x_wconf 86' lang='lat' dir='ltr'>manere:</span> <span class='ocrx_word' id='word_1_318' title='bbox 2013 3657 2225 3721; x_wconf 89' lang='lat' dir='ltr'>quam</span> <span class='ocrx_word' id='word_1_319' title='bbox 2277 3649 2541 3705; x_wconf 89' lang='lat' dir='ltr'>noctem</span> <span class='ocrx_word' id='word_1_320' title='bbox 2583 3649 2784 3706; x_wconf 90' lang='lat' dir='ltr'>totam</span> 
     </span>
     <span class='ocr_line' id='line_1_39' title="bbox 248 3722 2790 3810; baseline 0.002 -21"><span class='ocrx_word' id='word_1_321' title='bbox 248 3725 510 3794; x_wconf 91' lang='lat' dir='ltr'>sanctis</span> <span class='ocrx_word' id='word_1_322' title='bbox 550 3722 912 3810; x_wconf 89' lang='lat' dir='ltr'>colloquiis</span> <span class='ocrx_word' id='word_1_323' title='bbox 938 3736 1002 3793; x_wconf 90' lang='lat' dir='ltr'>et</span> <span class='ocrx_word' id='word_1_324' title='bbox 1035 3725 1289 3794; x_wconf 88' lang='lat' dir='ltr'>divinis</span> <span class='ocrx_word' id='word_1_325' title='bbox 1325 3725 1650 3794; x_wconf 90' lang='lat' dir='ltr'>laudibus</span> <span class='ocrx_word' id='word_1_326' title='bbox 1684 3723 1991 3794; x_wconf 88' lang='lat' dir='ltr'>solebant</span> <span class='ocrx_word' id='word_1_327' title='bbox 2039 3723 2390 3793; x_wconf 90' lang='lat' dir='ltr'>insomnes</span> <span class='ocrx_word' id='word_1_328' title='bbox 2444 3725 2790 3794; x_wconf 88' lang='lat' dir='ltr'>transmit-</span> 
     </span>
     <span class='ocr_line' id='line_1_40' title="bbox 253 3812 1732 3883; baseline 0.001 -5"><span class='ocrx_word' id='word_1_329' title='bbox 253 3823 428 3880; x_wconf 90' lang='lat' dir='ltr'>tere:</span> <span class='ocrx_word' id='word_1_330' title='bbox 471 3834 672 3880; x_wconf 89' lang='lat' dir='ltr'>mane</span> <span class='ocrx_word' id='word_1_331' title='bbox 722 3834 875 3882; x_wconf 91' lang='lat' dir='ltr'>vero</span> <span class='ocrx_word' id='word_1_332' title='bbox 915 3815 1003 3883; x_wconf 90' lang='lat' dir='ltr'>ab</span> <span class='ocrx_word' id='word_1_333' title='bbox 1052 3814 1344 3883; x_wconf 86' lang='lat' dir='ltr'>invicem</span> <span class='ocrx_word' id='word_1_334' title='bbox 1396 3812 1732 3883; x_wconf 89' lang='lat' dir='ltr'>recedere.</span> 
     </span>
    </p>

    <p class='ocr_par' dir='ltr' id='par_1_4' title="bbox 258 3898 2795 4435">
     <span class='ocr_line' id='line_1_41' title="bbox 339 3898 2792 3991; baseline -0.002 -18"><span class='ocrx_word' id='word_1_335' title='bbox 339 3902 375 3985; x_wconf 67' lang='grc' dir='ltr'>ἓ</span> <span class='ocrx_word' id='word_1_336' title='bbox 423 3905 565 3973; x_wconf 75' lang='grc'>14.</span> <span class='ocrx_word' id='word_1_337' title='bbox 623 3901 951 3991; x_wconf 88' lang='lat' dir='ltr'>Discipuli</span> <span class='ocrx_word' id='word_1_338' title='bbox 1006 3916 1235 3973; x_wconf 88' lang='lat' dir='ltr'>autem</span> <span class='ocrx_word' id='word_1_339' title='bbox 1287 3902 1610 3980; x_wconf 90' lang='lat' dir='ltr'>illorum,</span> <span class='ocrx_word' id='word_1_340' title='bbox 1665 3900 1720 3970; x_wconf 88' lang='lat' dir='ltr'>si</span> <span class='ocrx_word' id='word_1_341' title='bbox 1771 3900 1937 3987; x_wconf 93' lang='lat' dir='ltr'>quid</span> <span class='ocrx_word' id='word_1_342' title='bbox 1985 3898 2182 3970; x_wconf 90' lang='lat' dir='ltr'>vellet</span> <span class='ocrx_word' id='word_1_343' title='bbox 2228 3900 2398 3971; x_wconf 86' lang='lat' dir='ltr'>alter</span> <span class='ocrx_word' id='word_1_344' title='bbox 2444 3902 2637 3972; x_wconf 91' lang='lat' dir='ltr'>alteri</span> <span class='ocrx_word' id='word_1_345' title='bbox 2688 3902 2792 3970; x_wconf 91' lang='lat' dir='ltr'>in-</span> 
     </span>
     <span class='ocr_line' id='line_1_42' title="bbox 258 3983 2795 4080; baseline 0.003 -29"><span class='ocrx_word' id='word_1_346' title='bbox 258 3983 592 4070; x_wconf 88' lang='lat' dir='ltr'>dicatum,</span> <span class='ocrx_word' id='word_1_347' title='bbox 631 3990 807 4059; x_wconf 90' lang='lat' dir='ltr'>inter</span> <span class='ocrx_word' id='word_1_348' title='bbox 853 4003 1177 4078; x_wconf 90' lang='lat' dir='ltr'>utrosque</span> <span class='ocrx_word' id='word_1_349' title='bbox 1210 3990 1685 4080; x_wconf 87' lang='lat' dir='ltr'>expediebant.</span> <span class='ocrx_word' id='word_1_350' title='bbox 1740 3994 1946 4058; x_wconf 89' lang='lat' dir='ltr'>Porro</span> <span class='ocrx_word' id='word_1_351' title='bbox 1988 3988 2316 4059; x_wconf 88' lang='lat' dir='ltr'>dominus</span> <span class='ocrx_word' id='word_1_352' title='bbox 2369 3990 2795 4080; x_wconf 87' lang='lat' dir='ltr'>Hildulphus</span> 
     </span>
     <span class='ocr_line' id='line_1_43' title="bbox 258 4076 2791 4167; baseline 0.004 -30"><span class='ocrx_word' id='word_1_353' title='bbox 258 4094 392 4141; x_wconf 87' lang='lat' dir='ltr'>non</span> <span class='ocrx_word' id='word_1_354' title='bbox 432 4076 521 4145; x_wconf 90' lang='lat' dir='ltr'>ita</span> <span class='ocrx_word' id='word_1_355' title='bbox 552 4079 787 4167; x_wconf 85' lang='lat' dir='ltr'>procul</span> <span class='ocrx_word' id='word_1_356' title='bbox 825 4101 981 4148; x_wconf 86' lang='lat' dir='ltr'>curn</span> <span class='ocrx_word' id='word_1_357' title='bbox 1018 4081 1164 4151; x_wconf 89' lang='lat' dir='ltr'>suis</span> <span class='ocrx_word' id='word_1_358' title='bbox 1211 4100 1568 4150; x_wconf 89' lang='lat' dir='ltr'>occurrere</span> <span class='ocrx_word' id='word_1_359' title='bbox 1616 4077 1876 4148; x_wconf 88' lang='lat' dir='ltr'>solebat</span> <span class='ocrx_word' id='word_1_360' title='bbox 1924 4077 2218 4147; x_wconf 91' lang='lat' dir='ltr'>venienti</span> <span class='ocrx_word' id='word_1_361' title='bbox 2271 4078 2353 4148; x_wconf 84' lang='lat' dir='ltr'>ad</span> <span class='ocrx_word' id='word_1_362' title='bbox 2401 4101 2473 4148; x_wconf 88' lang='lat' dir='ltr'>se</span> <span class='ocrx_word' id='word_1_363' title='bbox 2513 4079 2791 4148; x_wconf 90' lang='lat' dir='ltr'>domino</span> 
     </span>
     <span class='ocr_line' id='line_1_44' title="bbox 260 4161 2790 4257; baseline 0.004 -31"><span class='ocrx_word' id='word_1_364' title='bbox 260 4161 548 4233; x_wconf 87' lang='lat' dir='ltr'>Deodato</span> <span class='ocrx_word' id='word_1_365' title='bbox 606 4179 668 4235; x_wconf 89' lang='lat' dir='ltr'>et</span> <span class='ocrx_word' id='word_1_366' title='bbox 717 4167 921 4236; x_wconf 88' lang='lat' dir='ltr'>sociis</span> <span class='ocrx_word' id='word_1_367' title='bbox 960 4169 1133 4257; x_wconf 84' lang='lat' dir='ltr'>ejus:</span> <span class='ocrx_word' id='word_1_368' title='bbox 1180 4190 1475 4255; x_wconf 88' lang='lat' dir='ltr'>eumque</span> <span class='ocrx_word' id='word_1_369' title='bbox 1540 4188 1752 4237; x_wconf 89' lang='lat' dir='ltr'>manu</span> <span class='ocrx_word' id='word_1_370' title='bbox 1804 4167 2316 4256; x_wconf 87' lang='lat' dir='ltr'>apprehensum</span> <span class='ocrx_word' id='word_1_371' title='bbox 2365 4167 2658 4238; x_wconf 89' lang='lat' dir='ltr'>ducebat</span> <span class='ocrx_word' id='word_1_372' title='bbox 2704 4167 2790 4235; x_wconf 84' lang='lat' dir='ltr'>ad</span> 
     </span>
     <span class='ocr_line' id='line_1_45' title="bbox 258 4250 2790 4347; baseline 0.003 -32"><span class='ocrx_word' id='word_1_373' title='bbox 258 4250 628 4321; x_wconf 88' lang='lat' dir='ltr'>orationem</span> <span class='ocrx_word' id='word_1_374' title='bbox 683 4277 869 4325; x_wconf 91' lang='lat' dir='ltr'>more</span> <span class='ocrx_word' id='word_1_375' title='bbox 901 4257 1341 4345; x_wconf 88' lang='lat' dir='ltr'>antiquorum</span> <span class='ocrx_word' id='word_1_376' title='bbox 1386 4267 1683 4347; x_wconf 87' lang='lat' dir='ltr'>patrum,</span> <span class='ocrx_word' id='word_1_377' title='bbox 1737 4266 1802 4324; x_wconf 92' lang='lat' dir='ltr'>et</span> <span class='ocrx_word' id='word_1_378' title='bbox 1833 4269 1908 4324; x_wconf 92' lang='lat' dir='ltr'>ut</span> <span class='ocrx_word' id='word_1_379' title='bbox 1933 4254 2134 4324; x_wconf 89' lang='lat' dir='ltr'>habet</span> <span class='ocrx_word' id='word_1_380' title='bbox 2172 4255 2510 4326; x_wconf 86' lang='lat' dir='ltr'>institutio</span> <span class='ocrx_word' id='word_1_381' title='bbox 2545 4256 2790 4326; x_wconf 90' lang='lat' dir='ltr'>beatis-</span> 
     </span>
     <span class='ocr_line' id='line_1_46' title="bbox 259 4336 2795 4435; baseline 0.003 -30"><span class='ocrx_word' id='word_1_382' title='bbox 259 4336 415 4405; x_wconf 88' lang='lat' dir='ltr'>simi</span> <span class='ocrx_word' id='word_1_383' title='bbox 445 4342 786 4413; x_wconf 89' lang='lat' dir='ltr'>Benedicti</span> <span class='ocrx_word' id='word_1_384' title='bbox 814 4345 1130 4416; x_wconf 79' lang='lat' dir='ltr'>Abbatis:</span> <span class='ocrx_word' id='word_1_385' title='bbox 1169 4345 1459 4433; x_wconf 87' lang='lat' dir='ltr'>fusaque</span> <span class='ocrx_word' id='word_1_386' title='bbox 1492 4345 1745 4435; x_wconf 88' lang='lat' dir='ltr'>pariter</span> <span class='ocrx_word' id='word_1_387' title='bbox 1774 4365 1993 4433; x_wconf 86' lang='lat' dir='ltr'>prece,</span> <span class='ocrx_word' id='word_1_388' title='bbox 2030 4344 2420 4414; x_wconf 83' lang='lat' dir='ltr'>salutabant</span> <span class='ocrx_word' id='word_1_389' title='bbox 2453 4366 2526 4414; x_wconf 92' lang='lat' dir='ltr'>se</span> <span class='ocrx_word' id='word_1_390' title='bbox 2555 4358 2795 4414; x_wconf 91' lang='lat' dir='ltr'>mutuo</span> 
     </span>
    </p>
   </div>
   <div class='ocr_carea' id='block_1_3' title="bbox 311 4457 1922 4511">
    <p class='ocr_par' dir='ltr' id='par_1_5' title="bbox 311 4457 1922 4511">
     <span class='ocr_line' id='line_1_47' title="bbox 311 4457 1922 4511; baseline 0.004 -11"><span class='ocrx_word' id='word_1_391' title='bbox 311 4457 336 4483; x_wconf 57' lang='lat'><strong><em>⁴</em></strong></span> <span class='ocrx_word' id='word_1_392' title='bbox 367 4459 470 4501; x_wconf 78' lang='lat' dir='ltr'>Non</span> <span class='ocrx_word' id='word_1_393' title='bbox 491 4465 653 4511; x_wconf 81' lang='lat' dir='ltr'>procul</span> <span class='ocrx_word' id='word_1_394' title='bbox 675 4475 702 4505; x_wconf 69' lang='lat' dir='ltr'>a</span> <span class='ocrx_word' id='word_1_395' title='bbox 720 4467 929 4508; x_wconf 79' lang='lat' dir='ltr'>Luxovto</span> <span class='ocrx_word' id='word_1_396' title='bbox 949 4468 1031 4509; x_wconf 76' lang='lat' dir='ltr'>ubi</span> <span class='ocrx_word' id='word_1_397' title='bbox 1050 4468 1249 4509; x_wconf 67' lang='lat' dir='ltr'>florebat</span> <span class='ocrx_word' id='word_1_398' title='bbox 1268 4469 1312 4509; x_wconf 84' lang='grc' dir='ltr'>Β.</span> <span class='ocrx_word' id='word_1_399' title='bbox 1332 4466 1610 4510; x_wconf 68' lang='lat' dir='ltr'>columb-ni</span> <span class='ocrx_word' id='word_1_400' title='bbox 1628 4466 1922 4507; x_wconf 75' lang='lat' dir='ltr'>Institutum.</span> 
     </span>
    </p>
   </div>
  </div>
 </body>
</html>
