3357 4995
706 341 836 406 648
2795 340 3017 406 JUNII
3066 341 3156 406 29

1617 516 2144 583 ENCOMIUM

1067 722 1144 800 S.
1217 720 1366 800 ΕΤ
1434 717 1807 799 MAGNI
1873 717 2259 798 APOST.
2335 718 2698 801 PAULI

1242 931 1599 982 COLLEcwx
1644 933 1687 978 A
1733 930 2062 980 ‘rumpono
2107 930 2523 981 DAPENOPATO

663 1043 743 1092 EX
788 1042 1071 1091 DIVBRSIS
1117 1039 1303 1090 ORAT.
1354 1040 1484 1088 mvl
1530 1037 1959 1088 CHRYSOS'rom
2005 1038 2072 1087 m
2117 1039 2376 1088 Runnnx
2422 1038 2699 1089 summu
2747 1038 3104 1089 noeman.

1322 1146 1487 1195 Arm)
1533 1142 1852 1194 slmtouu
1917 1141 2440 1195 METAPHRASTRN.

1509 1325 1889 1382 coronatus
1929 1338 2107 1382 anno
2149 1327 2249 1382 0¹7.

694 1503 750 1578 ἓ
797 1500 872 1568 1.
926 1495 1249 1565 Universa
1280 1493 1558 1582 quidem
1612 1494 1717 1563 lex
1754 1494 2268 1577 encomiorum,
2305 1507 2372 1565 et
2416 1495 2643 1566 omnis
2690 1495 2907 1564 oratio
2954 1516 3153 1563 com-

625 1584 844 1677 posita
889 1595 1031 1654 arte
1062 1587 1446 1664 Oratorum,
1498 1604 1538 1652 a
1585 1581 1973 1673 splendoris
2019 1595 2413 1654 sanctorum
2466 1584 2762 1654 vincitur
2802 1584 3157 1674 magnitu-

622 1674 828 1744 dine:
899 1671 1193 1741 maxime
1253 1683 1506 1754 autem,
1557 1692 1736 1758 quae
1784 1671 1869 1741 de
1928 1670 2184 1741 divinis
2240 1684 2307 1741 et
2359 1670 2793 1763 principibus
2854 1671 3159 1742 habetur·

622 1760 978 1851 ApostoliS.
1032 1765 1372 1843 Quantum
1422 1759 1607 1830 enim
1646 1759 1844 1840 alios,
1879 1773 2239 1850 martyres,
2286 1760 2598 1848 inquam,
2635 1773 2701 1831 et
2723 1762 2952 1851 justos
2998 1759 3154 1861 glo-

620 1850 725 1921 ria
762 1860 828 1920 et
873 1848 1152 1930 honore,
1201 1861 1268 1918 et
1311 1847 1495 1937 apud
1547 1852 1759 1919 Deum
1793 1848 2303 1939 propinquitate
2331 1862 2682 1939 superant,
2723 1862 2910 1919 tanto
2932 1862 3151 1919 etlam

625 1950 790 2010 sunt
839 1938 1227 2028 superiores
1265 1934 1328 2007 le
1375 1958 1413 2007 e
1456 1938 1923 2008 encomiorum
1976 1958 2213 2007 eorum
2265 1936 2780 2020 decertationes,
2839 1952 2904 2007 et
2944 1959 3025 2007 ea
3073 1938 3150 2007 in

619 2026 877 2115 quibus
920 2024 1076 2096 aliis
1122 2036 1357 2096 antece
1388 2024 1577 2096 lunt:
1629 2025 1811 2114 quod
1867 2025 2247 2096 humanam
2298 2026 2631 2097 rationem
2690 2039 3025 2117 superant
3085 2039 3152 2097 et

622 2114 1100 2207 cogitationem
1147 2135 1325 2202 quae
1356 2135 1477 2205 pro
1514 2113 1835 2184 universo
1882 2116 2044 2185 orbe
2091 2127 2428 2185 terrarum
2476 2115 2855 2185 certamina
2903 2137 3149 2186 susce-

623 2217 894 2296 perunt,
931 2216 997 2274 et
1040 2224 1217 2292 quae
1247 2200 1593 2293 praeclare
1638 2213 2022 2293 gesserunt.
2080 2204 2539 2287 Quamobrem
2580 2217 2883 2274 vestrum
2930 2202 3151 2274 veluti

669 2291 971 2363 lacantes
1027 2290 1471 2372 desiderium,
1529 2291 1799 2362 etiamsi
1847 2302 2160 2382 coeptum
2212 2293 2303 2362 sit
2353 2292 2624 2373 audax,
2675 2313 2838 2363 cum
2900 2313 3148 2362 eorum

620 2315 863 2452 faudes
898 2379 1122 2451 verbis
1167 2378 1601 2451 studeremus
1646 2379 1985 2462 extollere,
2020 2381 2517 2482 cogitassemus
2564 2392 2793 2451 autem
2836 2379 2903 2448 id
2941 2380 3148 2469 plane

620 2470 771 2541 fieri
817 2490 956 2541 non
996 2489 1216 2560 posse,
1270 2490 1395 2539 nec
1440 2490 1482 2538 a
1517 2469 1714 2541 nobis
1761 2490 1910 2540 esse
1956 2469 2476 2560 susc1piendum
2511 2524 2528 2551 ,
2579 2491 2661 2540 ex
2715 2469 2801 2540 iis
2869 2490 3052 2557 quae
3100 2490 3141 2538 a

620 2559 854 2630 divino
901 2562 1116 2639 Patre,
1151 2570 1217 2627 et
1265 2556 1465 2628 melle
1509 2558 1764 2629 fluente
1811 2558 2287 2647 chrysostomo
2318 2560 2500 2628 varie
2537 2558 2717 2629 dicta
2768 2571 2954 2639 sunt,
2997 2580 3142 2629 mo-

621 2646 908 2729 ralibuS,
945 2646 1256 2735 inquam,
1313 2646 1743 2718 orationibus
1786 2659 1853 2717 et
1914 2643 2359 2718 suasionibus
2389 2702 2404 2726 ,
2458 2647 3035 2735 sermonibusque
3082 2660 3149 2717 et

618 2735 974 2817 encomiiS,
1016 2749 1083 2805 et
1127 2735 1214 2804 iis
1241 2756 1418 2822 quae
1449 2735 1835 2806 suntaliter
1863 2735 1951 2805 ab
1979 2758 2058 2806 eo
2106 2734 2433 2817 laborata,
2486 2735 2553 2805 id
2603 2734 2786 2824 quod
2830 2747 2934 2804 est
2976 2735 3150 2805 utile

620 2830 728 2910 (ut
760 2845 885 2915 par
921 2822 1053 2913 est)
1086 2823 1449 2924 eligentes,
1503 2836 1569 2893 et
1620 2823 1690 2893 in
1742 2844 1953 2895 unam
2004 2823 2436 2895 harmoniam
2499 2836 2566 2894 et
2616 2825 3146 2894 consonantiam

619 2925 1130 3004 componentes,
1156 2932 1259 2981 eis
1277 2934 1495 2982 unum
1536 2932 1616 2981 ex
1662 2911 1990 2982 omnibus
2019 2912 2410 2983 encomium
2442 2911 2847 2994 obtulimuS,
2878 2910 3147 2983 eisdem

616 3002 725 3092 (ut
757 3000 965 3071 semel
1005 2999 1267 3090 dicam)
1308 2999 1752 3082 dictionibus,
1786 3000 2015 3088 quoad
2062 3001 2213 3092 ejus
2256 3000 2405 3071 fieri
2456 3001 2697 3092 potuit,
2754 3014 2820 3071 et
2866 3016 3148 3071 senten-

622 3089 735 3160 tiis
780 3101 845 3158 et
894 3088 1113 3160 verbis
1159 3087 1227 3157 id
1275 3100 1621 3160 ornantes.

707 3180 744 3265 ξ
794 3183 883 3248 2.
937 3177 1046 3247 Sic
1083 3189 1311 3248 autem
1348 3177 1588 3247 habet:
1644 3176 2181 3268 Apostolicorum
2224 3177 2502 3267 quidem
2553 3190 2833 3248 actuum
2888 3176 3142 3246 inscri—

619 3266 881 3358 ptionis
928 3276 1142 3336 totum
1180 3265 1310 3335 'am
1345 3265 1538 3336 vobis
1583 3264 1892 3336 debitum
1923 3265 2324 3338 exolvimus.
2371 3266 2703 3358 Deinceps
2735 3279 2959 3337 autem
2989 3278 3144 3337 erat

618 3375 1069 3441 consequenS‚
1123 3353 1170 3423 li
1223 3354 1280 3423 ri
1348 3352 1629 3444 aggredi
1678 3353 2101 3446 principium
2133 3409 2149 3436 ,
2219 3368 2284 3426 et
2329 3354 2593 3437 dicere,
2654 3353 2991 3443 quidnam
3045 3355 3143 3425 sit

617 3442 835 3513 illud:
886 3445 1187 3513 Primum
1214 3444 1483 3534 quidem
1512 3443 1717 3514 verba
1742 3444 1897 3532 feci,
1948 3466 1985 3513 ο
2016 3444 2393 3534 Theophila,
2445 3445 2526 3514 de
2579 3445 2904 3525 omnibus,
2967 3466 3149 3535 quae

615 3537 810 3603 Iesus
856 3534 1067 3623 coepit
1091 3533 1316 3621 facere
1365 3542 1429 3601 et
1486 3532 1716 3602 docere
1757 3531 1917 3621 (Εω
1945 3536 2087 3601 Act.
2149 3532 2244 3622 1).
2299 3532 2426 3602 Sed
2485 3531 2739 3603 Paulus
2788 3553 2921 3602 non
2976 3531 3150 3602 sinit

618 3642 745 3691 nos
777 3620 875 3690 uti
918 3619 1047 3690 hoc
1101 3619 1342 3690 ordine
1384 3619 1935 3708 consequentiae,
1990 3619 2076 3690 ad
2134 3641 2209 3689 se
2267 3633 2334 3691 et
2378 3621 2465 3690 ad
2516 3634 2696 3691 recta
2759 3622 2913 3712 ejus
2961 3619 3149 3690 facta

619 3708 717 3779 lin
770 3730 933 3778 uam
967 3721 1267 3778 nostram
1316 3730 1593 3779 vocans.
1645 3708 1858 3800 Cupio
1903 3708 2087 3778 enim
2122 3708 2350 3779 videre
2391 3709 2617 3801 ipsum
2679 3710 2985 3779 vinctum
3028 3708 3147 3778 in-

617 3808 720 3868 tro
771 3797 885 3867 uci
934 3801 1368 3879 Damascum,
1404 3818 1538 3867 non
1598 3800 1839 3867 catena
1887 3797 2128 3879 ferrea,
2180 3796 2298 3868 sed
2364 3819 2524 3869 voce
2572 3798 2867 3868 Domini.
2921 3797 3144 3888 Cupio

614 3885 846 3956 videre
891 3885 1120 3976 ipsum
1154 3896 1459 3977 captum,
1495 3885 1708 3968 hunc,
1760 3886 2070 3988 inquam,
2108 3907 2218 3956 ma
2272 3907 2437 3956 num
2472 3888 2756 3977 piscem,
2792 3886 2917 3975 qui
2949 3908 3146 3956 mare

613 3975 1011 4045 universum
1060 3973 1361 4066 agitavit,
1413 3974 1533 4061 qui
1578 3973 1831 4046 fluctus
1858 3995 2221 4046 mnumera
2275 3974 2403 4045 iles
2428 3974 2743 4046 excitavit
2789 3976 2860 4046 in
2912 3973 3149 4045 Eccle-

616 4063 817 4134 siam.
868 4062 1082 4153 Cupio
1108 4060 1334 4132 videre
1380 4083 1537 4133 eum
1586 4063 1889 4134 vinctum
1941 4084 2077 4134 non
2128 4064 2359 4145 hamo,
2411 4062 2532 4134 sed
2583 4063 2786 4134 verbo
2834 4063 3141 4135 Domini.

616 4157 783 4224 Nam
817 4150 1162 4240 quomodo
1205 4149 1488 4237 quidam
1519 4149 1815 4243 piscator
1846 4150 2095 4223 sedens
2126 4173 2339 4243 super
2365 4151 2576 4223 altam
2621 4165 2909 4243 petram,
2954 4163 3024 4222 et
3057 4173 3149 4222 ex

616 4240 754 4312 alto
793 4253 1029 4311 tenens
1060 4237 1500 4320 arundinem,
1555 4239 1841 4311 hamum
1894 4240 2099 4311 mittit
2143 4240 2213 4310 in
2250 4262 2477 4311 mare:
2517 4240 2610 4310 ita
2664 4241 2871 4311 etiam
2905 4251 3149 4311 noster

616 4329 971 4411 Dominus,
1022 4327 1144 4417 qui
1237 4327 1528 4399 iscatum
1583 4328 1882 4400 ostendit
1926 4328 2330 4420 spiritalem,
2385 4327 2631 4399 sedens
2679 4340 3010 4416 tanquam
3067 4328 3149 4399 in

615 4416 753 4490 alta
809 4430 999 4509 petra
1071 4438 1193 4488 coe
1219 4436 1445 4499 orum,
1503 4428 1833 4505 tanquam
1909 4416 2196 4488 hamum
2259 4438 2492 4487 vocem
2567 4416 2758 4487 illam
2824 4416 3157 4490 emittens
