3357 4995
227 328 448 394 JUNII
502 327 582 390 16
1072 345 1150 390 ΒΕ
1200 345 1254 391 s.
1314 344 1637 392 tummim:
1699 346 1951 392 vincum-3
2565 328 2681 392 43¹

232 440 645 520 perventura
692 439 889 498 esset.
927 434 1107 498 Haec
1142 451 1301 498 cum
1354 429 1472 499 illa
1524 429 1809 500 dixisset
1839 429 2263 516 quibusdam
2312 430 2556 499 amicis
2606 430 2776 511 suis,

227 518 619 606 quaesitum
669 529 770 587 est
802 519 889 587 ab
944 540 1046 597 ea,
1100 518 1447 604 quomodo
1488 531 1718 609 posset
1766 525 2048 589 Sanctos
2111 518 2594 588 internoscere.
2658 524 2784 588 Re-

229 607 509 698 spondit
552 606 705 674 illa:
749 629 783 672 «
816 612 909 675 Ex
938 607 1089 696 ipso
1121 606 1409 688 Christe,
1464 608 1584 695 qui
1634 621 1735 677 est
1783 613 2074 678 Sanctus
2124 613 2533 677 Sanctorum
2562 663 2576 687 ‚
2633 608 2786 694 qui-

230 697 389 765 dam
423 695 727 764 animam
779 717 1005 765 meam
1050 694 1405 765 illustrans
1435 696 1763 786 splendor
1791 697 2162 785 egreditur,
2197 697 2264 764 in
2293 717 2432 783 quo
2468 695 2783 786 singulos

228 806 537 872 quosque
589 790 871 853 Sanctos
921 785 1093 853 mihi
1143 798 1553 875 apparentes
1607 785 1900 875 perfecte
1932 807 2346 875 cognosco»
2381 790 2587 853 Porro
2621 807 2780 854 san-

230 885 372 943 ctos
418 876 644 963 ipsam
694 874 1070 943 invisentes
1119 873 1367 942 obnixe
1402 874 1708 965 rogabat,
1765 887 1842 943 ut
1888 876 2145 965 gratias
2174 884 2454 964 agerent
2496 878 2626 943 Deo
2658 896 2782 964 pro

233 964 380 1053 ipsa
428 975 491 1031 et
518 962 871 1032 beneficiis
898 962 959 1030 ei
1009 961 1297 1032 collatis.

313 1055 351 1138 ξ
400 1056 540 1124 n.
598 1056 810 1141 Saepe
859 1050 1394 1140 reprehenderat
1431 1053 1769 1124 moniales
1823 1054 1888 1121 in
1941 1052 2443 1120 valetudinario
2496 1073 2784 1120 manen-

231 1152 351 1220 tes,
396 1140 579 1227 quod
633 1162 879 1229 parum
931 1151 1179 1209 attente
1209 1140 1670 1230 persolverent
1705 1163 1938 1230 preces
1979 1141 2393 1221 Canonicas,
2448 1140 2781 1209 divinitus

233 1230 605 1299 institutas
645 1236 811 1298 Cum
849 1241 1077 1298 autem
1113 1229 1403 1298 dimidio
1434 1244 1588 1300 ante
1618 1232 1884 1301 obitum
1923 1251 2126 1299 suum
2169 1252 2376 1308 anno,
2430 1251 2566 1298 non
2599 1228 2783 1298 vide-

236 1332 334 1388 ret
383 1318 620 1386 divina
667 1318 1021 1407 majestate
1068 1331 1134 1386 et
1166 1321 1555 1388 ‘reverentia
1621 1320 1905 1409 dignam
1950 1321 2017 1388 in
2068 1320 2422 1389 sororibus
2459 1317 2782 1387 emenda-

233 1409 512 1486 tionem,
571 1407 664 1475 ait
700 1431 713 1474 :
771 1431 806 1472 «
836 1408 988 1476 Scio
1036 1407 1381 1493 equidem,
1419 1408 1603 1493 quod
1638 1422 1788 1498 post
1817 1409 2179 1479 decessum
2218 1430 2450 1476 meum
2498 1407 2781 1497 culpam

230 1496 411 1565 hanc
463 1519 711 1565 manus
779 1496 1046 1565 Domini
1098 1497 1166 1563 in
1221 1497 1573 1566 sororibus
1628 1497 2050 1567 vindicabit:
2104 1510 2169 1565 et
2226 1509 2388 1565 tunc
2441 1517 2780 1564 memores

229 1588 594 1656 verborum
626 1607 961 1662 meorum,
999 1585 1369 1673 castigatae
1416 1609 1576 1655 cum
1607 1586 1826 1655 multa
1865 1586 2253 1656 humilitate
2294 1607 2366 1654 se
2405 1585 2581 1654 corri
2634 1598 2772 1662 ent,

229 1687 292 1742 et
346 1674 674 1743 Dominus
725 1696 880 1742 mox
958 1674 1252 1742 retrahet
1300 1696 1585 1743 manum
1638 1697 1871 1754 suam,
1926 1697 2131 1761 quam
2189 1676 2337 1763 jam
2387 1686 2580 1743 exten
2636 1684 2780 1741 erat

232 1762 317 1832 ad
353 1763 760 1831 ultionem.»
811 1767 1029 1844 Quam
1080 1776 1307 1831 autern
1361 1763 1581 1832 veraci
1632 1764 1881 1853 spiritu
1936 1764 2103 1831 haec
2150 1763 2268 1831 illa
2320 1762 2775 1852 praedixerit,

229 1873 337 1920 res
391 1853 539 1940 ipsa
573 1851 918 1919 neminem
973 1851 1137 1919 sinit
1190 1851 1560 1942 ambigere.
1618 1858 1782 1922 Nam
1834 1852 1952 1921 ubi
2016 1852 2134 1920 illa
2182 1852 2468 1922 excessit
2529 1875 2563 1919 e
2615 1851 2773 1931 vita,

230 1940 584 2009 confestim
639 1939 789 2007 dira
822 1941 1031 2028 pestis
1069 1941 1314 2009 invasit
1364 1941 1432 2009 in
1486 1940 1655 2010 illud
1705 1941 2223 2017 monasterium,
2259 1953 2324 2009 et
2375 1940 2778 2010 brevissimo

230 2030 561 2118 temporis
600 2029 957 2097 intervallo
989 2029 1511 2116 quatuordecim
1565 2030 2090 2120 probatissimae
2129 2052 2394 2099 sorores
2443 2029 2777 2098 extinctae

230 2133 415 2187 sunt.
457 2123 593 2207 Ego
630 2139 784 2185 vero
822 2118 1057 2186 eodem
1099 2130 1401 2207 tempore
1445 2118 1607 2187 illuc
1642 2121 1817 2194 veni,
1858 2131 1922 2188 et
1954 2119 2129 2187 duas
2161 2140 2367 2187 carne
2398 2141 2475 2186 ac
2527 2117 2778 2207 spiritu

230 2228 520 2280 sorores,
575 2227 716 2275 uno
762 2205 1138 2292 eodemque
1187 2221 1533 2277 momento
1567 2209 1874 2276 animam
1934 2206 2313 2286 reddenteS,
2368 2206 2594 2275 oblato
2654 2227 2778 2295 pro

229 2295 329 2363 eis
380 2294 762 2372 sacrificio,
821 2296 884 2362 in
938 2317 1077 2363 uno
1143 2296 1410 2365 tumulo
1460 2297 1762 2386 sepelivi.
1818 2302 1982 2365 Cum
2041 2318 2113 2364 se
2179 2309 2405 2364 autem
2462 2296 2777 2363 infirmae

230 2404 496 2451 sorores
547 2383 611 2450 in
648 2383 1145 2452 valetudinario
1183 2386 1249 2451 in
1292 2385 1603 2454 dicendis
1661 2384 2021 2454 Canonicis
2071 2385 2394 2474 precibus
2444 2381 2779 2451 correxis-

229 2486 403 2573 sent,
464 2472 749 2541 Domino
788 2494 1071 2541 manum
1134 2495 1332 2543 suam
1384 2474 1803 2554 retrahente,
1865 2473 2075 2563 pestis
2125 2472 2241 2542 illa
2293 2472 2606 2563 protinus
2667 2492 2776 2539 so-

227 2571 367 2651 plta
415 2574 536 2630 est.

318 2654 353 2736 ξ
404 2653 546 2722 48.
600 2656 754 2717 Jam
790 2672 966 2730 vem,
1013 2663 1350 2736 quantum
1384 2652 1664 2737 quidem
1698 2652 1781 2719 ad
1817 2652 2008 2720 illam
2057 2653 2317 2730 attinet,
2353 2649 2499 2718 dies
2550 2647 2776 2734 sequi-

230 2752 340 2808 tur
387 2738 827 2808 exultationis
873 2753 937 2807 et
969 2738 1219 2818 laudis;
1250 2754 1589 2825 quantum
1626 2754 1856 2809 autem
1887 2740 1974 2808 ad
2013 2762 2159 2821 nos,
2204 2753 2270 2807 et
2314 2760 2555 2808 omnes
2591 2736 2769 2814 illos,

228 2829 349 2914 qui
410 2827 596 2897 illius
658 2828 1060 2915 patrociniis
1117 2841 1180 2896 et
1225 2829 1690 2898 consolatione
1741 2830 2180 2907 fovebamur,
2238 2828 2384 2898 dies
2434 2828 2664 2897 luctus
2711 2840 2776 2895 et

230 2917 606 2985 moeroris:
663 2915 832 2996 dies,
872 2938 1074 3002 quem
1127 2939 1252 3007 ego
1294 2917 1812 2988 infelicissimus
1861 2918 2201 2997 omnium,
2248 2938 2372 2986 nec
2424 2929 2663 2995 morte,
2701 2928 2777 2984 ut

233 3027 434 3161 saepe
486 3027 825 3094 rogaram,
880 3019 1294 3075 antevertere
1344 3008 1559 3096 potui,
1616 3029 1739 3076 nec
1788 3007 2116 3093 subsequi
2216 3028 2479 3083 ossum,
2534 3005 2777 3091 quovis

225 3116 536 3183 orpiano
585 3094 1071 3163 calamitosior.
1104 3096 1300 3163 Venit
1347 3118 1509 3185 ergo
1542 3095 1712 3172 dies,
1746 3097 1865 3183 qui
1914 3109 2151 3165 antece
2205 3097 2257 3164 it
2299 3104 2776 3166 sacrosanctae

225 3183 574 3253 Trinitatis
608 3184 1131 3263 solemnitatem,
1186 3198 1250 3252 et
1301 3184 1417 3253 illa
1507 3186 1649 3252 ravi
1698 3186 2004 3271 quidem,
2066 3184 2184 3254 sed
2224 3183 2542 3273 jucunda
2590 3183 2776 3251 febre

227 3270 578 3347 decubuit,
627 3272 788 3340 trini
840 3272 951 3340 Dei
1002 3286 1325 3362 perpetua
1380 3296 1468 3342 cu
1502 3275 1629 3344 trix
1675 3289 1739 3343 et
1800 3279 2198 3343 veneratrix.
2254 3279 2775 3363 Ingravescente

226 3373 451 3430 autem
519 3361 756 3429 morbo
804 3363 1265 3431 exercebatur.
1344 3363 1563 3432 Altero
1620 3376 1769 3453 post
1819 3364 2009 3433 illam
2087 3364 2587 3432 solemnitatem
2665 3359 2776 3428 die

226 3450 408 3517 venit
455 3449 864 3520 wilhelmus
912 3471 1284 3520 conversus
1326 3452 1812 3542 Affliginiensis
1840 3454 2073 3542 (cu'us
2108 3451 2500 3520 monasterii
2532 3450 2775 3518 fratres

226 3551 504 3637 propter
545 3539 901 3629 religionis
948 3540 1454 3610 observantiam
1508 3541 1874 3633 praecipue
1924 3564 1958 3609 c
2014 3563 2170 3610 aros
2215 3539 2540 3626 habebat)
2579 3537 2774 3606 illam

168 3666 173 3672 ·
223 3629 520 3697 invisere
585 3628 854 3708 volens,
915 3629 1221 3716 dixitque
1292 3631 1468 3698 inter
1515 3643 1819 3700 caetera:
1869 3631 2138 3698 Utinam
2190 3629 2395 3697 sciret
2445 3627 2774 3695 Dominus

222 3716 446 3788 Abbas
496 3729 725 3787 noster
775 3731 836 3785 te
885 3730 1022 3787 tarn
1076 3719 1251 3788 male
1286 3719 1528 3788 valere.
1574 3725 1646 3789 Et
1689 3719 1826 3787 illa:
1875 3725 2057 3798 Cras,
2097 3718 2346 3804 inquit,
2400 3716 2624 3784 veniet
2659 3714 2774 3782 ille

224 3825 417 3875 meus
465 3807 733 3876 amicus
786 3808 1222 3895 praecipuus,
1287 3830 1527 3894 meque
1578 3808 1854 3877 videbit.
1911 3808 2104 3889 Quod
2154 3828 2316 3875 cum
2376 3806 2488 3873 ille
2552 3806 2776 3871 incre-

223 3891 433 3960 dibile
477 3908 766 3984 putaret,
807 3895 1161 3965 admirans
1209 3898 1562 3967 conticuit.
1602 3903 1795 3966 Mane
1825 3896 2108 3965 alterius
2148 3895 2286 3964 diei
2313 3895 2536 3964 Abbas
2572 3892 2776 3961 illum

227 3977 452 4050 locum
505 3983 590 4051 ad
642 3985 779 4053 duo
831 3984 1156 4053 milliaria
1223 3986 1686 4075 praetergredi
1739 3986 2017 4065 volenS,
2089 4006 2212 4053 nec
2260 3985 2637 4071 quicquam
2694 3980 2780 4049 de

228 4068 515 4168 adversa
558 4072 918 4164 Lutgardis
954 4073 1340 4143 valetudine
1362 4075 1626 4163 {sciens
1675 4086 1935 4143 mutata
1974 4074 2311 4143 sententia
2357 4074 2527 4141 dixit
2575 4070 2781 4141 sociis

227 4180 415 4257 suis:
454 4164 707 4232 Eamus
740 4163 961 4231 visum
994 4161 1349 4232 dominam
1392 4163 1827 4252 Lutgardem:
1852 4164 1998 4254 jam
2034 4163 2156 4232 diu
2184 4164 2370 4232 enim
2423 4162 2609 4229 illam
2643 4180 2780 4227 non

228 4245 395 4314 vidi.
430 4249 624 4318 Venit
655 4273 816 4343 ergo
852 4251 922 4320 in
960 4252 1334 4339 Aquiriam‚
1376 4265 1631 4321 etcum
1683 4252 1770 4320 ad
1803 4274 1955 4322 eam
1996 4252 2416 4331 accessisset,
2450 4249 2566 4317 illa
2603 4246 2782 4315 mul-

227 4345 376 4404 tum
404 4339 804 4435 gratulans,
849 4354 1050 4428 atque
1099 4364 1135 4410 e
1175 4341 1347 4411 lecto
1377 4340 1732 4432 deportata
1763 4342 2094 4422 residenS,
2153 4361 2439 4409 manum
2498 4335 2777 4433 Abbatis

225 4436 470 4506 tenuit,
527 4426 831 4516 dixitque
862 4430 970 4499 ei:
1029 4454 1052 4495 α
1084 4436 1239 4502 Jam
1276 4430 1540 4513 reced0,
1577 4430 2008 4514 charissime,
2053 4441 2117 4499 et
2166 4427 2337 4498 nihil
2393 4440 2452 4496 te
2496 4426 2776 4495 charius
