3357 4995
679 324 805 389 470
1386 339 1464 387 DE
1513 339 1568 387 s.
1622 338 1983 388 nonnemo
2031 337 2326 386 Emscoro
2822 319 3044 386 JUNII
3093 322 3140 386 6

590 425 937 517 profectus
982 437 1164 494 erat:
1220 424 1515 494 habebat
1546 424 1730 493 enim
1776 424 1860 493 de
1891 424 2098 493 rebus
2134 424 2305 502 sui3‚
2342 444 2517 515 quas
2552 444 2687 492 non
2719 423 2812 496 ita
2863 423 3137 512 pridem

592 515 961 602 reliquerat
992 513 1443 594 indiscussae,
1475 514 1815 602 quaedam
1848 512 2239 603 disponere.
2271 516 2458 596 Quae
2483 511 2667 598 quod
2699 512 2896 582 aliter
2920 533 3136 599 quam

593 604 791 674 vellet
820 602 1366 673 distraherentur
1408 603 1742 691 (novitius
1768 602 2028 691 quippe
2056 602 2252 691 erat),
2291 601 2796 688 aequanimiter
2836 623 2971 670 non
3011 622 3141 690 po-

591 705 760 762 terat
826 692 1188 762 sustinere.
1256 695 1519 761 Interea
1587 691 1968 780 Episcopus
2035 689 2370 760 dissoluta
2422 689 2690 778 jejunio
2752 702 2816 758 et
2876 690 3139 780 frigore

589 782 885 871 hospitis
933 781 1039 851 sui
1078 781 1389 849 membra
1440 779 1785 849 nitebatur
1833 779 2151 848 reficere:
2207 779 2323 848 sed
2373 779 2520 868 ipse
2552 778 2858 865 quotidie.
2889 778 2976 847 ab
3010 777 3138 847 ho-

593 871 767 960 spite
799 891 924 940 suo
957 869 1447 939 confovebatur
1494 867 1842 957 spirituali
1891 881 1955 936 et
1989 867 2324 936 melliflua
2370 867 2560 936 verbi
2589 869 2706 936 Dei
2734 866 3131 937 refectione.

592 962 691 1028 Ob
731 959 910 1028 hanc
957 980 1238 1027 causam
1290 979 1522 1027 amore
1581 957 1797 1026 nimio
1845 955 1911 1025 et
1955 956 2310 1025 charitatis
2362 956 2520 1046 igne
2561 965 2960 1034 succensus,
3016 977 3134 1025 as-

593 1048 792 1117 sidue
849 1047 1169 1137 pulsabat
1227 1068 1386 1116 eum
1442 1045 1761 1135 precibus
1815 1045 2372 1131 quibuscumque
2424 1057 2706 1134 poterat,
2743 1056 2819 1114 ut
2861 1046 2930 1113 in
2981 1045 3133 1134 epi-

595 1149 883 1225 scopatu
932 1157 1073 1238 suq
1092 1133 1289 1204 vellet
1332 1156 1630 1213 manere,
1669 1133 1977 1220 quotidie
2004 1133 2536 1203 circumducens
2566 1155 2723 1202 eum
2775 1146 2839 1202 et
2906 1146 3137 1203 osten-

530 1300 541 1309 ·
594 1225 789 1305 denS‚
827 1225 885 1293 si
933 1245 1067 1310 qua
1117 1222 1286 1292 foret
1341 1223 1631 1294 ecclesia
1670 1244 1848 1309 quae
1887 1222 1948 1290 ei
2000 1222 2319 1310 placeret,
2357 1222 2413 1290 si
2455 1243 2632 1308 quae
2691 1220 3129 1302 solitudineS‚

595 1315 654 1382 si
702 1335 839 1399 qua
879 1312 1169 1393 deserta,
1207 1313 1265 1380 si
1313 1334 1450 1398 qua
1485 1326 1662 1380 terra
1711 1311 1895 1379 culta
1927 1311 2028 1379 vel
2074 1309 2334 1379 inculta
2365 1311 2445 1378 ad
2500 1309 3014 1379 aedificandum
3065 1322 3136 1380 et

595 1400 1205 1471 commanendum.
1244 1401 1471 1471 Victus
1519 1399 1794 1468 tandem
1828 1399 2048 1488 ipsius
2095 1411 2160 1468 et
2200 1399 2576 1469 multorum
2628 1398 2925 1468 aliorum
2991 1413 3132 1467 tam

596 1490 1075 1580 religiosorum
1117 1510 1327 1574 quam
1369 1488 1708 1558 nobilium
1760 1488 2101 1577 precibuS,
2150 1486 2355 1577 elegit
2406 1488 2631 1557 locum
2669 1488 2864 1557 valde
2899 1487 3136 1557 deser-

598 1592 745 1648 tum
795 1591 859 1647 et
888 1577 1273 1647 solitarium
1326 1578 1442 1665 qui
1500 1578 1586 1646 ab
1621 1575 1866 1646 incolis
1906 1576 2290 1662 antiquitus
2339 1581 2965 1645 Praeinonstratum
3022 1598 3138 1663 vo·

597 1667 920 1737 cabatur:
973 1667 1041 1735 in
1093 1687 1253 1752 quo,
1286 1666 1343 1733 si
1377 1666 1654 1753 quando
1681 1665 1872 1734 daret
1902 1664 1962 1734 ei
2005 1669 2182 1733 Deus
2211 1663 2532 1754 colligere
2563 1667 2808 1743 socios,
2843 1686 2914 1733 se
2943 1687 3135 1733 man·

598 1776 841 1825 surum
890 1754 1279 1845 spopondit.
1801 1841 1808 1846 ‚

687 1846 721 1931 ξ
773 1848 928 1915 ²8.
986 1850 1352 1913 Transacta
1402 1843 1610 1932 igitur
1657 1844 1942 1932 hyeme,
2014 1842 2416 1928 niviumque
2475 1854 2539 1911 et
2588 1840 2830 1931 glaciei
2883 1842 3137 1931 frigore

601 1931 861 2001 vernali
910 1933 1135 2001 calore
1185 1931 1544 2021 paululum
1596 1931 1886 2010 deterSO,
1927 1932 2029 1999 vir
2084 1932 2219 2009 Dei,
2260 1944 2334 1999 ut
2382 1944 2527 1998 erat
2569 1930 2832 2010 solitus,
2891 1931 3138 2000 virtute

600 2021 818 2088 divini
869 2021 1087 2090 solatii
1141 2020 1513 2096 accinctus.
1560 2020 1645 2088 ad
1691 2019 2227 2109 praedicandum
2268 2019 2451 2098 exiit,
2491 2032 2555 2088 et
2599 2019 2789 2087 solus
2823 2023 3139 2088 Camera-

595 2132 755 2178 cum
808 2110 1108 2187 veniens,
1164 2130 1547 2178 sermonem
1600 2109 1841 2178 habuit
1876 2108 1961 2176 ad
2013 2108 2376 2197 populum.
2415 2113 2489 2177 Et
2536 2129 2692 2175 ecce
2725 2107 2973 2177 cecidit
3026 2130 3138 2179 se-

598 2221 753 2266 men
793 2199 859 2266 in
901 2212 1144 2267 terram
1198 2199 1474 2276 bonam,
1522 2197 1783 2266 scilicet
1830 2198 1899 2264 in
1941 2197 2265 2284 juvenem
2318 2196 2772 2265 Evermodurn
2825 2196 3130 2266 nomine:

596 2288 716 2374 qui
770 2300 956 2356 tanto
1007 2309 1155 2356 rore
1198 2286 1491 2374 Spiritus
1542 2286 1772 2355 Sancti
1831 2285 2153 2374 perfusus
2202 2284 2331 2353 suit
2385 2286 2454 2353 in
2507 2285 2692 2353 verbi
2745 2286 2858 2352 Dei
2904 2303 3140 2355 susce*

597 2375 848 2464 ptione‚
921 2387 994 2445 ut
1042 2375 1297 2445 amoris
1343 2375 1495 2463 ejus
1543 2378 1754 2444 causa
1802 2387 1991 2444 stans
2049 2387 2272 2442 oraret
2328 2373 2411 2442 ad
2483 2374 2847 2442 Dominum
2915 2379 3121 2442 Deum

599 2486 807 2535 suurn
871 2466 937 2533 in
1007 2463 1244 2549 eodem
1297 2462 1442 2533 loco
1481 2476 1543 2532 et
1603 2465 1672 2532 in
1724 2463 1982 2533 eisdem
2035 2462 2378 2552 passibuS,
2435 2462 2559 2532 ubi
2600 2462 2713 2532 Dei
2780 2462 3137 2532 hominem

595 2567 777 2622 stare
823 2554 1189 2643 diligenter
1235 2552 1784 2621 consideraverat
1824 2553 1893 2619 in
1944 2551 2256 2621 faciendo
2314 2574 2649 2621 sermone.
2721 2556 2851 2620 Nec
2905 2574 3138 2621 moras

592 2643 851 2722 intulit,
906 2642 1020 2711 sed
1086 2641 1313 2710 statim
1366 2641 1619 2709 relictis
1668 2640 2018 2719 omnibuS,
2094 2654 2372 2709 secutus
2411 2653 2510 2709 est
2569 2661 2754 2719 eum,
2809 2653 3140 2727 tantoque

595 2731 821 2799 intimi
872 2731 1127 2799 amoris
1178 2729 1451 2799 vinculo
1499 2730 1560 2797 ei
1609 2729 1976 2819 colligatus
2022 2739 2167 2807 est,
2239 2740 2313 2797 ut
2360 2730 2552 2797 omni
2601 2743 2908 2818 tempore
2960 2731 3137 2799 vitae

593 2822 743 2908 ejus
792 2819 1074 2909 spiritus
1134 2819 1258 2901 νὲί
1320 2819 1433 2887 Dei
1482 2819 1549 2886 in
1610 2840 1688 2886 eo
1739 2818 2042 2904 requiem
2101 2829 2396 2905 caperet,
2458 2830 2522 2886 et
2572 2830 2722 2906 post
2771 2817 3139 2888 decessum

593 2930 800 2977 suum
852 2906 1079 2976 locum
1114 2906 1505 2996 sepulturae
1546 2928 1711 2977 suae
1760 2907 1820 2975 ei
1871 2906 2405 2975 commendaret.
2465 2907 2871 2975 Perveniens
2902 2919 3139 2976 autem

594 2994 1021 3085 Nivigellam,
1058 2995 1272 3065 aliurn
1320 2996 1639 3079 juvenem
1674 2995 2044 3064 Antonium
2090 2996 2388 3075 nomine,
2435 3018 2472 3062 a
2533 2999 2666 3064 Deo
2716 2995 2851 3063 sibi
2893 2995 3140 3064 datum

593 3085 860 3173 recipit.
902 3085 981 3153 Hi
1032 3084 1172 3153 duo
1217 3098 1282 3153 et
1330 3085 1590 3163 tertiuS‚
1645 3105 1852 3170 quem
1891 3083 2085 3171 prius
2121 3096 2487 3172 receperat,
2532 3083 2798 3152 radices
2861 3097 2924 3151 et
2963 3083 3141 3152 ‘sun-

592 3174 993 3241 damentum
1029 3173 1216 3242 suere
1264 3171 1535 3242 futurae
1569 3172 2037 3241 multitudinis
2068 3194 2243 3257 quae
2280 3174 2650 3242 subsecuta
2680 3184 2805 3240 est.
2848 3177 2922 3240 Et
2955 3173 3144 3241 intra

595 3261 1204 3349 Quadragesimam
1248 3261 1438 3329 illam
1492 3273 1585 3329 tot
1634 3262 1855 3331 socios
1902 3261 2224 3340 obtinuit,
2288 3274 2363 3329 ut
2414 3262 2484 3329 in
2548 3261 2936 3349 septimana
2981 3283 3144 3350 pas-

593 3351 807 3419 sionis
834 3351 1102 3427 Domini
1126 3362 1282 3419 ante
1317 3351 1572 3419 Pascha
1607 3372 1764 3418 cum
1820 3350 2142 3419 tredecim
2190 3371 2521 3428 reversuS,
2579 3349 3005 3438 praedictum
3037 3350 3144 3419 lo·

597 3462 754 3507 cum
810 3439 1209 3524 possederit.
1249 3445 1491 3508 Locato
1541 3439 1754 3528 igitur
1785 3437 2236 3507 fundamento
2293 3440 2359 3506 in
2413 3438 2679 3508 Christo
2730 3444 2921 3517 Jesu‚
2961 3460 3142 3528 pau-

599 3527 786 3595 latim
828 3528 912 3595 de
961 3529 1130 3596 vivis
1178 3540 1241 3596 et
1292 3529 1461 3596 bene
1511 3528 1712 3596 sectis
1765 3540 1828 3594 et
1874 3526 2100 3616 politis
2144 3526 2495 3615 lapidibus
2551 3527 2901 3596 crescebat
2950 3526 3143 3596 aedi-

592 3616 854 3693 ficium,
901 3628 962 3684 et
1013 3616 1263 3686 domus
1318 3618 1428 3684 Dei
1479 3616 1969 3705 ampliabatur.

648 3709 716 3791 ,ξ
770 3709 919 3776 2-1.
976 3710 1130 3773 Post
1181 3706 1343 3773 baec
1380 3706 1582 3773 homo
1634 3706 1773 3781 Dei,
1830 3717 1903 3773 ut
1949 3716 2093 3772 erat
2144 3703 2408 3783 solitu5‚
2455 3703 2540 3771 ad
2595 3702 3144 3793 praedicandum

590 3796 908 3883 egressus
957 3806 1083 3873 est,
1132 3794 1521 3882 recepitque
1571 3793 1836 3863 socium
1880 3814 2082 3862 suum
2135 3793 2253 3878 qui
2288 3792 2975 3882 ad·componendum
3031 3814 3146 3864 res

589 3905 753 3950 suas
803 3881 1099 3951 abierat:
1155 3894 1219 3949 et
1266 3881 1807 3971 quamplurimis
1841 3882 1907 3948 in
1961 3880 2203 3949 itinere
2253 3881 2600 3950 discordia
2661 3881 3144 3951 laborantibus

591 3971 677 4039 ad
720 3970 1159 4038 concordiam
1225 3970 1577 4049 revocatiS,
1635 3969 2035 4059 Nivigellam
2090 3982 2568 4057 pervenerunt.
2625 3970 2797 4051 Quia
2848 3991 3004 4039 vero
3053 3971 3145 4040 ab

587 4058 865 4129 exordio
898 4059 1428 4146 praedicationis
1468 4079 1634 4127 suae
1687 4059 1752 4125 in
1805 4057 2042 4127 eodem
2095 4058 2350 4147 oppido
2401 4058 2611 4126 nimis
2637 4058 2892 4128 charus
2929 4059 3147 4129 habe-

588 4147 813 4225 batur,
857 4147 1081 4216 statim
1120 4158 1195 4215 ut
1226 4151 1850 4217 Praemonstratum
1886 4147 2247 4225 concessit,
2277 4146 2562 4233 quidam
2598 4169 2674 4215 ex
2706 4147 2806 4217 eis
2854 4168 3147 4216 conver—

588 4236 805 4305 sionis
846 4236 1065 4323 gratia
1100 4236 1182 4303 ad
1220 4257 1377 4305 eum
1407 4248 1888 4305 cucurrerunt:
1924 4234 2042 4303 sed
2077 4235 2512 4325 asperitatem
2547 4234 2823 4303 Ordinis
2848 4249 2912 4304 et
2940 4236 3147 4305 insti—

594 4324 881 4393 tutionis
947 4324 1347 4414 impositae.
1421 4324 1595 4393 serre
1662 4345 1795 4392 non
1859 4323 2202 4403 valentes,
2273 4337 2346 4392 ut
2393 4344 2599 4392 canes
2658 4323 2743 4392 ad
2801 4323 3146 4394 vomitum

593 4413 847 4482 reversi
897 4426 1080 4482 sunt.
1135 4413 1261 4495 Qui
1293 4435 1489 4483 suam
1526 4412 1902 4499 nequitiam
1956 4427 2177 4503 tegere
2211 4412 2533 4492 volentes,
2567 4411 2648 4480 ad
2683 4412 3148 4501 opprobrium
