3357 4995
253 348 469 416 JUNII
525 351 602 413 ‹17
651 367 726 413 ET
770 350 852 413 ¹l8
2683 356 2798 420 454

1007 571 1134 671 DE
1203 570 1537 672 EODEM
1617 573 1695 672 S.
1768 573 2069 675 AVITO

505 830 581 875 nx
628 829 937 877 caesonio
982 828 1215 878 maon.
1270 815 1362 878 De
1412 812 1643 881 Gloria
1696 813 2178 898 Confessorum,
2233 835 2382 902 cap.
2441 823 2546 882 99.

345 1051 576 1120 Avitus
624 1051 846 1120 Abbas
896 1051 1254 1121 Carnoteni
1305 1052 1486 1143 pagi,
1539 1074 1747 1140 quem
1799 1057 2188 1122 Pectensem
2230 1065 2496 1135 vocant,
2530 1055 2809 1144 saepius

257 1139 619 1209 imminere
667 1139 1194 1210 dissolutionem
1263 1141 1374 1212 sui
1435 1142 1744 1231 corporis
1808 1141 2067 1230 Spiritu
2146 1145 2392 1211 Sancto
2461 1143 2803 1212 revelante

258 1228 645 1318 praedixit:
698 1229 819 1314 qui
869 1227 1192 1298 recedens
1241 1252 1278 1298 a
1327 1251 1634 1320 corpore,
1693 1230 2068 1299 honorifice
2114 1230 2301 1319 apud
2355 1230 2807 1301 Aurelianen-

256 1338 396 1386 sem
441 1317 681 1386 urbem
714 1318 1045 1387 humatus
1073 1329 1195 1399 est,
1252 1340 1459 1407 super
1487 1341 1694 1407 quem
1745 1318 1982 1389 fideles
2031 1319 2398 1388 Christiani
2437 1321 2802 1391 ecclesiam

255 1417 806 1475 construxerunt.
839 1411 993 1476 Post
1021 1407 1225 1496 cujus
1265 1407 1527 1477 obitum
1557 1431 1718 1477 cum
1761 1408 2276 1477 anniversarius
2307 1430 2540 1478 assum
2599 1409 2810 1479 tionis

256 1495 404 1582 ejus
443 1495 590 1565 dies
637 1516 795 1563 cum
847 1517 1123 1564 summo
1162 1495 1501 1566 coleretur
1534 1496 1814 1578 honore,
1854 1519 2040 1567 unus
2071 1518 2107 1565 e
2162 1496 2467 1579 civibuS,
2513 1521 2551 1566 a
2586 1498 2669 1567 iis
2717 1497 2804 1566 ad

260 1583 621 1652 Missarum
672 1584 1045 1672 spectanda
1093 1584 1431 1654 solemnia
1481 1585 1842 1666 euntibus,
1883 1598 2160 1674 accepto
2212 1599 2473 1667 rastro,
2535 1587 2807 1655 vineam

258 1672 602 1762 pastinare
650 1672 916 1742 direxit.
950 1673 1473 1763 Increpitusque
1506 1697 1547 1742 a
1574 1673 1835 1754 multis,
1872 1695 1999 1742 cur
2028 1674 2190 1743 huic
2240 1674 2585 1744 festivitati
2616 1675 2810 1744 dees-

257 1773 378 1842 set,
433 1760 655 1830 redire
703 1761 946 1841 noluit,
1000 1761 1282 1831 dicens:
1338 1767 1415 1831 Et
1465 1763 1609 1843 hic,
1663 1784 1870 1849 quem
1920 1761 2167 1840 colitis,
2235 1763 2594 1851 operarius
2643 1764 2799 1833 fuit.

256 1855 500 1918 Verum
553 1851 672 1920 ubi
709 1851 1064 1941 ingressus
1098 1851 1390 1930 vineam,
1432 1854 1654 1941 primo
1691 1852 1832 1920 ictu
1862 1864 2110 1920 terram
2145 1852 2437 1942 aperuit,
2480 1853 2802 1943 protinus

258 1950 504 2008 retorta
536 1939 820 2019 cervice,
848 1937 1056 2008 facies
1101 1940 1252 2029 ejus
1283 1939 1368 2008 ad
1401 1952 1667 2032 tergum
1719 1961 2044 2010 conversa
2092 1953 2216 2009 est.
2250 1946 2439 2009 Tunc
2475 1956 2801 2023 tremene,

256 2028 726 2117 spectantibus
777 2029 1074 2118 populi5‚
1130 2051 1289 2097 cum
1327 2029 1491 2098 fletu
1540 2051 1791 2117 magno
1826 2023 2183 2098 basilicam
2237 2030 2456 2099 sancti
2498 2029 2808 2130 ingredi-

258 2127 390 2184 tur.
444 2121 599 2185 Post
646 2138 902 2206 paucos
952 2139 1106 2186 vero
1153 2117 1323 2197 dies,
1377 2139 1583 2187 orans
1631 2118 1702 2186 in
1751 2117 1988 2187 eodem
2033 2117 2181 2186 loco
2211 2118 2512 2199 assidue,
2546 2119 2810 2188 directa

257 2204 517 2273 cervice
564 2205 934 2275 convaluit.

677 2464 1294 2569 MARTYRlUM
1359 2466 1442 2568 S.
1512 2465 1925 2568 LEONTII
1996 2465 2116 2567 ET
2189 2465 2392 2569 SOC.

865 2708 1154 2755 naamon
1202 2709 1268 2755 IN
1314 2705 1587 2755 sumone
1634 2708 2110 2756 nnrArnnAer.
2149 2685 2182 2719 ⁴*

785 2887 979 2943 Circa.
1022 2902 1275 2943 annum
1316 2887 1469 2945 Chr.
1518 2889 1597 2942 76
1638 2916 1718 2926 —
1760 2887 1908 2942 Nat.
1952 2886 2269 2942 Graecus.

343 3078 381 3153 ἓ
428 3077 505 3144 1.
590 3078 736 3153 Quo
793 3082 1097 3160 tempore
1152 3071 1613 3160 Vespasianus
1662 3075 2130 3139 Romanorum
2185 3067 2563 3159 Imperium
2613 3079 2799 3139 tene-

250 3161 388 3241 bat,
444 3161 545 3229 vir
575 3159 858 3247 quidam
908 3159 1173 3228 ordinis
1222 3158 1578 3238 Senatorii,
1612 3157 1951 3227 Adrianus
2001 3157 2301 3237 nomine,
2357 3156 2683 3238 crudelis,
2727 3168 2796 3226 et

250 3250 481 3318 animo
533 3249 725 3318 valde
772 3249 1124 3328 immanis,
1169 3248 1621 3334 omniumque
1656 3248 2113 3337 pessimarum
2151 3247 2401 3315 artium
2450 3247 2788 3326 inventor,

253 3360 411 3408 cum
462 3338 838 3408 audivisset
866 3337 1206 3424 quosdam
1241 3336 1659 3405 Christianos
1691 3358 1837 3406 esse
1885 3336 1969 3405 ab
2000 3335 2327 3406 omnibus
2357 3334 2496 3404 illis
2543 3334 2798 3405 abhor-

251 3439 521 3508 renteS‚
574 3427 695 3514 qui
742 3427 877 3497 diis
926 3425 1097 3516 ipsis
1163 3424 1503 3494 sacrificia
1549 3425 1911 3505 offerrent,
1970 3425 2271 3510 deosque
2332 3425 2520 3524 ipsos
2570 3423 2691 3492 des
2747 3424 2800 3491 i-

250 3516 529 3597 cientes,
569 3530 635 3585 et
663 3515 833 3584 alios
882 3515 1199 3584 homines
1241 3514 1530 3604 magicis
1577 3514 1843 3583 artibus
1897 3535 1976 3581 ac
2023 3512 2415 3601 disciplinis
2454 3524 2519 3582 et
2551 3511 2687 3580 adu
2722 3534 2798 3580 a-

251 3605 557 3675 tionibus
589 3628 629 3674 a
676 3605 962 3676 deorum
1012 3602 1473 3672 familiaritate
1522 3615 1969 3685 removenteS,
2022 3603 2281 3691 quippe
2309 3601 2787 3688 quidicerent,

252 3715 387 3763 non
422 3716 571 3764 esse
601 3694 788 3776 de05‚
844 3692 962 3763 sed
1009 3714 1230 3762 unum
1260 3703 1528 3762 tantum
1577 3696 1835 3761 Deum:
1899 3689 2128 3760 furore
2180 3690 2513 3790 percitUS,
2572 3695 2800 3780 Impe-

252 3796 545 3853 ratorem
596 3782 787 3864 adiit,
840 3795 905 3852 et
952 3783 1037 3851 ab
1067 3803 1147 3851 eo
1181 3781 1394 3871 petiit,
1449 3793 1525 3850 ut
1556 3780 1691 3849 sibi
1728 3793 1966 3851 contra
2008 3781 2324 3849 homines
2372 3778 2796 3849 Christianos

253 3884 652 3961 potestatem
680 3871 894 3941 daret.
932 3876 1032 3940 Im
1087 3882 1310 3939 erator
1337 3891 1491 3939 vero
1518 3870 1749 3938 statim
1780 3890 2054 3938 omnem
2078 3879 2475 3960 potestatem
2499 3866 2795 3937 Adriano

253 3961 562 4043 contulit,
615 3961 674 4031 ei
726 3983 815 4031 ue
863 3982 1023 4030 man
1078 3960 1260 4040 avit,
1316 3970 1392 4029 ut
1450 3958 1877 4046 quicumque
1940 3958 2092 4048 ejus
2138 3956 2360 4026 edicto
2401 3958 2677 4047 parere,
2732 3967 2798 4025 et

255 4046 388 4116 diis
449 4072 640 4121 sacra
681 3983 908 4120 lacere
955 4049 1226 4130 vellent,
1280 4048 1540 4117 honore
1590 4069 1841 4137 magno
1893 4045 2168 4127 donati,
2223 4045 2309 4114 ad
2359 4067 2518 4115 eum
2572 4046 2795 4115 mitte·

253 4147 511 4294 reinltur:
564 4141 685 4226 qui
735 4161 890 4209 vero
922 4138 1204 4219 nollent,
1261 4136 1686 4208 cruciatibus
1735 4135 2165 4228 gravissimis
2216 4134 2530 4225 subjecti,
2587 4132 2790 4204 morti

254 4246 294 4294 a
399 4240 758 4299 merentur.

299 4426 326 4452 ¹·
356 4424 424 4465 Ab
454 4422 632 4466 incerto
661 4426 851 4467 auctore
878 4422 1199 4475 conscriptum
1226 4426 1315 4466 hoe
1343 4426 1596 4465 Encomum
1626 4424 1701 4465 est
1730 4433 1786 4465 ex
1816 4424 1990 4465 tabulis
2013 4422 2204 4464 Graecis
2225 4422 2333 4471 cyri
2353 4417 2798 4464 commentariensis

243 4478 375 4533 (vide
395 4479 496 4529 huj.
515 4479 635 4521 Ruti.
656 4481 952 4531 postremum
972 4480 1026 4531 5).
1042 4481 1090 4522 et
1108 4476 1258 4521 latine
1274 4479 1512 4522 redditum
1537 4487 1564 4520 a
1583 4478 1720 4520 oud.
1744 4477 2013 4528 Gugnelmo
2033 4477 2219 4518 sirleto.
