3357 4995
205 338 418 404 JUNII
468 339 510 401 8
1046 354 1125 400 na
1173 354 1228 399 s,
1285 313 1575 401 »inomao
1623 351 1918 401 arrscoro
2530 338 2663 402 209

205 440 499 510 ulterius
549 438 920 527 direptioni
979 436 1419 525 subjacerent
1468 437 1804 526 gentium,
1852 437 2240 527 Episcopali
2293 438 2452 508 sede
2499 439 2751 508 confir-

203 543 412 606 mata,
483 540 764 598 sanctus
812 532 1049 595 Pastor
1097 548 1262 595 suas
1323 547 1481 595 oves
1541 523 1760 595 multa
1829 525 2359 613 praedicationis
2424 528 2754 598 instantia

203 617 660 687 confortabat.
715 614 1157 684 Praedicabat
1222 614 1555 684 instanter
1625 614 2137 703 poenitentibus
2186 617 2597 705 promissam
2647 639 2752 685 re-

202 708 611 776 missionem
664 716 1128 793 peccatorum.
1185 702 1629 772 Praedicabat
1676 702 2048 784 omnibm,
2119 725 2408 804 regnum
2475 705 2589 773 Dei
2636 728 2752 795 ap·

200 795 700 884 propinquare,
734 793 1004 879 citoque
1020 792 1371 880 judicium
1403 791 1518 859 Dei
1545 791 1879 868 futurum.
1906 792 2026 862 His
2053 804 2118 860 et
2140 792 2297 862 aliis
2326 791 2754 863 multimodis

206 881 842 973 praedicationibus
889 893 955 949 et
1005 886 1135 950 Deo
1184 880 1440 949 charus
1488 892 1654 958 erat,
1709 892 1771 948 et
1823 880 1890 948 in
1954 881 2212 970 populo
2261 881 2583 952 amabilis
2630 883 2753 951 ad-

208 973 493 1041 modum
534 970 940 1039 habebatur.

289 1066 328 1147 §0
375 1065 521 1133 14.
577 1065 744 1128 Cum
791 1080 954 1148 ergo
994 1057 1381 1136 ecclesiam,
1446 1079 1655 1143 quam
1708 1060 2013 1127 Noviomi
2063 1072 2557 1140 construxerat,
2608 1060 2754 1129 feli-

207 1151 485 1220 cissime
543 1148 982 1238 gubernaret,
1037 1159 1354 1216 sanctum
1405 1146 1876 1216 Eleutherium
1916 1148 1971 1227 ⁴,
2026 1149 2475 1217 Tornacensis
2523 1149 2751 1219 Eccle-

205 1240 347 1307 siae
409 1237 1088 1327 pontificem‚¹quem
1144 1237 1311 1325 ipse,
1367 1249 1443 1304 ut
1488 1235 2078 1324 praelibavimu5‚
2147 1238 2217 1305 in
2283 1236 2571 1307 infantia
2626 1260 2754 1307 sua

203 1327 516 1398 futurum
568 1348 719 1395 esse
781 1324 1209 1414 praedixerat
1258 1323 1702 1413 Episcopum,
1738 1324 2092 1394 hominem
2141 1327 2429 1415 contigit
2476 1348 2740 1406 exuere,

206 1438 284 1484 ac
338 1427 489 1505 post
537 1415 803 1482 felicem
871 1414 1207 1502 pontificii
1258 1413 1368 1481 sui
1429 1413 2124 1494 administrationem,
2180 1415 2263 1484 de
2330 1417 2615 1484 terrenis
2663 1416 2751 1484 ad

207 1505 527 1574 coelestia
552 1503 1053 1582 coronandum,
1093 1502 1608 1590 transmigrare.
1638 1507 1791 1572 Post
1817 1502 2019 1591 cujus
2046 1503 2379 1594 lugubres
2404 1506 2746 1590 exequias,

208 1616 362 1663 cum
419 1592 505 1660 de
555 1591 902 1682 pontificis
931 1590 1263 1660 electione
1302 1592 1596 1660 invicem
1647 1589 2082 1672 dissererent,
2132 1606 2405 1682 peracto
2433 1593 2754 1664 triduano

198 1683 469 1772 jejunio
501 1736 516 1759 ‚
585 1694 650 1749 et
696 1678 1125 1748 solemnibus
1173 1680 1558 1750 hostiarum
1606 1679 1906 1749 victimis
1972 1685 2103 1749 Deo
2153 1681 2387 1752 devote
2452 1682 2747 1762 oblatiS,

208 1772 431 1840 subita
487 1769 738 1838 Sancti.
769 1768 1064 1857 Spiritus
1109 1768 1558 1857 inspiratione
1607 1769 2047 1848 inflammati,
2119 1773 2547 1840 unanimiter
2592 1793 2749 1841 san-

207 1872 393 1928 ctum
440 1859 626 1927 hunc
657 1856 1050 1926 Pontificem
1123 1856 1524 1926 Medardum
1563 1857 1941 1946 elegerunt,
2008 1859 2158 1947 eJus
2204 1882 2278 1928 se
2324 1860 2751 1930 orationibus

207 1947 632 2017 confidentes
679 1957 916 2014 contra
964 1945 1266 2034 impetus
1328 1946 1743 2016 muniendos
1812 1947 2274 2036 malignorum
2344 1950 2745 2038 spirituum.

209 2037 279 2104 Id
319 2034 624 2126 populus
648 2033 1094 2110 acclamabat,
1137 2034 1365 2103 in‘hoc
1391 2039 1528 2103 Rex
1555 2035 1703 2124 ipse
1756 2056 2204 2124 proceresque
2245 2038 2504 2126 palatii,
2555 2059 2750 2127 prae-

208 2126 415 2214 cipue
463 2123 1077 2212 comprovinciales
1141 2124 1480 2212 Episcopi,
1534 2124 2073 2193 consentiebant.
2141 2130 2477 2214 Legerunt
2538 2127 2752 2214 siqui-

213 2213 393 2292 dem,
440 2233 670 2281 vocem
725 2211 987 2303 populi,
1041 2233 1271 2280 vocem
1324 2213 1543 2301 ipsam
1575 2234 1723 2283 esse
1751 2214 2219 2282 Dominicam:
2274 2228 2339 2283 et
2377 2214 2560 2301 quod
2613 2228 2749 2284 tam

206 2300 633 2370 unanimiter
682 2300 980 2390 populus
1025 2323 1103 2369 ex
1157 2301 1416 2381 etierat,
1450 2302 1640 2370 omni
1682 2314 1939 2370 remota
1986 2304 2424 2373 excusatione
2460 2303 2604 2373 fieri
2632 2305 2752 2372 ad-

201 2389 637 2480 judicabant.
679 2389 1062 2459 Recusabat
1161 2389 1504 2458 umillime
1537 2390 1832 2477 insignis
1866 2392 1973 2459 Dei
2011 2392 2310 2472 Praesul,
2342 2392 2527 2477 quod
2558 2392 2751 2481 plebs

210 2491 351 2548 tam
405 2480 828 2547 unanimiter
874 2478 1339 2548 acclamabat:
1393 2479 1735 2550 constanti
1774 2480 1871 2548 eis
1905 2481 2161 2561 animo,
2203 2481 2644 2570 impotentem
2679 2504 2751 2550 se

209 2568 615 2646 vociferanS,
649 2568 1181 2657 magnanimiter
1212 2569 1587 2637 resistebat.
1635 2569 2131 2656 Metropolitani
2159 2569 2438 2639 demum
2469 2582 2534 2638 et
2564 2591 2753 2637 com-

210 2656 742 2747 provincialium
793 2676 1079 2726 suorum
1129 2657 1392 2726 evictus
1438 2658 1862 2735 auctoritate,
1901 2658 2241 2746 Regisque
2271 2681 2350 2726 ac
2410 2661 2754 2727 'rocerum

212 2768 521 2825 assensu,
587 2744 945 2836 plebisque
1005 2757 1285 2813 coactus
1352 2744 1745 2813 incessabili
1795 2745 2312 2825 acclamatione,
2420 2769 2544 2815 uas
2598 2746 2753 2814 illas

212 2834 549 2904 Ecclesias
595 2854 808 2903 unam
852 2833 1029 2902 fecit.
1259 2898 1262 2903 .

300 2926 335 3009 ἓ
382 2927 526 2995 15.
582 2928 756 3004 Quot
803 2934 869 2991 et
892 2933 1152 3011 quanta
1184 2923 1252 2990 in
1281 2922 1558 3011 regione
1593 2921 1705 2989 illa
1740 2922 2134 3011 opprobria,
2171 2936 2336 3011 quot
2367 2938 2430 2993 et
2459 2937 2753 3012 quantas

214 3033 584 3101 perpessus
633 3012 721 3082 sit
770 3012 1084 3100 injurias,
1124 3011 1391 3098 quoties
1429 3010 2088 3081 comminationibus
2138 3013 2511 3102 injuriatus
2551 3014 2755 3081 fuerit

213 3100 775 3179 Tornacensium,
813 3099 1081 3186 quoties
1130 3122 1253 3190 pro
1308 3099 1702 3171 incessabili
1758 3100 2269 3189 praedicatione
2316 3102 2755 3189 adjudicatus

212 3188 418 3258 fuerit
464 3189 551 3258 ad
602 3187 1078 3278 supplicium,
1150 3190 1307 3258 licet
1356 3210 1479 3259 nos
1529 3188 1777 3267 lateat,
1846 3194 1977 3258 Deo
2028 3203 2256 3258 tamen
2309 3191 2751 3260 manifestum

210 3299 380 3356 esse,
438 3276 615 3346 nulli
661 3290 764 3347 est
809 3277 1246 3367 ambiguum.
1285 3282 1442 3347 Erat
1473 3278 1658 3346 enim
1739 3290 1862 3347 en's
1896 3279 2048 3368 ipsa
2097 3279 2239 3347 fera
2269 3293 2333 3348 et
2362 3279 2752 3348 indomabi-

212 3364 318 3445 lis,
356 3366 574 3435 durae
612 3366 898 3435 cervicis
979 3365 1234 3454 opulus
1281 3379 1346 3435 et
1391 3367 1694 3456 implaca
1748 3367 1882 3447 ilis,
1921 3368 2150 3457 pravis
2177 3367 2554 3438 admodum
2585 3370 2751 3437 sub·

212 3454 398 3527 ditus
422 3455 774 3541 obsequiis
823 3455 935 3524 ido
966 3476 1192 3535 orum,
1238 3467 1496 3525 etcum
1531 3455 1748 3524 multa
1796 3456 2255 3525 obstinatione
2304 3479 2588 3526 suorum
2640 3456 2750 3524 de-

210 3543 498 3613 fendens
529 3544 878 3614 culturam
927 3543 1237 3612 deorum.
1279 3543 1399 3613 His
1447 3544 1596 3633 ipse
1644 3566 1716 3611 se
1766 3544 2051 3613 viriliter
2098 3545 2437 3634 injiciens¹
2473 3559 2754 3615 sanctus

209 3635 615 3722 Episcopus,
680 3632 1125 3722 Evangelicas
1184 3645 1249 3701 et
1295 3631 1718 3721 Apostolicas
1766 3633 2231 3703 institutiones
2296 3634 2750 3723 imperterrite

259 3721 675 3801 raedicabat,
730 3720 923 3792 falsis
970 3742 1211 3791 eorum
1242 3721 1750 3811 objectionibus
1801 3720 2333 3811 magnanimiter
2383 3722 2752 3811 responde·

208 3743 347 3889 Eat,
386 3821 451 3878 et
498 3808 948 3900 imaginarias
996 3830 1236 3879 eorum
1267 3832 1306 3878 o
1361 3809 1627 3879 iniones
1670 3810 1970 3879 veridica
2020 3812 2511 3900 prophetarum
2565 3834 2756 3901 prae-

210 3898 657 3967 nunciatione
678 3898 966 3968 viriliter
995 3920 1075 3968 ex
1128 3920 1316 3999 ugna
1368 3911 1460 3966 at.
1487 3899 1730 3968 Aderat
1757 3900 2102 3985 siquidem
2132 3901 2194 3969 ei
2221 3899 2457 3968 divina
2486 3923 2758 3990 semper

207 3986 432 4077 gratia
461 4008 640 4074 quae
688 3986 886 4057 illum
937 4000 1002 4057 et
1035 3920 1135 4056 'alli
1183 3986 1574 4057 infidelium
1629 3990 2025 4078 protegebat
2056 3989 2371 4070 incursu,
2406 4001 2472 4057 et
2518 4011 2755 4059 eorum

205 4090 485 4164 quoque
531 4075 920 4145 infidelium
972 4075 1058 4146 ad
1099 4076 1535 4147 dulcisonam
1586 4076 2757 4166 spiritualis·doctrinaeinstitutio-

129 4190 132 4193 ’
205 4185 369 4234 nem
417 4163 814 4234 emolliebat
859 4165 1163 4235 auditus.
1222 4166 1467 4254 Sicque
1516 4164 1773 4235 factum
1834 4180 1978 4246 est,
2046 4180 2123 4236 ut
2194 4189 2403 4256 parvo
2453 4180 2757 4257 tempore

210 4252 746 4323 innumerabilis
809 4275 1047 4325 eorum
1115 4253 1486 4325 multitudo
1534 4254 1620 4324 ad
1671 4253 1877 4323 fidem
1949 4256 2357 4326 catholicam
2409 4270 2756 4326 converte-

210 4354 495 4421 rentur,
566 4353 630 4412 et
677 4347 811 4412 Deo
861 4342 1409 4434 praeordinante,
1464 4365 1584 4434 per
1648 4344 2224 4415 inaestimabilem
2278 4346 2495 4415 sancti
2547 4346 2759 4434 hujus

269 4468 292 4493 ’Β
321 4467 418 4507 col.
443 4477 502 4507 xx
522 4467 641 4508 febr.
658 4468 707 4507 V.
739 4468 1018 4510 Mau-nrum..
1038 4470 1254 4510 lausi-a.
1275 4472 1380 4519 ejus
1400 4471 1590 4535 mensis,
1609 4481 1652 4519 p.
1675 4471 1790 4510 159&

375 4549 618 4607 surius
649 4581 665 4592 ·
702 4548 865 4610 Vitae
888 4550 998 4612 SS.
1025 4582 1047 4592 -
1078 4548 1202 4610 Vol.
1237 4551 1335 4611 VI.
2532 4554 2604 4611 14
