3357 4995
663 303 790 370 622
2771 301 2808 366 J
2818 301 2992 369 UNII
3040 304 3138 368 28

1440 493 1569 593 DE
1637 492 1716 595 S.
1801 492 2254 594 IRENAEO

1043 714 1432 782 EPISCOPO
1479 716 2000 795 LUGDUNENSI
2049 717 2148 781 ET
2198 716 2585 782 MARTYRE

787 877 865 924 nx
911 874 1301 926 mssonomco
1349 876 1693 926 numiano
1738 854 1845 946 (a)
1890 877 1957 926 m
2003 875 2181 925 Acus
2227 877 2570 925 narrauit
2618 876 2904 926 smcnms

1244 1073 1439 1130 Circa
1478 1088 1633 1130 ann.
1680 1076 1809 1130 203
1857 1104 1937 1115 -
1959 1075 2116 1131 Nat.
2159 1073 2483 1131 Graecus.

657 1277 694 1362 ἓ
741 1281 819 1348 1.
872 1273 1336 1344 Ecclesiarum
1374 1272 1859 1363 Lugdunensis
1908 1286 1973 1343 et
2011 1270 2415 1359 Viennensis
2466 1272 2886 1364 Epistolae...
2942 1276 3124 1346 sub-

556 1363 793 1455 jungit
841 1361 1200 1444 EusebiuS,
1246 1362 1444 1432 Libro
1478 1362 1817 1432 Historiae
1867 1366 2024 1453 Cap.
2077 1386 2163 1443 iv,
2209 1361 2496 1433 alterius
2541 1362 2883 1453 Epistolae
2930 1362 3122 1455 frag-

569 1465 883 1522 mentum
922 1450 1008 1521 ad
1050 1450 1517 1537 Eleutherium
1568 1456 1867 1541 Papam,
1923 1452 1994 1520 in
2043 1474 2183 1539 qua
2229 1457 2558 1541 Martyres
2614 1451 3121 1541 Lugdunenses

566 1547 920 1621 Intumuit,
974 1561 1182 1628 quem
1229 1539 1317 1609 ad
1350 1560 1503 1608 eam
1544 1538 1986 1609 deferendam
2056 1541 2586 1619 destinaverant,
2681 1562 2813 1611 non
2881 1541 3119 1629 solum

565 1652 733 1700 suae
779 1628 1118 1699 Ecclesiae
1148 1630 1638 1720 Presbyterum,
1670 1628 1790 1698 sed
1832 1628 2047 1699 multo
2099 1630 2321 1720 magis
2350 1636 2426 1699 ut
2475 1632 2960 1700 aemulatorem
3015 1642 3120 1702 te—
3175 1640 3181 1645 ’

566 1720 886 1788 stamenti
938 1718 1190 1788 Christi
1223 1718 1740 1787 commendant.
1775 1718 2000 1807 Hujus
2048 1718 2377 1806 epistolae
2423 1719 2805 1800 occasione,
2862 1721 3118 1820 paucis

564 1807 651 1877 de
688 1807 818 1878 hoc
867 1806 1303 1876 sanctissimo
1351 1806 1662 1875 Antistite
1710 1805 1822 1876 hic
1856 1828 2057 1896 agere
2106 1807 2332 1877 visum
2367 1820 2492 1878 est.
2539 1808 2721 1878 Licet
2768 1829 2953 1877 emm
2986 1808 3118 1878 diu

566 1908 720 1988 post
767 1917 979 1985 supra
1027 1894 1319 1985 scriptos
1345 1900 1671 1985 Martyres
1698 1894 1732 1930 ⁴¹
1812 1916 2047 1965 assum
2089 1895 2302 1966 fuisse
2348 1908 2635 1979 constet,
2662 1916 2824 1966 cum
2878 1909 3110 1967 tamen

562 1985 717 2073 ejus
748 1990 907 2054 Acta
955 1983 1303 2075 perierint,
1359 1996 1478 2053 aut
1525 1996 1706 2054 certe
1810 1995 2094 2053 actenus
2142 2007 2269 2054 nos
2329 1985 2623 2067 lateant,
2682 2006 2820 2054 non
2870 1985 3118 2056 incon-

563 2095 816 2164 gruum
867 2072 1008 2142 fore
1039 2072 1608 2153 existimavimus,
1663 2073 1752 2142 iis
1784 2094 1961 2159 quae
2014 2072 2098 2142 de
2145 2074 2303 2144 aliis
2353 2075 2621 2147 Sanctis
2688 2073 3116 2175 Lugdunen-

563 2163 758 2232 sibus
809 2160 1250 2252 protulimus,
1295 2160 1636 2249 quaedam
1678 2162 1764 2231 de
1811 2182 1890 2231 eo
1930 2161 2292 2252 subjicere,
2337 2184 2515 2250 quae
2542 2185 2623 2233 ex
2671 2163 2900 2252 ipsius
2939 2165 3114 2234 scri-

562 2251 699 2341 ptis
735 2261 940 2338 atque
977 2272 1058 2319 ex
1084 2249 1379 2320 aliorum
1415 2262 1719 2320 veterum
1760 2250 2171 2321 testimoniis
2199 2250 2671 2332 desumemus‚
2710 2272 2793 2321 ne
2841 2263 3114 2323 tantum

563 2338 903 2410 Ecclesiae
951 2337 1249 2408 Gallicae
1295 2338 1530 2408 lumen
1568 2340 1700 2409 sub
1751 2339 1980 2408 modio
2016 2340 2297 2409 recondi
2347 2340 2679 2410 videatur.

650 2431 687 2517 ἓ
738 2434 826 2500 2.
898 2427 1048 2497 lam
1099 2427 1487 2497 diximus...
1542 2432 1902 2497 Irenaeum
1971 2427 2042 2496 in
2108 2433 2172 2499 S.
2228 2428 2586 2520 Polycarpi
2664 2431 3112 2519 smyrnensis

559 2519 867 2609 episcopi
940 2517 1178 2587 schola
1246 2515 1618 2587 educatum
1680 2516 1936 2599 suisse3
2027 2517 2235 2605 idque
2309 2540 2389 2588 ex
2455 2518 2769 2606 ejusdem
2842 2522 3112 2590 Irenaei

564 2607 788 2678 verbis
836 2607 905 2675 in
941 2605 1231 2696 epistola
1255 2605 1339 2675 ad
1376 2604 1818 2676 Florinum...
1854 2618 2142 2676 constat.
2199 2612 2275 2676 At
2302 2629 2440 2695 qua
2464 2607 2850 2687 occasione,
2887 2629 3111 2695 quove

564 2706 870 2785 tempore
903 2694 973 2763 in
1025 2694 1281 2764 Gallias
1328 2715 1407 2764 ex
1459 2694 1613 2764 Asia
1674 2695 2063 2776 accesserit,
2104 2695 2610 2786 incompertum
2653 2695 2860 2787 plane
2903 2697 3107 2767 nobis

559 2800 698 2865 est;
751 2784 888 2854 nisi
934 2783 1114 2871 quod
1167 2805 1349 2853 anno
1396 2805 1671 2865 ccxxvn,
1726 2806 1864 2872 quo
1917 2784 2211 2854 maxime
2244 2785 2564 2855 efferbuit
2612 2784 2934 2875 Lugduni
2979 2785 3109 2856 ad-

559 2895 801 2944 versus
849 2872 1269 2943 Christianos
1365 2873 1725 2952 ersecutio,
1780 2874 1932 2962 eJus
1979 2872 2175 2944 urbis
2222 2874 2551 2943 ecclesiae
2593 2874 2951 2965 Presbyter
2997 2897 3107 2948 es-

558 2974 681 3045 set,
732 2961 915 3063 quod
970 2983 1051 3032 ex
1098 2962 1315 3052 episto
1348 2983 1387 3030 a
1442 2960 1721 3030 laudata
1781 2961 1866 3030 ad
1924 2961 2397 3032 Eleutherium
2448 2967 2644 3034 Rom.
2700 2962 3105 3033 Pontificem

558 3050 958 3121 ediscimus.
1013 3050 1193 3134 Quin
1239 3063 1306 3119 et
1348 3072 1507 3120 eum
1557 3050 1821 3137 aliquot
1866 3063 2022 3120 ante
2075 3051 2253 3124 hanc
2303 3054 2849 3142 persecutionem
2897 3052 3106 3122 annis

560 3140 631 3209 in
662 3162 742 3210 ea
787 3139 1056 3210 civitate
1098 3139 1310 3209 fuisse
1356 3151 1862 3220 conversatum,
1917 3139 2151 3230 colligi
2184 3153 2403 3230 potest
2448 3162 2530 3210 ex
2577 3163 2680 3223 ec,
2734 3139 2918 3229 quod
2963 3162 3106 3210 non

562 3227 788 3300 solum
840 3250 964 3319 pro
1006 3229 1215 3299 rebus
1272 3226 1613 3297 Ecclesiae
1653 3227 1974 3318 gerendis
2033 3234 2319 3298 Romam
2364 3229 2622 3301 missus
2676 3229 2928 3311 fuerit,
2982 3229 3107 3300 sed

558 3318 764 3387 etiam
813 3316 998 3405 quod
1046 3338 1206 3386 eum
1268 3329 1431 3386 tunc
1486 3316 1778 3406 dignum
1828 3339 2068 3387 omnes
2120 3318 2587 3407 judicaverint
2633 3319 2755 3405 qui
2813 3317 3107 3389 Pothino

558 3406 983 3497 Episcopo*
1028 3427 1233 3493 quem
1270 3406 1655 3496 persecutio
1705 3405 2007 3486 sustulit,
2062 3406 2132 3474 in
2186 3420 2323 3477 tam
2371 3407 2726 3498 impeditis
2761 3406 3108 3478 Ecclesiae

562 3494 987 3585 temporibus
1029 3494 1585 3566 substitueretur.

644 3583 678 3672 §
723 3588 817 3656 8.
889 3587 968 3653 In
1007 3583 1387 3674 episcopali
1416 3582 1744 3653 cathedra
1775 3583 2218 3665 constitutuS,
2273 3585 2641 3654 ministerii
2692 3584 2825 3655 sibi
2887 3607 2929 3654 a
2974 3590 3108 3654 Deo

556 3672 914 3743 commissi
955 3685 1182 3764 partes
1226 3673 1500 3763 egregie
1529 3670 1954 3763 adimplevit,
2008 3672 2382 3743 Ecclesiam
2434 3696 2572 3744 non
2628 3673 2830 3742 modo
2879 3673 3108 3743 verbis

557 3773 623 3832 et
644 3761 822 3830 vitae
842 3761 1323 3843 sanctimonia,
1347 3761 1464 3833 sed
1490 3762 1694 3831 etiam
1723 3760 1958 3830 multis
1992 3762 2340 3851 praeclare
2359 3761 2637 3852 scriptis
2657 3761 3101 3831 illustrando.

559 3855 706 3934 Quo
752 3862 983 3921 autem
1039 3850 1274 3920 animo
1328 3849 1678 3932 scriberet,
1750 3850 2041 3940 ipsemet
2080 3852 2299 3942 aperit
2349 3851 2419 3920 in
2469 3851 2892 3921 Praefatione
2944 3851 3106 3920 libri

561 4013 841 4110 ῃέὲἰοέξὲ
856 4014 1078 4108 {iffi
1101 4014 1809 4114 ff0nmfla.3ttt¹z.¹³÷²¹ffl.z⁸
1822 4023 2207 4109 ffl‘zrfflfflss
2229 4015 3107 4114 stiffesstffsstssffifsszssssassfft5³53

556 4123 908 4172 florenttsaimo,
938 4122 1204 4172 adsui-mma
1233 4125 1319 4164 eat.
1343 4123 1463 4162 Mira
1491 4131 1639 4183 supra
1670 4124 1874 4162 aetatem
1902 4122 2249 4163 ecclesiasticae
2286 4122 2512 4164 historiae
2558 4124 2608 4162 et.
2648 4123 2915 4163 litterarum
2950 4124 3103 4161 erudi-

554 4177 684 4217 tione
714 4173 1015 4221 instructum,
1044 4173 1227 4216 socium
1255 4185 1363 4216 eum
1397 4176 1599 4216 adaclvtt
1628 4176 1843 4217 laborum
1872 4185 2066 4216 suorum
2093 4176 2385 4216 clarissimus
2415 4176 2729 4216 Mabillonius.
2759 4177 2901 4215 Plura
2921 4175 3112 4225 egregia

554 4230 706 4270 edidit
732 4231 808 4270 vel
835 4239 924 4270 aua
947 4230 1024 4271 val
1052 4230 1356 4279 antiquorum
1386 4230 1632 4270 emendata
1659 4233 1708 4270 et
1728 4230 2110 4270 adnotationibus
2131 4226 2396 4274 illustrata:
2416 4239 2619 4279 quorum
2638 4229 3104 4278 praestantissimum

552 4280 644 4324 ruit
671 4285 794 4324 Aci-A
824 4284 1103 4324 Mam-vam«
1134 4283 1347 4328 stacam.
1377 4294 1432 4325 eo
1461 4284 1756 4325 elaboratum
1782 4280 1971 4325 critices
1995 4283 2177 4333 judicio
2196 4285 2250 4324 ut
2269 4281 2337 4324 nil
2357 4283 2408 4323 in
2430 4284 2517 4324 hoc
2537 4292 2710 4333 genere
2729 4282 3016 4323 laudabilius
3037 4284 3106 4323 iu·

555 4338 719 4378 venire
740 4337 816 4376 ait.
834 4334 915 4376 Pie
933 4337 1051 4376 obiit
1068 4345 1217 4376 annon
1236 4338 1378 4377 natue
1398 4339 1463 4378 52.

610 4391 637 4418 ¹⁸
667 4391 782 4431 Vide
802 4390 903 4430 Sur.
923 4400 1068 4440 supra
1087 4401 1130 4439 p.
1153 4391 1217 4430 35.

610 4443 665 4471 ⁸*
697 4444 789 4484 Seu
816 4442 1033 4489 Photin03
1061 4443 1173 4490 ibid.
