3357 4995
683 357 809 422 214
1425 377 1502 422 nn
1551 377 1605 422 s.
1660 373 1953 422 unnAano
1999 374 2297 444 nriscoro
2822 360 2857 424 J
2871 359 3040 425 UNlI
3091 362 3130 425 8

597 458 877 530 decebat
924 458 1353 550 dignitatem,
1392 458 1751 529 affluenter
1788 469 1852 528 et
1883 457 2450 530 excellentissime
2478 459 2738 530 ditavit.
2776 461 3133 561 Eleganter

595 571 754 618 vero
800 548 1088 618 ecclesia
1136 547 1538 636 composita,
1593 548 2081 635 undecumque
2129 547 2351 638 potuit
2395 549 2849 639 elegantiores
2902 550 2995 618 ibi
3024 572 3133 619 sa-

597 640 697 708 cri
730 637 993 706 ordinis
1040 636 1381 706 ordinavit
1428 658 1782 726 personas,
1838 658 1974 723 quo
2016 649 2081 705 et
2110 637 2322 725 patris
2351 638 2458 707 sui
2495 651 2724 707 votum
2777 637 3134 729 benignis-

598 727 770 796 sime
816 725 1211 816 compleret,
1262 738 1329 794 et
1375 725 1550 796 inibi
1600 730 1733 796 Deo
1770 723 2312 806 ecclesiasticum
2364 726 2670 796 officium
2726 748 2846 815 pro
2895 749 3018 796 sua
3068 740 3135 796 et

598 815 811 915 patris
832 814 941 884 sui
967 814 1420 901 omniumque
1448 813 1762 884 fidelium
1790 814 2011 884 salute
2038 814 2429 904 perenniter
2452 815 2906 885 exhiberetur.
2942 815 3131 888 Idem

597 926 744 994 ipse
776 902 1187 972 venerabilis
1222 925 1337 972 rex
1385 903 1800 993 SigebertuS,
1854 925 2013 973 cum
2064 901 2343 973 fratrem
2385 926 2593 973 suum
2661 903 3129 993 chilpericum

597 993 877 1062 nomine
914 991 1100 1082 apud
1133 992 1379 1062 urbem
1415 995 1801 1062 Tornacum
1848 991 2163 1062 obsidere
2201 991 2619 1082 disponeret,
2676 992 2863 1082 apud
2915 993 3136 1063 Victo-

597 1081 862 1150 riacum
900 1080 1367 1170 Fredegundis
1399 1103 1472 1150 re
1522 1081 1677 1150 inae
1706 1081 2006 1151 versutia
2034 1080 2514 1171 interemptus,
2554 1103 2715 1150 cum
2747 1081 2945 1172 prius
2969 1103 3131 1152 eum

596 1169 908 1239 Lambris
958 1169 1385 1260 sepelissent,
1440 1103 1527 1240 ab
1579 1170 1730 1260 ipso
1778 1169 2015 1239 eodem
2071 1168 2278 1238 fratre
2325 1191 2452 1240 suo
2500 1169 2884 1260 Chilperico
2948 1183 3135 1261 post-

595 1258 878 1328 modum
933 1258 1321 1328 Suessionis
1362 1257 1640 1339 relatus,
1695 1258 1766 1328 in
1815 1257 2125 1339 ecclesia,
2155 1279 2364 1346 quarn
2416 1258 2899 1328 decentissime
2948 1280 3138 1328 com-

596 1359 940 1437 posuerat,
983 1368 1195 1504 profe
1236 1347 1450 1437 patris
1497 1347 1608 1416 sui
1657 1346 2008 1417 tumulum
2039 1346 2357 1417 decenter
2396 1360 2499 1416 est
2546 1346 2883 1437 sepultus
2940 1353 3134 1417 Nunc

597 1457 819 1526 pauca
867 1434 950 1504 de
982 1436 1219 1505 mutis
1267 1436 1483 1505 nostri
1532 1447 1634 1505 est
1683 1435 1937 1525 scripto
1969 1435 2456 1505 commendare
2490 1435 2844 1505 miracula.

675 1527 718 1681 ἓ
769 1529 930 1595 26.
965 1524 1187 1612 Hujus
1213 1524 1493 1610 quidem
1528 1524 1748 1593 sancti
1776 1523 1958 1593 fama
1984 1524 2528 1611 circumquaque
2557 1525 3133 1605 increbrescente,

599 1613 668 1682 in
700 1634 913 1682 irmos
954 1612 1159 1682 variis
1189 1612 1498 1682 detentos
1525 1613 2005 1703 languoribuS,
2041 1613 2127 1682 ad
2162 1612 2314 1699 ejus
2344 1614 2748 1683 memoriam
2786 1635 2864 1683 ex
2898 1613 3139 1685 multis
3200 1695 3205 1699 ᾗ

597 1715 936 1771 terrarum
989 1701 1303 1790 partibus
1343 1701 1592 1771 accidit
1639 1702 2010 1781 confluere,
2065 1701 2326 1788 quibus
2366 1723 2488 1792 per
2541 1702 2864 1771 meritum
2914 1703 3137 1772 sancti

598 1791 709 1860 sui
757 1790 974 1881 gratia
1024 1790 1258 1859 divina
1307 1812 1440 1859 non
1491 1790 1862 1890 dedignata
1901 1802 2002 1859 est
2049 1790 2437 1860 subvenire.
2474 1790 2666 1873 Quod
2727 1812 2890 1881 ergo
2940 1792 3137 1881 prius

595 1878 967 1948 memoriae
1015 1879 1335 1962 occurrit,
1383 1878 1579 1969 prius
1625 1878 1979 1950 dicamus:
2032 1891 2377 1967 quatenus
2414 1879 2499 1948 de
2533 1879 2832 1969 singulis
2868 1901 3004 1949 non
3030 1903 3139 1956 so-

594 1966 953 2037 lummodo
1002 1968 1106 2037 sin
1162 1967 1414 2047 ulares,
1458 1988 1694 2037 verum
1735 1967 2188 2037 multimodae
2237 1972 2367 2036 Deo
2416 1969 2675 2059 gratiae
2725 1968 3130 2038 referantur.

597 2056 1051 2146 Tuguriolum
1105 1991 1325 2140 iilud,
1395 2055 1580 2143 quod
1646 2057 1917 2156 corpori
1967 2068 2204 2126 sancto
2269 2055 2918 2146 superaedificatum
2989 2078 3138 2129 esse

598 2145 1212 2235 praescripsimus,
1277 2156 1503 2214 tantae
1551 2144 2141 2224 virtutis,'divina
2194 2145 2600 2233 disponente
2649 2145 2895 2234 gratia,
2950 2168 3139 2215 corn-

596 2245 867 2323 pertum
910 2246 1011 2303 est
1057 2256 1228 2314 esse,
1287 2247 1361 2302 ut
1409 2234 1467 2303 si
1514 2233 1672 2320 quis
1706 2232 1942 2304 dolore
1987 2233 2297 2303 dentium
2347 2246 2664 2315 attactuS,
2703 2255 2783 2303 ex
2815 2234 3132 2324 virguliS‚

594 2322 852 2408 quibus
885 2335 1274 2392 contextum
1327 2321 1570 2402 fuerat,
1624 2321 1854 2391 locum
1905 2321 2164 2391 doloris
2212 2334 2540 2413 tangeret,
2581 2322 2940 2392 confestim
2992 2345 3140 2393 om-

539 2459 550 2470 .
596 2411 704 2481 nis
756 2410 873 2479 illa
921 2411 1229 2481 dentium
1269 2411 1637 2479 infirmitas
1670 2410 2103 2502 abigeretur:
2156 2410 2338 2499 quod
2399 2423 2463 2480 et
2518 2412 2589 2478 in
2652 2411 2903 2502 palatio
2956 2413 3139 2502 regis

595 2500 1028 2592 divulgatum
1078 2513 1201 2570 est.
1234 2499 1526 2583 Quidam
1573 2521 1874 2586 namque
1923 2500 2336 2570 charimeris
2384 2501 2667 2570 nomine
2695 2501 2815 2588 qui
2856 2522 2934 2570 eo
2969 2514 3139 2570 tem·

597 2611 761 2680 pore
802 2589 1215 2659 childeberti
1248 2611 1320 2658 re
1374 2589 1431 2658 is
1482 2587 1986 2659 referendarius
2045 2588 2450 2669 habebatur,
2497 2590 2660 2675 quia
2718 2590 2846 2659 hoc
2894 2589 3137 2660 eodem

478 2662 485 2669 ’
594 2678 835 2748 morbo
883 2678 1288 2767 gravissime
1363 2677 1726 2757 aborabat‚
1780 2677 1865 2746 ad
1916 2677 2228 2747 eamdem
2291 2682 2355 2746 S.
2412 2677 2713 2747 Medardi
2775 2677 3135 2748 basilicam

594 2767 937 2837 deductus
983 2778 1106 2836 est.
1148 2770 1453 2853 Cumque
1495 2767 1748 2854 januas
1794 2765 2125 2838 ecclesiae
2163 2766 2438 2838 clausas
2469 2767 2854 2857 reperisset,
2886 2781 3138 2836 etcum

593 2855 903 2926 dentium
956 2854 1151 2924 dolor
1182 2855 1404 2946 magis
1452 2877 1531 2925 ac
1582 2855 1806 2946 magis
1847 2868 2143 2946 urgeret,
2199 2853 2284 2923 de
2331 2877 2472 2925 una
2514 2856 2893 2942 januarum
2953 2854 3138 2924 fidu-

591 2944 859 3014 cialiter
906 2943 1252 3014 hastulam
1301 2943 1603 3023 excidit,
1672 2957 1740 3013 et
1786 2944 1904 3014 ubi
1957 2944 2179 3034 magis
2228 2943 2596 3015 infirmitas
2660 2942 3134 3034 grassabatur,

590 3032 1177 3102 confidentissime
1237 3032 1424 3119 quod
1470 3031 1812 3101 exclderat
1879 3032 2247 3123 apposuit:
2316 3053 2612 3119 moxque
2659 3033 2746 3102 ab
2793 3054 2871 3102 eo
2926 3053 3137 3119 quem

591 3121 712 3190 diu
764 3143 1129 3211 perpessus
1176 3133 1321 3190 erat
1366 3120 1601 3190 dolore
1650 3121 1979 3191 liberatus
2040 3135 2165 3192 est.
2227 3123 2531 3191 Habetur
2587 3122 2793 3191 etiam
2843 3120 3141 3190 baculus

591 3211 743 3299 eJus
791 3209 978 3300 apud
1030 3231 1175 3290 nos,
1216 3230 1337 3299 per
1373 3231 1577 3297 quem
1632 3209 1995 3300 plerosque
2046 3210 2358 3280 infirmos
2382 3209 2811 3280 diversorum
2845 3210 3142 3301 languo-

594 3321 749 3368 rum
801 3297 1261 3368 medicamina
1294 3310 1603 3389 expertos
1636 3320 1787 3368 esse
1833 3300 2324 3390 comperimus.

678 3391 713 3474 ξ
765 3391 909 3458 2⁸2.
965 3386 1250 3457 Anicula
1305 3387 1645 3474 quaedam
1698 3408 1960 3457 annosa
2023 3388 2256 3467 nimis,
2312 3410 2474 3457 cum
2521 3388 2584 3457 ei
2635 3410 2888 3459 manus
2944 3387 3141 3456 arida

588 3476 788 3563 quasi
837 3476 1143 3545 alienum
1182 3476 1519 3564 quiddam
1569 3476 1652 3545 de
1703 3476 1986 3547 brachio
2035 3476 2471 3567 dependeret,
2509 3476 2666 3546 licet
2705 3478 2852 3567 Jam
2893 3477 2978 3545 de
3005 3476 3145 3545 vita

591 3586 755 3655 prae
804 3565 1020 3634 nimia
1067 3565 1421 3655 suaipsius
1468 3577 1686 3634 aetate
1736 3565 2152 3655 desperaret,
2194 3565 2279 3634 ad
2317 3566 2535 3636 sancti
2585 3578 2811 3635 tamen
2869 3563 3142 3635 Confes-

590 3654 765 3724 soris
829 3653 1256 3735 memoriam,
1325 3654 1533 3742 cujus
1592 3653 1931 3725 celebrem
1980 3652 2235 3723 famam
2302 3653 2637 3735 audierat,
2695 3653 3142 3724 devotissima

591 3755 816 3813 mente
867 3744 1193 3833 pervenit,
1261 3764 1562 3830 eumque
1611 3741 2041 3812 multimodis
2092 3742 2413 3833 precibus
2487 3764 2621 3812 non
2699 3743 2848 3813 sine
2919 3741 3141 3811 multa

589 3830 1055 3922 lacrymarum
1097 3830 1494 3921 profusione
1533 3853 1745 3922 super
1782 3831 2016 3901 aridae
2055 3853 2223 3902 suae
2262 3853 2537 3912 manus,
2571 3832 2738 3918 quia
2774 3831 2986 3900 nimis
3018 3853 3142 3899 an-

589 3922 900 4010 gebatur,
973 3920 1357 3990 solicitabat
1406 3921 1944 4010 recuperatione.
2016 3925 2094 3990 Ut
2140 3941 2302 4009 ergo
2352 3941 2423 3990 se
2471 3934 2628 3989 ante
2677 3919 3140 4009 praesentiam

590 4009 968 4079 beatissimi
1009 4007 1366 4107 pontificis
1416 4030 1577 4078 cum
1614 4008 1830 4078 multo
1878 4007 2141 4099 ejulatu
2188 4009 2523 4099 exposuit,
2585 4008 2808 4078 adfuit
2860 4020 3143 4099 repente

593 4120 712 4188 per
746 4098 974 4171 Sancti
1021 4097 1334 4187 ejusdem
1384 4098 1708 4168 meritum
1759 4097 2034 4167 divinae
2083 4098 2459 4188 majestatis
2520 4097 2958 4188 suffragium.
3017 4102 3146 4166 Re-

590 4199 938 4256 stauratur
985 4207 1141 4255 mox
1178 4185 1454 4256 mulieri
1501 4185 1687 4274 quod
1723 4187 1882 4257 vitio
1924 4198 2209 4255 naturae
2257 4185 2743 4258 defraudatum
2790 4195 2977 4255 erat:
3037 4206 3146 4255 re-

593 4290 874 4364 paratur
930 4275 1001 4343 in
1059 4296 1138 4343 ea
1188 4297 1437 4345 manus
1502 4274 1737 4345 aridae
1797 4275 2132 4345 naturalis
2198 4275 2598 4366 integritas,
2652 4288 2718 4344 et
2771 4273 2956 4361 quod
3016 4274 3147 4343 mi-

593 4386 726 4436 nus
759 4364 843 4433 de
892 4363 1132 4433 matris
1178 4377 1648 4455 assumpserat
1693 4377 1911 4446 uter0,
1957 4364 2431 4434 intercessoris
2481 4364 2587 4434 sui
2636 4362 3145 4453 benignissimo

593 4452 884 4524 resumit
940 4452 1307 4542 praesidio.
1365 4453 1728 4524 Reviviscit
1778 4474 2028 4525 manus
2073 4453 2442 4543 juvenilis,
2486 4453 2636 4543 jam
2705 4463 3144 4542 praemortuo
