3357 4995
642 303 772 369 242
1285 320 1363 366 nn
1413 320 1471 366 s.
1525 319 1811 368 MAURINO
1861 321 2009 367 ABR.
2065 322 2139 367 ET
2179 322 2370 368 mar.
2748 305 2970 370 JUNII
3022 307 3106 370 to

553 404 909 484 educatuS,
967 403 1139 473 facie
1188 403 1306 472 sed
1347 415 1410 472 et
1458 423 1706 492 genere
1756 417 2000 484 notus,
2054 418 2380 496 cognatos
2430 417 2495 473 et
2541 404 2783 475 affines
2818 406 3099 496 gaudiO,

553 506 616 562 et
666 505 871 562 totam
924 492 1262 562 civitatem
1305 492 1663 572 nu'raculO,
1717 505 1782 561 et
1833 495 2156 583 martyris
2203 494 2571 584 complevit
2616 496 3006 584 praeconio.

642 590 680 663 ἓ
728 586 875 656 18.
930 580 1336 669 Theusburg
1365 581 1800 671 (Duysburg)
1837 604 2083 651 nomen
2117 596 2217 651 est
2256 582 2474 651 villae.
2505 583 2628 651 Hic
2657 597 2813 652 ante
2841 583 3104 670 aliquot

550 693 768 740 annos
815 671 1212 760 inguinaria
1283 672 1397 738 Dei
1477 671 1824 760 permissu
1894 671 2318 740 debacchata
2382 687 2485 742 est
2533 673 2790 760 pestiS,
2847 686 2912 742 et
2962 695 3096 741 non

548 780 806 851 paucos
858 759 1136 850 inopina
1194 772 1409 827 morte
1459 759 1822 848 soporavit.
1880 765 2064 829 Inter
2132 759 2304 831 alios
2354 761 2832 849 presbyterum
2882 761 3100 830 eccle-

546 850 689 918 siae
731 848 1147 937 provisorem
1191 849 1472 918 morbus
1500 848 1783 924 invafit,
1838 849 1957 934 qui
1994 849 2121 919 boc
2147 849 2437 918 consilio
2471 862 2757 918 mortem
2802 849 3093 919 distulit.

548 940 677 1021 Qui
728 959 800 1006 se
872 937 1286 1005 familiarius
1356 938 1740 1016 curabant,
1797 949 1990 1026 rogat
2039 951 2114 1006 ut
2175 938 2555 1008 amicorum
2606 952 2671 1006 et
2734 941 3098 1027 parentum

548 1027 986 1096 subvectione
1035 1025 1381 1093 Coloniam
1428 1026 1672 1105 veniat,
1740 1025 1823 1094 ad
1877 1027 2333 1106 memoriam,
2394 1027 2661 1112 inquit,
2736 1027 3093 1115 MartyriS,

547 1118 668 1202 qui
717 1116 813 1184 ibi
865 1135 1099 1183 recens
1149 1114 1524 1194 revelatus,
1589 1115 1945 1203 signorum
2000 1116 2246 1184 virtute
2303 1128 2641 1184 coruscat.
2718 1117 2871 1183 Visa
2932 1131 3095 1184 sunt

545 1205 751 1274 verba
829 1206 992 1272 haec
1055 1203 1347 1270 amentis
1394 1216 1458 1271 et
1507 1203 1746 1280 deliri,
1800 1205 1963 1289 quia
2014 1218 2145 1273 toto
2217 1203 2355 1272 fere
2402 1205 2682 1273 homine
2729 1206 3095 1291 {mortuum

547 1293 1009 1362 attendebant.
1065 1297 1370 1376 Cumque
1419 1303 1574 1359 ante
1621 1291 1861 1361 oculos
1927 1305 1991 1360 et
2036 1294 2188 1380 ejus
2237 1294 2411 1361 vires
2444 1349 2458 1371 ,
2512 1306 2571 1361 et
2622 1293 2874 1362 usitata
2929 1294 3096 1361 sub-

441 1449 446 1456 .
549 1382 708 1450 inde
775 1394 922 1450 tum
973 1381 1479 1450 subtractorum
1529 1381 1614 1448 ab
1656 1381 1784 1449 hac
1837 1380 1986 1450 luce
2036 1393 2365 1470 ponerent
2412 1381 2726 1471 exempla
2773 1383 2971 1467 quasi
3025 1383 3091 1449 in

547 1470 914 1560 sepulchro
970 1490 1130 1537 eum
1183 1468 1524 1537 videbant.
1589 1475 1648 1539 [s
1697 1481 1924 1539 autem
1985 1470 2406 1540 confortatus
2472 1470 2603 1539 fide
2658 1471 2742 1538 de
2791 1470 2960 1538 lecto
3023 1493 3096 1538 se

546 1581 754 1649 super
810 1557 1134 1626 baculum
1179 1557 1388 1638 dedit,
1434 1571 1498 1626 et
1537 1558 1978 1657 stupentibus
2019 1560 2287 1628 cunctis
2330 1559 2571 1648 pedem
2623 1560 2887 1627 trahere
2937 1573 3091 1647 post

547 1648 786 1736 pedem
827 1645 1148 1724 tentabat.
1205 1646 1562 1714 Evidenter
1604 1646 1716 1715 hic
1772 1648 2039 1725 enituit,
2098 1648 2256 1733 quia
2322 1649 2501 1717 sicut
2550 1655 2779 1736 Agnus
2836 1648 3094 1732 ubique
3183 1675 3188 1679 ·

544 1750 666 1812 est,
743 1737 830 1803 ita
883 1748 945 1803 et
993 1735 1112 1820 qui
1164 1742 1427 1823 Agrium
1488 1757 1929 1821 quocumque
1980 1737 2130 1804 ierit
2179 1749 2585 1822 sequuntur,
2636 1736 2753 1804 ubi
2804 1735 3097 1805 fideliter

545 1825 839 1894 invocati
872 1823 1321 1912 opitulatione
1372 1837 1763 1912 praesentes
1812 1837 1994 1892 sunt.
2035 1830 2201 1893 Nam
2236 1826 2353 1911 qui
2388 1825 2472 1894 de
2508 1826 2678 1894 lecto
2722 1826 2856 1893 sere
2908 1847 3092 1893 mor-

544 1927 706 1983 tuus
734 1912 1109 1990 descendit,
1169 1934 1325 1980 mox
1366 1912 1450 1980 ad
1498 1934 1705 1998 quem
1740 1913 1953 1980 tendit
1986 1914 2118 1981 sibi
2156 1913 2396 1982 adesse
2432 1926 2801 2001 martyrem
2840 1914 3083 1982 sentit:

546 2023 817 2088 quoque
865 2001 1155 2070 ulterius
1217 2002 1585 2089 processit,
1648 2022 1726 2069 eo
1793 2001 2096 2090 amplius
2147 2003 2407 2071 viribus
2457 2002 2690 2070 valuit.
2762 2007 2837 2070 Et
2909 2002 3087 2071 sicut

543 2091 725 2180 ignis
761 2091 1018 2159 fervore
1058 2090 1361 2179 amplius
1391 2090 1690 2168 calescit,
1743 2091 1863 2176 qui
1907 2090 2173 2159 vicinus
2222 2091 2520 2160 accedit:
2575 2092 2666 2158 ita
2701 2091 2870 2159 dum
2921 2091 3089 2157 civi-

545 2180 663 2248 tati
731 2181 1138 2270 appropiat,
1195 2178 1599 2249 clementius
1669 2191 1992 2268 aegrotat.
2056 2179 2174 2247 Ubi
2239 2192 2467 2248 autem
2537 2179 2617 2247 ad
2684 2180 3086 2247 memoriam

546 2271 773 2337 Sancti
822 2282 1097 2336 ventum
1147 2281 1211 2335 et
1241 2281 1508 2336 oratum
1541 2279 1662 2344 est,
1718 2282 1782 2335 et
1817 2267 1951 2336 sibi
1982 2281 2047 2336 et
2078 2270 2406 2338 omnibus
2454 2269 2522 2335 in
2579 2267 2881 2357 praefata
2929 2267 3091 2335 villa

541 2358 778 2425 eodem
831 2359 1070 2427 morbo
1123 2356 1636 2434 laborantibus,
1697 2357 2207 2445 integerrimam
2284 2357 2643 2426 sanitatem
2700 2356 2859 2424 fidei
2910 2378 3078 2424 auro

540 2445 858 2516 obtinuit.
1573 2485 1582 2503 ι

626 2538 661 2622 ξ
709 2541 850 2608 14.
913 2542 1214 2624 Longum
1249 2548 1348 2603 est
1399 2537 1494 2603 ire
1543 2558 1663 2624 per
1711 2535 2009 2625 singula,
2055 2536 2402 2620 quomodo
2437 2536 2806 2604 virtutibus
2846 2536 3083 2623 justus

537 2638 614 2692 ut
664 2625 891 2714 palma
941 2626 1197 2693 floreat.
1264 2624 1387 2693 Sed
1448 2647 1603 2693 ecce
1682 2624 1847 2692 dum
1898 2625 2018 2709 qui
2078 2645 2288 2713 prope
2335 2637 2398 2693 et
2464 2625 2583 2710 qui
2635 2624 2836 2713 longe
2886 2637 3071 2701 sunt,

540 2715 715 2782 inter
749 2736 871 2783 nos
911 2713 1163 2783 fontem
1217 2712 1459 2783 salutis
1507 2713 1861 2793 hauriunt,
1884 2712 2268 2781 'timeamus
2312 2736 2393 2781 ne
2446 2713 2643 2782 nobis
2674 2712 3078 2801 sitjudicio,

538 2803 596 2871 si
661 2802 1001 2871 medicum
1058 2802 1383 2871 habentes
1440 2815 1897 2891 aegrotamus.
1966 2806 2133 2869 Loco
2198 2803 2408 2891 patris
2455 2815 2520 2870 et
2570 2801 2818 2870 medici
2879 2801 3078 2869 nobis

541 2891 869 2959 Dominus
939 2891 1324 2959 Maurinum
1377 2913 1581 2959 suum
1638 2890 2036 2978 perdonavit
2094 2889 2349 2968 lilium,
2403 2912 2608 2976 quem
2661 2890 2793 2960 sibi
2844 2891 3086 2979 genuit

538 3000 790 3069 sponsa
841 2979 1138 3048 formosa
1187 3000 1334 3059 sua,
1390 2978 1713 3048 columba
1762 3002 1909 3055 sua,
1963 2999 2172 3063 quam
2224 2979 2351 3049 sibi
2397 2979 2570 3047 vitae
2630 2979 2842 3067 pretio
2888 2978 3080 3046 rede-

538 3068 685 3146 mit,
740 3081 803 3135 et
853 3070 919 3135 in
957 3068 1292 3156 sanguine
1342 3089 1465 3136 suo
1533 3066 1717 3135 lavit.
1775 3068 1840 3135 Si
1892 3067 2080 3156 lepra
2131 3068 2591 3136 conscientiae
2658 3067 2881 3157 prurit
2928 3068 3083 3134 ani-

540 3179 720 3235 mus,
779 3158 834 3226 si
885 3156 1149 3226 coelum
1198 3156 1412 3224 libero
1463 3156 1716 3224 intuitu
1768 3177 1900 3224 non
1955 3157 2233 3244 respicit
2272 3156 2540 3236 oculuS,
2598 3157 2651 3225 si
2701 3157 2767 3223 in
2823 3155 2926 3222 via
2966 3157 3083 3242 ju-

536 3246 756 3316 stitiae
804 3267 1082 3314 cursum
1135 3256 1418 3333 stupens
1459 3243 1748 3333 impedit
1789 3266 2060 3325 nervu5‚
2116 3245 2174 3314 si
2239 3245 2523 3314 avaritia
2574 3266 2902 3312 venarum
2965 3243 3084 3311 tila

536 3334 878 3402 contrahit
911 3334 980 3401 in
1032 3334 1380 3412 manibus,
1435 3357 1472 3402 a
1525 3345 1713 3423 patre
1756 3333 2019 3402 medico
2069 3332 2258 3402 filius
2303 3333 2638 3402 medelam
2686 3354 2888 3421 parvo
2940 3354 3083 3399 me-

536 3423 817 3493 reberis.
891 3428 1107 3490 Immo
1159 3434 1302 3491 tum
1353 3421 1543 3491 filius
1589 3424 1765 3501 eri5‚
1821 3422 1877 3490 si
1944 3422 2201 3490 mederi
2260 3423 2661 3508 quaesieris.
2716 3427 3080 3506 Nunquam

538 3512 712 3581 duro
748 3534 919 3581 usus
967 3524 1068 3581 est
1099 3512 1425 3579 cauterio.
1456 3511 1753 3601 Imperio
1781 3510 2057 3581 morbos
2090 3512 2425 3590 exturbat,
2461 3512 2747 3581 vulnera
2777 3509 3086 3578 oratione

540 3601 742 3681 lavat,
799 3600 1060 3669 meritis
1110 3599 1244 3668 fata
1291 3612 1507 3668 sanat.
1566 3605 1730 3669 Cum
1784 3599 1926 3668 Elia
1974 3601 2291 3669 clausum
2353 3601 2621 3669 coelum
2692 3600 2757 3666 in
2814 3598 3083 3688 pluvias

534 3690 759 3769 solvit,
841 3710 999 3759 cum
1055 3689 1271 3757 Eliseo
1345 3690 1571 3779 ignem
1625 3687 1812 3758 coelo
1875 3687 2193 3768 demittit,
2253 3689 2370 3759 sed
2434 3688 2667 3757 mitior
2714 3688 3073 3777 extinguit.

534 3780 724 3848 Sicut
754 3779 900 3868 ipse
950 3779 1437 3868 prophetarum
1491 3778 1826 3847 Dominus
1876 3779 2193 3853 fimbriis,
2232 3778 2328 3846 sic
2379 3778 2504 3846 iste
2538 3776 2905 3867 languores
2939 3777 3083 3865 pel-

531 3868 610 3936 lit
649 3867 983 3954 reliquiiS.
1031 3873 1269 3936 Petrus
1319 3867 1388 3935 in
1434 3866 1678 3956 plateis
1740 3865 1987 3951 ejectos
2045 3867 2291 3936 umbra
2344 3866 2663 3935 suscitat:
2720 3866 3078 3934 Maurinus

529 3956 736 4046 longe
785 3958 1083 4046 positum
1137 3958 1326 4026 tenui
1374 3956 1596 4024 famae
1653 3959 1824 4023 aura
1888 3954 1972 4023 de
2023 3955 2193 4023 lecto
2253 3956 2690 4045 desperatum
2759 3955 2826 4035 in
2897 3955 3078 4021 viam

530 4044 775 4114 salutis
822 4046 1089 4115 excitat.
1145 4050 1308 4114 Cum
1375 4045 1582 4114 Paulo
1637 4065 1875 4114 caecos
1925 4043 2189 4112 lumine
2238 4046 2455 4124 vestit,
2521 4065 2680 4112 cum
2735 4042 3079 4130 Slephano

532 4135 618 4203 ad
670 4134 1016 4204 tumulum
1062 4134 1434 4204 surdorum
1470 4155 1672 4203 aures
1704 4133 1945 4221 aperit.
1982 4137 2121 4200 Non
2177 4132 2457 4222 longum
2509 4145 2632 4211 est,
2677 4131 2859 4216 quod
2895 4131 3073 4200 dico.

531 4228 863 4293 Gerouem
899 4223 1274 4310 quemdam
1331 4222 1711 4292 sacerdotio
1759 4235 1823 4290 et
1871 4219 2096 4289 officio
2144 4220 2408 4290 clarum
2475 4222 2565 4290 ita
2623 4222 3078 4311 gravissimus

531 4312 823 4402 languor
881 4312 1218 4402 perculit,
1275 4325 1351 4380 ut
1406 4312 1539 4380 vita
1599 4312 1667 4378 iu
1724 4309 2024 4379 confinio
2060 4310 2298 4378 mortis
2353 4310 2734 4400 palpitaret.
2794 4316 2947 4377 ²lam
3011 4307 3074 4375 ei

531 4402 855 4494 polliceS,
904 4402 1049 4489 jam
1105 4400 1344 4490 lingua
1395 4401 1787 4490 ligabatur,
1843 4421 2001 4470 cum
2076 4420 2366 4489 puerum
2432 4420 2593 4469 cum
2642 4412 2925 4489 argento
2985 4396 3070 4465 ad
