3357 4995
178 323 406 391 JUNII
452 318 528 389 26
894 343 975 390 nn
1020 343 1077 390 s.
1129 343 1461 393 Amanum
1508 344 1743 394 namo.
1796 346 1993 396 muse.
2502 329 2630 396 599

183 428 644 507 consentienS,
679 425 1099 498 monachum
1133 427 1504 515 quemdam
1536 429 1606 497 in
1647 427 1953 500 defuncti
2003 429 2235 501 locum
2296 430 2714 522 subrogavit,

188 515 437 586 missis
483 513 713 604 legatis
760 514 845 583 ad
897 514 1292 585 Pontificem
1345 516 1741 599 Maximum,
1793 519 1913 607 qui
1961 530 2110 589 tum
2160 518 2229 588 in
2271 519 2509 590 Galliis
2573 540 2721 588 mo-

183 603 492 683 rabatur,
531 614 607 673 ut
650 602 802 691 ejus
835 603 1234 674 auctoritate
1276 605 1804 676 confirmaretur
1847 619 1912 677 et
1963 619 2505 678 consecraretur.
2559 607 2722 695 Ejus

183 691 547 783 legationis
594 690 792 760 facile
838 692 1162 783 princeps
1207 704 1274 763 et
1318 693 1457 763 dux
1504 707 1648 765 erat
1709 694 2122 785 Sigibodus,
2180 695 2387 766 homo
2452 707 2720 767 astutus

184 793 263 852 et
331 781 489 851 mira
533 778 865 867 eloquens
898 835 914 860 ‚
972 780 1365 868 multaeque
1411 780 1849 854 literaturae:
1893 784 2013 872 qui
2047 785 2352 856 oratione
2398 785 2611 876 polita
2655 798 2721 856 et

180 869 539 962 phalerata
593 867 792 939 facile
839 869 911 937 in
972 891 1168 940 suam
1221 872 1630 941 sententiam
1684 873 2009 962 pertraxit
2054 895 2171 944 eos
2235 875 2357 962 qui
2413 885 2609 944 erant
2645 875 2719 943 in

182 959 398 1030 curia
428 957 802 1028 Pontificis:
857 970 926 1027 at
971 958 1276 1028 Pontifex
1338 960 1485 1060 ipse
1524 971 1839 1031 neutram
1889 961 2290 1032 electionem
2338 962 2553 1034 voluit
2607 985 2720 1032 ra-

174 1062 342 1119 tam
394 1045 659 1128 habere,
713 1045 1118 1134 distulitque
1184 1046 1425 1138 legatis
1472 1048 1636 1118 dare
1686 1071 2134 1139 responsum,
2189 1073 2326 1121 non
2389 1051 2717 1125 dubitans

175 1138 403 1208 etiam
426 1134 702 1206 alterius
750 1134 965 1226 partis
996 1136 1291 1205 nuncios
1318 1149 1664 1220 ventur08‚
1703 1159 2002 1225 quorum
2037 1140 2334 1210 rationes
2381 1162 2593 1227 aeque
2640 1151 2718 1209 ut

180 1226 498 1318 priortm
547 1223 788 1293 audire
836 1224 1125 1295 volebat.

280 1317 323 1402 ξ
377 1316 519 1385 ²8.
574 1318 840 1383 Interea
883 1312 1193 1383 Christus
1243 1313 1435 1384 illius
1484 1314 1830 1385 Ecclesiae
1880 1338 2117 1386 curam
2169 1316 2437 1408 gerelm,
2477 1317 2717 1387 utilem

185 1417 261 1475 et
312 1403 474 1472 bene
513 1401 841 1471 idoneum
880 1400 983 1470 illi
1012 1402 1386 1472 antistitem
1427 1403 1738 1474 contulit.
1776 1410 1983 1474 Erant
2016 1406 2084 1475 in
2119 1404 2448 1476 fratribus
2481 1406 2716 1475 mode-

190 1491 476 1563 ratiores
525 1489 807 1576 aliquot,
853 1491 1056 1581 pauci
1105 1490 1208 1559 illi
1254 1490 1561 1579 quidem,
1611 1504 1691 1562 ut
1742 1515 2013 1583 semper
2058 1495 2352 1565 rariores
2400 1506 2562 1566 sunt
2609 1517 2717 1565 sa-

187 1576 477 1673 pientffi,
529 1579 786 1665 quibus
834 1580 1149 1649 neutrius
1182 1581 1397 1670 partis
1429 1581 1852 1671 probabatur
1896 1581 2158 1654 electio,
2207 1584 2262 1653 Ii
2309 1594 2609 1653 caeteros
2644 1584 2715 1651 in

185 1668 622 1742 conco·diam
676 1666 984 1759 redigere
1021 1670 1399 1759 cupientes,
1459 1691 1792 1761 magnum
1840 1670 2037 1741 illum
2082 1671 2567 1742 carthusianae
2612 1693 2720 1741 so-

186 1756 503 1829 litudinis
531 1756 861 1826 cultorem
920 1757 1359 1829 Anthelmum
1416 1756 1704 1850 eligunt.
1759 1761 2206 1830 Consentiunt
2266 1759 2406 1830 illis
2471 1759 2720 1847 reliqui

188 1867 434 1919 omnes
459 1844 975 1937 gratulabundi,
1012 1846 1316 1934 adeoque
1347 1847 1550 1917 etiam
1584 1847 1723 1929 ille,
1751 1848 1871 1935 qui
1903 1849 2090 1937 prior
2117 1850 2375 1919 electus
2399 1849 2529 1919 fuit
2557 1871 2716 1919 cum

190 1935 440 2007 amicis
479 1935 648 2014 suiS,
704 1947 848 2003 erat
892 1936 1076 2004 enim
1128 1936 1468 2004 Anthelmi
1528 1938 2111 2027 consanguineus
2179 1939 2303 2007 Sed
2355 1960 2516 2007 cum
2579 1959 2717 2006 non

189 2027 604 2116 ignorffent,
652 2024 803 2092 sine
836 2022 1053 2093 multa
1099 2023 1503 2095 difficultate
1562 2024 1763 2095 illum
1813 2048 1851 2094 a
1905 2026 2298 2097 carthusiae
2347 2025 2719 2098 solitudine

192 2109 411 2183 avelli
452 2133 575 2181 aon
636 2133 856 2202 posse,
914 2111 998 2181 ad
1060 2113 1455 2183 Pontificem
1516 2113 1974 2184 Alexandrum
2079 2137 2314 2205 ropere
2347 2114 2710 2185 abierunt:

242 2200 325 2269 ui
376 2198 473 2268 uli
521 2200 835 2290 cognovit
872 2200 1039 2287 quid
1078 2201 1505 2283 molirentur,
1544 2203 1824 2293 gavisus
1848 2216 1972 2284 est,
2059 2205 2247 2273 icens
2280 2204 2437 2274 illos
2486 2202 2716 2275 felices

190 2225 350 2360 {lore
401 2290 496 2357 tai
544 2301 836 2379 pastore,
878 2289 1143 2377 taleque
1190 2290 1561 2359 consilium
1596 2293 1891 2391 propitio
1923 2297 2054 2362 Deo
2080 2293 2267 2383 ipsos
2298 2292 2711 2382 suscepisse.

194 2384 280 2449 Et
331 2377 536 2466 prino
594 2377 875 2464 quidem
926 2378 1080 2467 pius
1132 2378 1436 2447 Pontifex
1474 2390 1538 2448 et
1590 2391 1758 2448 istos
1803 2392 1868 2449 et
1933 2381 2125 2463 alios,
2179 2382 2302 2468 qui
2348 2381 2436 2451 ad
2485 2381 2716 2471 ipsum

195 2479 535 2547 venerant,
593 2487 714 2557 per
745 2465 1052 2556 seipsum
1104 2478 1392 2537 conatus
1438 2477 1540 2536 est
1579 2467 1648 2536 in
1697 2469 2134 2540 concordiam
2184 2470 2540 2562 redigere:
2597 2469 2715 2540 sed

200 2553 581 2646 Sigibodis,
627 2556 752 2643 qui
779 2577 851 2624 se
875 2555 1108 2624 omnia
1148 2577 1271 2645 pro
1306 2569 1455 2625 voto
1487 2556 1884 2626 habiturum
1939 2560 2242 2648 putabat,
2286 2572 2419 2629 tam
2461 2560 2717 2630 bonam

198 2643 585 2716 electiomm
613 2643 1023 2714 moliebatur
1061 2644 1355 2725 abolere,
1396 2644 1635 2714 multis
1674 2646 2057 2716 rationibus
2089 2650 2486 2719 asseverans
2517 2669 2716 2717 suam

200 2746 460 2812 ratam,
508 2755 661 2802 nanc
719 2755 874 2802 vero
921 2734 1186 2803 irritam
1216 2755 1384 2810 ,esse
1431 2734 1700 2804 debere.
1758 2735 2011 2805 Blande
2054 2758 2209 2807 vero
2268 2738 2710 2816 admonitus,

204 2824 385 2911 quin
436 2832 795 2912 etrogatus
842 2845 884 2891 a
910 2821 1258 2903 Pontifice,
1293 2845 1451 2892 cum
1494 2825 1663 2892 tanti
1713 2826 1927 2894 Patris
1956 2847 2091 2894 non
2133 2838 2358 2915 posset
2406 2826 2720 2896 resistere

205 2911 545 2989 voluntat,
584 2911 840 2981 invitus
889 2912 1164 2980 tandem
1215 2912 1530 2982 assensit.
1582 2912 1918 2983 Omnibus
1958 2914 2187 3001 itaque
2237 2914 2620 2984 conciliatis
2656 2925 2720 2982 et

210 3000 457 3070 animo
495 3000 874 3099 onjunctiS,
929 2999 1230 3070 Pontifex
1279 3000 1458 3069 datis
1504 3000 1589 3068 ad
1639 3001 2077 3072 Anthelmum
2133 3003 2385 3084 literiS,
2438 3007 2719 3094 Aposto-

209 3090 349 3158 lica
384 3099 753 3157 auctritate
801 3090 1168 3178 praecepit,
1222 3101 1299 3158 ut
1345 3089 1686 3159 Ecclesiae
1727 3090 2123 3162 Bellicensis
2146 3093 2274 3181 (a),
2300 3094 2503 3181 cujus
2544 3104 2720 3161 esset

213 3174 501 3268 praesul
540 3176 797 3256 stemus,
837 3199 1074 3246 curam
1117 3178 1466 3267 suscipere
1514 3178 1709 3247 nulla
1756 3181 2114 3250 occasione
2155 3181 2478 3250 differret.
2536 3185 2721 3249 Man-

212 3265 407 3337 davit
455 3264 626 3334 etim
676 3265 891 3334 Priori
927 3267 1321 3336 carthusiae
1367 3279 1433 3336 et
1464 3266 1816 3348 fratribus
1877 3282 1953 3337 ut
1998 3291 2156 3338 eum
2209 3270 2552 3339 traderent
2602 3291 2720 3358 pe-

214 3354 631 3436 tentibus,et
677 3355 736 3422 si
771 3367 1135 3436 recusaret,
1183 3367 1542 3445 praecepto
1590 3356 2097 3446 compellerent.

305 3447 343 3530 §
395 3445 646 3514 natm
693 3443 814 3512 ubi
848 3443 1250 3513 Anthelmus
1279 3443 1521 3514 didicit
1552 3445 1720 3532 quid
1756 3457 2126 3534 gereretur,
2157 3460 2222 3515 et
2261 3447 2409 3533 jam
2475 3447 2716 3526 adesse

215 3533 340 3622 qui
391 3532 589 3620 ipsun
616 3542 841 3602 essent
869 3530 1260 3612 abducturi,
1292 3533 1495 3623 fugae
1524 3555 1595 3602 se
1634 3534 1965 3603 mandare
1989 3535 2366 3615 constituit,
2408 3535 2720 3624 exemplo

218 3619 471 3691 Christi
524 3620 874 3700 SlvatoriS,
935 3622 1054 3707 qui
1085 3619 1376 3690 Judaeis
1422 3643 1579 3691 eum
1622 3644 1864 3712 rapere
1915 3623 2322 3704 volentibuS,
2375 3637 2438 3693 et
2490 3645 2718 3713 regem

218 3709 625 3788 constituen,
680 3708 914 3799 fugam
968 3710 1142 3789 iniit,
1174 3709 1428 3779 docens
1465 3732 1543 3779 ea
1595 3732 1664 3779 re
1697 3710 2068 3801 dignitates
2113 3726 2177 3782 et
2227 3713 2520 3782 honores
2548 3733 2720 3782 neu-

220 3799 484 3884 tiquam
541 3797 929 3878 aibiendOS,
964 3798 1082 3869 sed
1132 3797 1495 3889 fugiendos
1534 3799 1761 3889 potius
1794 3822 1967 3870 esse.
2008 3803 2131 3870 Sed
2169 3802 2499 3871 Dominus
2530 3801 2723 3870 Chri-

227 3898 373 3954 stus
404 3906 536 3954 cur
580 3905 693 3956 em
743 3885 976 3977 fugam
1028 3901 1433 3977 capesseret,
1487 3910 1625 3956 non
1675 3889 2079 3978 ignorabat:
2130 3890 2534 3960 Anthelmus
2567 3912 2723 3960 vero

227 3971 687 4070 propemodm
736 3990 923 4045 extra
972 3997 1043 4047 se
1092 3976 1378 4066 positus,
1405 3977 1587 4064 quod
1636 3976 1910 4059 faceret,
1952 3981 2320 4050 nesciebat.
2360 3979 2714 4057 Dominus,

232 4080 353 4146 qul
401 4082 532 4129 non
584 4084 766 4145 sam,
824 4064 943 4134 sed
992 4066 1209 4136 Patris
1256 4080 1529 4136 venerat
1577 4065 1799 4136 facere
1829 4068 2275 4148 voluntatem,
2331 4068 2588 4137 idcirco
2620 4067 2726 4137 fu-

237 4147 358 4236 git,
412 4148 594 4233 quod
634 4175 875 4245 empus
923 4153 1010 4223 ab
1058 4155 1249 4224 omni
1297 4155 1692 4225 aeternitate
1741 4157 2123 4246 praefixum
2165 4157 2480 4226 nondum
2528 4155 2725 4225 ades-

240 4246 362 4314 set,
414 4257 550 4321 quo
590 4246 826 4312 aPatre
871 4242 1292 4314 clarificatus
1332 4257 1687 4334 regnaret:
1740 4245 2142 4316 Anthelmus
2191 4268 2348 4315 vero
2396 4268 2476 4314 ea
2515 4246 2729 4313 causa

240 4323 621 4393 subducere
654 4353 722 4400 se
799 4331 1049 4412 voluit,
1121 4344 1185 4402 et
1240 4333 1624 4402 necessario
1706 4347 2018 4404 recusato
2067 4335 2491 4414 ministeriO,
2561 4355 2724 4401 suae

289 4446 354 4501 (a)
382 4450 444 4488 De
479 4451 889 4501 Belley:tenicium
919 4459 1031 4500 urbs
1059 4461 1133 4500 est
1166 4460 1356 4506 Galliae,
1390 4460 1619 4509 hodieque
1658 4461 1963 4511 Episcopum.
2004 4462 2260 4512 Brugesiae
2284 4462 2465 4510 (Busey)
2494 4460 2649 4508 caput.
