3357 4995
718 299 845 362 t26
1297 316 1374 361 ΒΕ
1425 315 1480 361 s,
1536 312 1873 361 nemnem
1920 273 2133 361 1:1²1st
2173 313 2250 360 ΕΤ
2296 313 2487 360 mar.
2857 295 3174 380 JUN1145

622 399 1011 470 officiorum
1063 400 1435 480 exactione,
1505 411 1651 467 tum
1696 397 2133 487 praediorum
2186 396 2529 466 ablatione
2578 396 3012 466 destruxere:
3068 396 3177 466 vel

622 488 1001 579 Episcopis,
1056 501 1175 558 aut
1210 488 1416 558 etiam
1451 486 1645 556 laicis
1674 485 2121 573 quibusdam,
2164 485 2337 555 nihil
2393 485 2647 564 minus,
2678 507 2886 572 quam
2927 506 3175 554 mona-

626 577 867 647 sticam
903 576 1302 667 religionem
1355 574 1785 656 curantibuS,
1818 598 1898 644 ea
1923 574 2340 644 destruenda
2381 573 2745 643 tradidere.
2784 579 2860 643 At
2885 573 3174 644 Carolus

625 677 855 735 noster
903 663 1037 733 non
1099 664 1322 735 solum
1387 664 1557 733 nihil
1610 664 1860 733 horum
1912 663 2154 734 secisse
2195 663 2430 743 fertur,
2483 661 2600 732 sed
2651 675 2889 731 contra
2936 663 3172 752 potius

623 754 771 823 loca
818 753 1157 841 quaedam
1208 753 1413 822 etiam
1449 751 1531 822 ad
1566 752 1886 842 Episcopi
1927 752 2255 821 ditionem
2288 750 2670 832 attinentia,
2710 749 3012 840 praediis
3042 750 3175 820 du-

623 842 924 933 plicibus
953 841 1263 923 redditis,
1301 842 1658 911 communi
1684 840 1974 910 consilio
2004 841 2091 910 ab
2119 840 2436 929 Episcopi
2469 838 2727 909 ditione
2760 838 3165 918 absolvisse,

624 932 950 1022 regiaque
998 930 1308 1000 libertate
1354 928 1718 1000 extulisse:
1774 930 1975 1010 sicut,
2023 929 2206 999 verbi
2249 928 2491 1018 gratia,
2561 932 2623 997 S.
2671 930 3165 1014 Emmerammi

621 1019 1155 1090 monasterium:
1211 1017 1650 1108 prophetice,
1716 1018 1818 1087 uti
1869 1040 2041 1098 reor,
2095 1017 2343 1175 Spfflm
2406 1016 3048 1106 praevidens·quod
3098 1030 3165 1085 et

622 1129 750 1178 nos
783 1109 1158 1187 cernimuS,
1210 1120 1277 1176 et
1325 1106 1873 1197 majoresnostri
1892 1109 2036 1197 jam
2074 1107 2175 1196 pri
2273 1127 2334 1172 m
2364 1128 2513 1175 com
2575 1104 2784 1174 letum
2815 1104 3158 1184 viderunt,

622 1217 872 1287 nempe
920 1196 1067 1266 loca
1117 1207 1377 1274 sancta,
1420 1195 1626 1265 rebus
1677 1195 2083 1266 necessariis
2113 1194 2439 1264 omnibus
2489 1216 2525 1262 a
2584 1194 2767 1264 unde
2824 1193 3163 1263 instructa

621 1286 708 1355 ab
733 1285 906 1375 ipsis
932 1283 1438 1364 fundatoribus,
1480 1296 1840 1373 postquam
1872 1289 1918 1352 E
1975 1283 2229 1373 iscopis
2264 1281 2514 1352 tradita
2541 1281 2819 1362 fuerint,
2859 1282 2947 1349 ad
2975 1305 3167 1352 sum-

621 1396 806 1443 mam
863 1373 1169 1463 inopiam
1194 1384 1259 1443 et
1289 1373 1494 1443 totius
1535 1372 1873 1461 regularis
1956 1372 2317 1461 isciplinae
2350 1370 2771 1441 eversionem
2804 1370 3160 1441 redactum

622 1463 733 1531 iri.
795 1467 1021 1547 Neque
1070 1473 1297 1530 tamen
1342 1462 1468 1530 hoc
1526 1461 1614 1529 ita
1664 1460 1886 1550 accipi
1929 1460 2130 1529 velim
2172 1460 2355 1546 quod
2409 1459 2700 1530 sentiam
2747 1461 3164 1529 monasteria

621 1551 858 1619 omnia
904 1571 1082 1636 quae
1115 1550 1469 1640 Episcopis
1509 1548 1821 1636 subjecta
1851 1549 2010 1630 sint,
2047 1548 2392 1617 destructa
2440 1569 2626 1618 esse:
2666 1547 2780 1617 sed
2814 1569 2981 1616 sane
3059 1571 3165 1617 ar-

625 1652 756 1708 tem
810 1639 1207 1707 maximam.
1243 1637 1434 1720 Quod
1462 1636 1741 1724 quidem
1776 1658 1854 1707 eo
1898 1638 2119 1725 magis
2158 1636 2532 1712 dolendum
2581 1652 2646 1705 et
2688 1637 2985 1705 miseran
3049 1658 3162 1704 um

621 1748 770 1798 esse
804 1725 1093 1807 videtur,
1132 1726 1314 1813 quod
1353 1748 1490 1796 non
1539 1727 1625 1795 ab
1673 1724 1816 1794 illis
1857 1725 2021 1794 haec
2072 1725 2239 1794 fiant
2285 1727 2404 1812 qui
2441 1724 2612 1815 legis
2659 1723 2934 1793 divinae
2970 1746 3163 1814 prae-

622 1828 818 1916 cepta
866 1815 887 1883 i
944 1829 1207 1896 nerent,
1261 1815 1378 1884 sed
1421 1836 1461 1884 a
1492 1815 1656 1883 viris
1696 1812 2116 1884 doctissimis
2163 1812 2284 1901 qui
2336 1813 2751 1883 monasteria
2783 1813 2955 1902 ipsis
2979 1835 3164 1883 com-

624 1926 836 1974 missa
923 1916 1324 1984 estruentes‚
1365 1926 1500 1973 non
1552 1903 1775 1972 solum
1834 1903 1960 1992 ipsi
2000 1915 2306 1991 peccant,
2362 1901 2476 1971 sed
2530 1903 2735 1971 etiam
2797 1901 3168 1978 laicis„au·

622 2004 842 2062 ctores
882 2005 1043 2062 sunt
1089 1993 1174 2061 ad
1226 1992 1483 2062 similia
1543 1991 2021 2082 perpetranda.
2076 1992 2243 2073 Quis
2297 1991 2482 2059 enim
2526 1990 2747 2061 laicus
2788 1990 2923 2059 sibi
2975 2004 3161 2080 putet

625 2103 760 2151 non
816 2080 1035 2162 licere,
1065 2080 1245 2168 quod
1285 2081 1572 2150 clericos
1604 2080 1860 2150 audere
1892 2080 2323 2169 conspiciat?

711 2172 746 2256 ἓ
800 2175 951 2241 ⁶35.
1007 2174 1171 2239 Cum
1206 2169 1323 2249 ita,
1363 2169 1793 2249 utdiximus,
1822 2168 2323 2238 Carolomanno
2353 2167 2665 2258 jubente,
2710 2172 2773 2236 S.
2817 2167 3162 2237 Bonisacio

621 2257 1045 2338 consulente,
1100 2257 1417 2346 Synodus
1452 2258 1843 2337 haberetur,
1891 2257 2093 2326 multi
2120 2257 2263 2325 illic
2295 2278 2426 2326 non
2466 2256 2690 2326 solum
2743 2255 2976 2325 clerici
3009 2257 3164 2343 qui-

622 2347 807 2426 libet,
865 2347 1202 2416 haeretica
1300 2346 1581 2415 ravitate
1638 2345 1893 2425 infecti,
1960 2359 2142 2414 extra
2195 2345 2536 2415 Ecclesiae
2596 2345 3160 2415 communionem

623 2435 1095 2538 pellebantur:
1151 2457 1221 2506 se
1318 2435 1521 2503 etiam
1574 2433 1915 2525 Episcopi,
1977 2433 2379 2525 capitalium
2446 2433 2824 2503 criminum
2867 2433 3162 2504 maculis

621 2525 936 2604 mfameS,
972 2523 1517 2614 deponebantur.
1553 2525 1784 2594 Totius
1815 2537 2042 2593 autem
2076 2523 2328 2592 erroris
2359 2523 2480 2610 qui
2509 2536 2651 2591 tum
2690 2522 2757 2590 in
2794 2525 3162 2592 Germania

621 2614 1088 2705 grassabatur,
1144 2612 1499 2702 praecipui
1540 2625 1855 2682 auctores
1903 2613 2042 2682 duo
2102 2612 2290 2714 fuere
2339 2611 2686 2691 haeretici,
2749 2610 3063 2680 Clemens
3100 2625 3164 2681 et

619 2702 1050 2785 AldebertuS,
1099 2700 1186 2769 de
1232 2700 1490 2787 quibus
1537 2714 1771 2790 postea
1819 2723 1978 2771 cum
2030 2699 2367 2800 Epistolas
2406 2699 2492 2768 ad
2542 2700 2933 2769 Zachariam
2989 2705 3162 2769 Pon-

622 2790 878 2861 tificem
913 2789 1107 2859 datas
1159 2788 1671 2878 protulerimu3‚
1727 2803 2190 2880 opportunius
2229 2789 2518 2859 dicetur.
2565 2793 2641 2857 In
2687 2788 2772 2857 iis
2824 2789 3012 2856 enim
3077 2789 3161 2857 il-

622 2880 845 2948 lorum
882 2877 1186 2948 haeresis
1233 2877 1525 2946 exitialis
1572 2889 2175 2947 commemoratur.
2217 2878 2574 2968 Depositus
2609 2890 2770 2947 tunc
2803 2889 2906 2947 est
2953 2878 3162 2947 etiam

623 2966 965 3047 GerviliO,
1029 2966 1465 3057 Moguntinae
1513 2966 1697 3037 sedis
1746 2966 2071 3037 antistes:
2127 2966 2330 3053 cujus
2376 2965 2657 3053 quidem
2709 2963 3164 3055 depositionis

621 3076 833 3126 causa
879 3052 1009 3125 fuit
1056 3054 1246 3123 haec.
1301 3059 1387 3124 Ea
1432 3066 1831 3145 tempestate
1880 3055 2264 3124 Saxonibus
2313 3055 2770 3144 Thuringiam
2833 3054 3163 3125 vastanti-

619 3145 777 3225 bus,
830 3143 981 3233 ejus
1031 3143 1421 3233 provinciae
1489 3144 1803 3213 homines
1864 3143 2344 3213 Carolomanni
2403 3165 2602 3234 opem
2660 3143 3156 3233 implorabant.

623 3232 746 3305 Ille
792 3253 949 3301 mox
980 3232 1347 3303 exercitum
1384 3232 1610 3312 mittit,
1645 3246 1710 3301 et
1756 3254 2036 3301 cumeo
2086 3232 2455 3301 Geroldum
2509 3232 2990 3321 Moguntinum
3022 3234 3166 3322 epi-

623 3343 937 3410 scopum,
1006 3321 1410 3391 Gervilionis
1461 3334 1750 3411 patrem.
1812 3325 1887 3389 In
1938 3322 2090 3410 ipso
2138 3333 2366 3390 autem
2416 3320 2768 3403 conflictu,
2825 3320 3166 3393 Geroldus

622 3433 782 3481 cum
816 3409 1161 3499 plerisque
1195 3410 1349 3479 aliis
1396 3430 1640 3479 caesus
1687 3422 1810 3489 est,
1851 3409 2144 3479 Gervilio
2197 3430 2349 3478 vero
2398 3408 2588 3478 filius
2638 3411 2791 3499 ejus
2885 3410 2961 3478 ui
3012 3423 3159 3480 tum

622 3499 851 3569 adhuc
903 3498 1121 3570 laicus
1148 3499 1219 3567 in
1263 3497 1514 3588 palatio
1549 3497 1970 3576 versabatur,
2015 3498 2082 3565 in
2111 3497 2375 3568 clerum
2417 3497 2831 3568 adsciscitur
2883 3498 3165 3568 eniendi

564 3632 569 3638 ·
622 3587 879 3658 doloris
924 3590 1135 3658 causa
1164 3608 1368 3674 quem
1418 3608 1496 3655 ex
1540 3586 1754 3676 patris
1787 3599 2001 3656 morte
2051 3599 2479 3676 conceperat,
2519 3586 2882 3674 eidemque
2917 3587 2988 3655 in
3026 3593 3166 3658 Μο-

623 3677 915 3768 guntino
944 3676 1344 3767 pontificatu
1373 3675 1810 3774 subrogatur.
1839 3680 1981 3745 Non
2013 3675 2137 3745 diu
2169 3687 2319 3765 post
2351 3675 2893 3745 carolomannus
2919 3698 3167 3746 rursus

622 3765 884 3857 colligit
920 3764 1233 3844 militem,
1288 3763 1753 3853 proficiscltur
1798 3777 2035 3833 contra
2077 3769 2398 3843 Saxones,
2440 3762 2895 3834 Gervilionem
2927 3786 3170 3834 secum

624 3854 839 3924 ducit.
886 3852 1204 3922 ‘Exercitu
1272 3862 1562 3938 utroque
1609 3852 1793 3923 ultra
1845 3854 2154 3939 citraque
2215 3854 2271 3921 ri
2327 3872 2437 3921 am
2488 3852 3169 3945 fluminis,Visurgis

621 3948 891 4027 (auctor
914 3952 1105 4010 vocat
1134 3940 1595 4029 wisaraham)
1624 3941 2044 4011 considente.
2078 3874 2370 4010 Gervifio
2403 3939 2603 4027 jubet
2631 3963 2924 4030 puerum
2956 3965 3170 4011 suum

624 4033 721 4100 ire
769 4030 851 4099 ad
905 4030 1204 4099 hostium
1257 4042 1502 4109 castra,
1561 4030 1928 4120 diligenter
1967 4030 2108 4098 illic
2158 4030 2505 4116 inquirere
2553 4052 2799 4098 nomen
2842 4031 2998 4117 ejus
3048 4031 3173 4117 qui

624 4133 885 4210 patrem
937 4118 1159 4208 ipsius
1210 4118 1658 4187 interfecerat.
1714 4119 1866 4189 Abit
1897 4141 2086 4208 puer,
2120 4119 2325 4209 discit
2350 4140 2430 4187 ex
2459 4118 2758 4204 quodam
2792 4140 2927 4185 non
2964 4118 3175 4210 longe

624 4209 861 4277 abesse
909 4227 1065 4274 eum
1102 4227 1307 4293 quem
1358 4221 1746 4294 quaereret:
1805 4223 2016 4297 rogat,
2052 4221 2127 4276 ut
2159 4208 2242 4275 ad
2286 4206 2552 4276 domini
2599 4208 2708 4275 sui
2735 4205 3172 4294 colloquium

625 4314 991 4388 properare
1018 4293 1196 4364 velit.
1230 4297 1423 4365 Venit
1453 4296 1589 4377 ille,
1622 4310 1686 4364 et
1712 4297 2010 4365 adventu
2038 4297 2188 4383 ejus
2213 4295 2653 4376 denunciatO,
2677 4296 2935 4384 paratis
2966 4297 3172 4382 equis

624 4385 1005 4477 Episcopus
1027 4384 1317 4455 Gervilio
1336 4385 1398 4453 ei
1425 4384 1729 4475 procedit
1748 4385 2046 4465 obviam,
2073 4396 2315 4455 etcum
2340 4386 2411 4454 in
2438 4384 2662 4453 medio
2683 4384 2972 4453 flumine
2990 4385 3176 4455 inter
