3357 4995
1044 164 1073 197 ὁ

217 321 389 389 JUNII
434 324 474 387 2
828 338 909 385 nn
956 337 1150 385 mm
1200 335 1595 386 monuimus.
1648 337 2049 386 nxnrrmaus
2537 322 2612 387 41!

218 425 469 506 vexabat,
504 421 928 525 usqueadeo,
963 435 1042 492 ut
1068 421 1238 491 dum
1268 443 1390 511 per
1420 421 1786 492 hominum
1815 421 2269 509 frequentiam
2299 423 2529 514 palam
2559 446 2719 515 gra·
2752 464 2755 468 ι

214 511 548 594 diebantur,
616 536 639 580 1
693 534 773 582 so
824 510 1022 581 vultu
1061 510 1149 580 ab
1198 510 1526 580 omnibus
1574 510 1734 580 aliis
1783 509 1985 580 facile
2042 511 2702 583 internoscerentur.

211 600 294 670 Illi
327 601 500 672 enim
559 601 631 670 hi
663 622 815 670 ares
861 599 931 669 in
976 599 1341 690 publicum
1406 600 1756 689 progressi
1796 611 1983 680 sunt,
2039 600 2109 669 in
2160 622 2462 688 quorum
2514 601 2712 673 vultu

206 688 367 761 decor
412 690 725 778 quidam,
781 689 1003 779 gratia
1048 700 1114 757 et
1160 700 1516 758 venustate
1566 687 1786 758 multa
1826 708 2152 777 aspersus
2181 744 2196 770 ,
2258 690 2505 759 enituit
2541 745 2556 771 ,
2609 691 2712 761 sic

202 790 258 847 ut
293 779 560 849 vincula
625 778 872 858 etiam,
923 777 1182 864 quibus
1231 776 1416 846 velut
1489 798 1783 867 sponsa.
1840 799 2213 848 aurearum
2264 777 2708 849 fimbriarum

196 868 474 938 varietate
502 867 846 945 decorata,
886 866 1058 935 mire
1083 880 1279 934 erant
1312 865 1661 946 illustrati,
1698 866 2060 957 egregium
2090 866 2465 954 quemdam
2499 888 2704 937 orna-

194 967 311 1026 tum
356 956 492 1026 illis
539 955 876 1044 adjecisse
916 953 1347 1034 viderentur;
1404 966 1544 1023 tam
1594 976 1878 1025 suavem
1927 956 2088 1024 item
2140 967 2207 1025 et
2254 954 2357 1025 fra
2412 968 2703 1037 rantem,

188 1066 252 1113 ex
292 1046 433 1135 ipso
479 1045 748 1116 Christo
777 1043 1266 1132 egredientem,
1301 1042 1621 1114 efflarunt
1647 1043 1958 1126 odorem,
2006 1055 2083 1114 ut
2130 1042 2506 1115 nonnulis
2540 1046 2707 1115 arti-

188 1132 392 1205 ficioso
435 1133 741 1222 quodam
790 1144 1146 1233 unguento
1192 1142 1259 1203 et
1310 1154 1527 1202 manu
1572 1133 1955 1222 composito
2019 1131 2315 1204 delibuti
2379 1145 2710 1223 putaren-

186 1234 299 1291 tur.
346 1224 428 1293 Hi
460 1235 694 1294 autem
734 1219 1043 1302 demissi,
1088 1221 1360 1311 abJecti,
1405 1234 1692 1310 aspectu
1719 1221 2011 1302 horridi,
2058 1235 2171 1292 tur
2224 1221 2708 1313 iignominiae

185 1309 315 1381 labe
355 1310 740 1392 deformati,
792 1334 833 1379 a
880 1309 1256 1401 gentilibus
1306 1330 1532 1399 porro,
1587 1310 1797 1381 veluti
1845 1309 2150 1402 ignavie
2205 1311 2698 1399 aeminatique,

182 1401 424 1488 probris
469 1399 967 1471 contumeliose
997 1398 1244 1480 affecti,
1279 1420 1361 1468 ac
1398 1398 1699 1487 denique
1743 1420 1908 1469 cum
1959 1399 2400 1481 honoratum,
2496 1399 2703 1470 lorio-

182 1509 315 1558 sum
352 1502 416 1560 et
464 1489 769 1559 salutare
810 1509 1058 1558 nomen
1108 1486 1356 1557 Christi
1412 1486 2170 1577 amisissent,‘perinde
2209 1510 2288 1558 ac
2350 1486 2411 1558 si
2523 1490 2702 1558 omi-

179 1576 322 1647 cidii
351 1579 444 1648 rei
492 1578 810 1658 fuissent,
847 1575 1237 1646 homicidae
1273 1576 1421 1666 jam
1471 1575 1826 1667 appellati.
1862 1581 2000 1647 Ista
2027 1576 2149 1647 ubi
2180 1576 2435 1647 caeteri
2461 1599 2699 1648 coram

180 1667 625 1756 aspexissent,
694 1686 1109 1824 magnopere
1178 1664 1480 1735 roborati
1548 1679 1746 1743 erant
1810 1676 1878 1735 et
1935 1666 2173 1736 animo
2238 1666 2691 1736 constabiliti.

180 1755 289 1836 Qui
332 1757 516 1826 enim
549 1754 807 1847 prehen
862 1754 1179 1833 ebantur,
1234 1754 1428 1823 omni
1477 1754 1809 1823 memoria
1839 1753 2229 1825 diabolicae
2258 1755 2700 1845 cogitationis

176 1862 244 1912 ex
286 1845 515 1915 animo
563 1844 895 1935 deposita,
948 1844 1209 1930 absque
1256 1842 1705 1912 haesitatione
1753 1842 1960 1912 fidem
2011 1864 2214 1913 suam
2258 1844 2700 1934 profitentur.

178 1933 278 2002 Isti
323 1956 547 2091 pgrro,
602 1932 846 2023 paucis
891 1931 1116 2002 verbis
1162 1930 1382 2001 obiter
1428 1930 1827 2021 interjectis,
1875 1953 2144 2009 rursus,
2181 1954 2360 2020 quae
2394 1953 2705 2020 sequun-

177 2031 272 2089 tur
312 2043 351 2091 a
406 2024 525 2093 'un
634 2034 734 2090 nt.
1835 2078 1840 2083 .

248 2111 282 2197 ὃ
321 2046 474 2184 1111.
529 2044 657 2182 ἰείῑίιε
687 2109 899 2201 igitur
944 2110 1152 2179 rebus
1181 2108 1533 2189 confectis,
1573 2109 1658 2179 de
1707 2109 1975 2197 reliquo
2018 2110 2372 2199 martyria,
2410 2132 2590 2198 quae
2636 2111 2704 2180 in

175 2196 190 2262 i
237 2219 461 2270 sorum
512 2199 688 2268 vitae
733 2198 919 2268 exitu
951 2198 1395 2277 sufferebant,
1435 2197 1505 2267 in
1539 2219 1856 2286 quaeque
1890 2198 2398 2289 suppliciorum
2449 2221 2705 2290 genera

216 2286 763 2376 ispertiebantur.
816 2286 1168 2374 Siquidem
1218 2307 1433 2356 unam
1468 2308 1792 2357 coronam
1831 2286 2013 2357 beati
2055 2300 2393 2378 martyres
2425 2309 2506 2357 ex
2539 2289 2702 2359 uni-

175 2376 363 2446 versis
416 2389 482 2447 et
530 2376 743 2467 variis
788 2376 1125 2466 cujusque
1172 2374 1444 2466 generis
1493 2375 1803 2447 flosculis
1874 2388 2261 2448 contextam
2326 2376 2706 2467 complica-

176 2473 425 2554 tamque
474 2470 612 2536 Deo
660 2465 839 2536 Patri
884 2463 1302 2535 obtulerunt.
1357 2468 1506 2548 Quo
1552 2464 1743 2536 circa
1812 2486 1935 2556 par
1981 2477 2148 2547 erat,
2203 2486 2577 2556 generosos
2638 2478 2705 2536 et

173 2552 456 2656 insignes
507 2554 627 2625 Dei
665 2554 978 2635 athletas,
1020 2554 1145 2623 ubi
1188 2552 1550 2643 multiplex
1577 2567 1644 2625 et
1672 2553 1946 2624 varium
1999 2555 2314 2644 martyrii
2348 2566 2699 2624 certamen

171 2643 526 2725 subierant,
581 2641 1063 2731 illustremque
1107 2643 1196 2712 ab
1245 2641 1561 2713 hostibus
1613 2654 2048 2733 reportarant
2080 2643 2464 2724 victoriam,
2507 2664 2703 2732 prae-

174 2730 335 2802 clara
374 2731 918 2803 immortalitatis
941 2733 1194 2801 corona
1215 2730 1550 2801 decorari.
1590 2734 1903 2802 Maturus
1926 2752 2117 2822 ergo,
2154 2736 2471 2812 Sanctus,
2505 2730 2706 2800 Blan-

173 2817 313 2890 dina
357 2833 424 2892 et
453 2820 745 2900 Attalus,
778 2821 891 2889 die
921 2841 1080 2890 cum
1119 2819 1355 2890 bestiis
1383 2818 1770 2890 dimicandi
1806 2821 1874 2889 in
1910 2832 2304 2890 nostrorum
2333 2819 2702 2890 bominum

176 2910 539 2981 cruciatum
587 2909 675 2979 de
720 2908 1064 2979 industria
1111 2908 1537 2997 praestituta,
1591 2908 1673 2978 ad
1728 2907 1985 2978 bestias
2031 2908 2505 2990 ducebantur,
2560 2930 2700 2997 quo

176 2998 505 3083 publicum
557 3010 625 3068 et
668 3018 1040 3068 commune
1172 2996 1461 3068 utilibus
1507 2997 2008 3088 spectaculum,
2050 2997 2340 3087 plenum
2374 2998 2702 3067 inhuma-

175 3085 375 3158 nitatis
420 3101 490 3158 et
541 3086 886 3163 saevitiae,
924 3084 1080 3155 exhi
1132 3098 1347 3156 erent.
1397 3089 1612 3173 Atque
1665 3091 2079 3156 Maturus-et
2132 3091 2424 3157 Sanctus
2454 3087 2526 3157 in
2555 3108 2703 3156 am-

176 3172 533 3260 phitheatro
572 3197 778 3247 omne
806 3196 1026 3266 genus
1057 3186 1553 3245 tormentorum
1586 3174 1819 3246 denuo
1867 3175 2192 3258 subeunt,
2232 3175 2519 3266 perinde
2557 3175 2701 3244 acsi

178 3262 321 3333 nihil
378 3264 734 3337 cruciatus
788 3276 990 3334 antea
1052 3262 1345 3333 fuissent
1391 3262 1680 3334 omnino
1743 3265 2078 3354 perpessi,
2133 3263 2347 3334 immo
2405 3285 2563 3334 vero
2624 3276 2700 3332 ut

176 3351 460 3437 athletae,
513 3354 640 3442 qui
699 3352 906 3423 modo
963 3351 1439 3422 adversarium
1507 3373 1629 3442 per
1693 3352 1929 3424 varias
1988 3351 2449 3424 certaminum
2519 3352 2702 3421 vices

176 3449 423 3514 strenue
469 3442 983 3535 profligassent,
1036 3453 1102 3511 et
1134 3463 1260 3530 pro
1302 3462 1555 3511 corona
1588 3442 1766 3511 vitae
1808 3440 1989 3599 ,igsis
2038 3441 2393 3531 proposita
2439 3452 2737 3532 postre·.

176 3545 338 3599 mum
376 3533 525 3622 jam
574 3543 920 3602 certamen
958 3529 1292 3600 haberent
1330 3529 1401 3599 in
1434 3530 1760 3600 manibus
1794 3551 1834 3599 a
1916 3529 2454 3611 conficiendum,
2501 3528 2700 3600 dein—

177 3624 335 3707 legro
377 3633 527 3692 tum
581 3620 943 3690 verberum
994 3616 1451 3707 trajectioneS,
1505 3619 1765 3707 quibus
1800 3618 2120 3688 homines
2168 3618 2312 3688 illic
2349 3618 2556 3720 plecti
2589 3639 2701 3688 so—

178 3699 312 3788 lent,
359 3709 745 3780 sustinent:
799 3720 945 3779 tum
1011 3706 1332 3778 crudeles
1379 3705 1682 3777 serarum
1735 3719 2019 3788 tractus,
2098 3729 2220 3777 um
2278 3706 2417 3778 alia
2463 3706 2702 3777 omnia

178 3795 779 3868 cruciamentorum
828 3817 1104 3888 genera,
1142 3817 1321 3884 quae
1352 3795 1603 3866 insana
1631 3807 1700 3866 et
1732 3794 1994 3867 furiosa
2023 3816 2069 3887 p
2095 3797 2221 3866 ebs
2253 3795 2374 3866 alii
2413 3793 2700 3867 aliunde

178 3899 310 3953 cum
344 3885 827 3957 vociferatione
874 3884 1015 3954 illis
1064 3884 1290 3976 infligi
1331 3884 1822 3975 postulabant,
1882 3898 2027 3954 tum
2089 3884 2345 3955 ferreas
2400 3885 2702 3972 denique
2781 3897 2798 3918 ³

180 3971 511 4046 cathedras
547 3986 614 4046 et
637 3974 895 4066 ignitas
934 3972 1215 4044 illorum
1266 3973 1599 4044 membris
1648 3974 2069 4064 suppositaS,
2119 3973 2380 4063 quibus
2408 3993 2702 4064 corpora

179 4058 395 4135 misere
442 4062 618 4134 frixa
664 4077 730 4134 et
775 4075 1012 4136 exusta
1046 4074 1283 4134 erantt
1338 4073 1404 4132 et
1448 4083 1876 4163 quamquam
1926 4061 2218 4153 gentiles
2268 4060 2588 4154 pestifero
2619 4059 2702 4129 il-

181 4139 373 4224 lorum
433 4152 676 4224 nidore
726 4173 864 4223 non
911 4151 1174 4240 absque
1223 4150 1536 4221 molestla
1592 4149 2115 4234 saturabantur,
2168 4163 2398 4222 tamen
2468 4174 2554 4222 ne
2616 4171 2698 4220 ea

181 4236 424 4317 quidem
459 4263 534 4312 re
566 4240 896 4321 deterriti,
948 4240 1036 4310 ab
1085 4239 1360 4312 insania
1391 4260 1517 4310 sua
1542 4239 1921 4321 desistunt;
1966 4239 2084 4311 sed
2118 4253 2417 4342 pergunt
2462 4239 2695 4311 adhuc

183 4328 370 4418 magis
420 4330 782 4421 magisque
842 4329 1090 4408 furere,
1142 4327 1708 4417 quandoquidem
1757 4327 1900 4398 illis
1938 4328 2009 4399 in
2069 4341 2319 4420 optatis
2364 4342 2532 4409 erat,
2584 4347 2697 4397 eo·

182 4425 307 4483 rum
377 4418 775 4510 patientiam
840 4437 1123 4510 prorsus
1192 4415 1529 4487 evincere.
1621 4421 1978 4488 Caeterum
2047 4419 2135 4488 ab
2209 4418 2361 4509 ipso
2449 4423 2699 4488 Sancto
