3357 4995
184 262 391 328 JUNII
432 265 467 330 4
810 283 887 330 nr.
935 284 989 331 s.
1045 282 1390 332 rnxumseo
1439 279 1829 331 cAnAcmoLO
1876 281 2061 329 cour.
2499 265 2623 330 ⁴07

187 360 412 430 Adurni
460 362 713 434 nobilis
740 363 1137 444 Januensis,
1172 375 1240 433 et
1270 363 1625 434 Fabricius
1674 362 2064 432 Caracciolo
2095 362 2309 433 alium
2341 363 2712 435 Ascanium

189 448 277 517 de
314 450 554 522 familia
604 452 990 523 Caracciolo
1038 452 1109 520 in
1159 464 1424 552 partem
1463 450 1919 522 consiliorum
1962 472 2248 521 suorum
2290 451 2376 521 de
2410 453 2713 542 regulari

192 536 572 611 clericorum
624 542 974 611 minorum
1019 539 1272 610 Ordine
1301 540 1725 610 instituendo
1768 539 2125 609 vocabant.
2167 540 2575 611 Franciscus
2603 563 2712 611 er-

192 647 383 696 rorem
428 629 722 698 minime
782 629 1177 720 suspicatus
1211 684 1227 710 ,
1290 629 1727 700 occasionem
1787 627 2124 698 divinitus
2174 627 2476 699 oblatam
2529 629 2712 699 ultro

188 716 469 807 arripuit,
508 730 576 788 et
624 717 813 788 illico
859 718 1240 809 Augustino
1285 731 1351 789 et
1400 717 1712 789 Fabricio
1761 738 1910 787 sese
1945 716 2373 789 fidissimum
2438 717 2712 817 adjuto-

186 825 304 901 rem
347 807 683 889 exhibuit,
735 807 856 895 qui
896 806 1167 876 divinae
1203 807 1673 907 providentiae
1704 804 1996 876 consilia
2030 805 2452 876 demirantes
2487 805 2711 876 liben-

184 894 417 964 tissime
462 894 670 966 illum
711 895 785 965 in
835 894 1004 965 tanti
1037 917 1077 964 o
1170 917 1266 965 ris
1314 897 1706 966 societatem
1759 916 1912 965 rece
1964 905 2193 965 erunt.

250 986 409 1069 δῦ.
463 989 660 1054 Tunc
725 983 1025 1075 piissimi
1133 984 1152 1053 i
1194 996 1329 1054 tres
1381 985 1507 1054 viri
1570 985 1639 1053 in
1705 988 1913 1054 Cama
1942 983 2343 1055 dulensium
2392 985 2710 1053 eremum

173 1093 365 1161 prope
428 1071 715 1161 Neapoli
780 1071 1109 1163 profecti,
1177 1073 1510 1156 orationi,
1567 1073 1909 1164 jejuniis,
1974 1073 2266 1160 aliisque
2335 1073 2511 1143 vitae
2586 1095 2711 1143 au-

170 1161 579 1231 steritatibus
630 1161 915 1241 intenti,
987 1160 1264 1231 coelesti
1320 1183 1454 1254 ‘ope
1511 1184 1552 1232 a
1610 1167 1803 1232 Patre
1875 1162 2223 1232 luminum
2282 1161 2652 1251 implorata
2687 1216 2702 1241 ,

169 1250 315 1318 novi
359 1249 644 1319 Ordinis
694 1249 876 1340 leges
935 1249 1421 1322 condiderunt.
1484 1256 1731 1321 Beatus
1797 1251 2204 1320 Franciscus
2266 1271 2434 1319 cum·
2476 1255 2711 1340 Augu-

169 1338 339 1408 stino
405 1343 704 1408 Romam
769 1338 973 1418 venit,
1043 1351 1108 1409 et
1154 1360 1193 1407 a
1242 1338 1355 1408 fel.
1427 1361 1560 1409 rec.
1636 1340 1822 1409 Sixto
1876 1344 1925 1407 V
1972 1338 2286 1429 regulam
2335 1360 2372 1406 a
2430 1338 2709 1428 probari

168 1427 500 1506 obtinuit,
564 1448 706 1515 qua
774 1427 1082 1506 scilicet,
1152 1440 1420 1516 praeter
1478 1428 1639 1506 alia,
1709 1426 1981 1497 alumni
2042 1426 2198 1516 ejus
2255 1430 2343 1496 Or
2397 1426 2534 1496 inis
2589 1426 2728 1517 ju-·

166 1515 401 1585 bentur
438 1516 797 1585 continuis
841 1515 1295 1597 orationibuS,
1343 1538 1378 1585 s
1431 1515 1819 1586 iritualium
1867 1537 2155 1606 operum
2196 1516 2703 1596 exercitatione,

165 1617 223 1672 et
249 1626 497 1695 aspera
520 1603 754 1673 carnis
801 1603 1281 1684 maceratione,
1315 1626 1353 1673 a
1436 1627 1634 1677 suam
1663 1604 2101 1692 aliorumque
2135 1604 2709 1675 christifidelium

164 1694 553 1763 animarum
606 1691 899 1763 salutem
946 1705 1013 1762 et
1061 1692 1443 1783 profectum
1494 1714 1758 1773 vacare,
1818 1693 2077 1780 quibus
2125 1693 2333 1763 etiam
2382 1693 2711 1764 ecclesia-

164 1781 356 1850 sticas
405 1781 783 1871 dignitates
832 1803 967 1852 non
1018 1781 1371 1851 ambiendi
1429 1804 1654 1870 neque
1715 1804 1877 1852 acce
1932 1782 2169 1860 tandi,
2217 1782 2353 1852 nisi
2423 1787 2711 1851 Summo

166 1870 483 1939 Pontifice
521 1869 832 1959 jubente,
888 1870 1195 1941 solemne
1242 1884 1478 1941 votum
1530 1884 1695 1941 tunc
1759 1870 1844 1941 ad
1902 1871 2074 1940 itum
2124 1869 2279 1940 fuit.
2351 1869 2713 1961 Spirituali

164 1959 527 2028 <rescientes
573 1958 829 2048 gaudio
879 1959 1007 2028 viri
1043 1959 1163 2032 Dei
1199 1960 1606 2031 Franciscus
1651 1971 1719 2029 et
1749 1960 2177 2049 Augustinus
2223 1959 2581 2048 Neapolim
2610 1979 2711 2027 re·

160 2010 411 2126 ficunt,
468 2059 537 2115 et
584 2046 879 2117 solemni
925 2046 1350 2137 professione
1408 2048 1664 2118 emissa
1695 2104 1712 2123 .
1781 2047 2212 2138 propagandi
2263 2048 2544 2118 Ordinis
2592 2046 2713 2116 de-

159 2135 406 2205 siderio
443 2135 886 2215 inflammati,
931 2136 1138 2205 ambo
1177 2136 1387 2208 simul
1424 2138 1830 2228 Hispaniam
1864 2148 2142 2226 petunt;
2198 2137 2317 2207 sed
2343 2159 2502 2206 cum
2536 2135 2711 2204 nihil

160 2237 314 2294 tunc
366 2223 804 2383 groficerent,
842 2223 1196 2314 Neapolim
1228 2237 1686 2296 revertuntur.
1726 2225 2013 2295 Biennio
2062 2226 2171 2295 vix
2230 2226 2466 2315 elapso
2514 2248 2554 2293 a
2596 2246 2706 2293 so-

162 2313 367 2382 lemni
422 2335 513 2383 us
562 2312 732 2382 votis
781 2313 1228 2403 nuncupatiS,
1295 2315 1721 2404 Augustinus
1769 2314 2023 2383 Adorni
2071 2314 2446 2383 immatura
2494 2325 2714 2383 morte

157 2401 522 2482 decedens,
575 2423 913 2491 magnum
945 2403 1056 2471 sui
1103 2402 1554 2478 desiderium,
1591 2415 1656 2473 et
1707 2403 2140 2492 praeclarum
2177 2403 2512 2472 virtutum
2563 2423 2713 2470 sua·

157 2513 306 2561 rum
355 2490 645 2561 odorem
699 2489 998 2579 reliquit.
1066 2496 1159 2561 Ex
1206 2512 1343 2579 quo
1400 2490 1659 2561 factum
1708 2503 1832 2572 est,
1879 2504 1954 2562 ut
2003 2491 2231 2561 omnis
2274 2488 2711 2581 propagandi

158 2580 598 2670 augendique
656 2579 932 2650 Ordinis
981 2579 1377 2651 sollicitudo
1437 2581 1509 2649 in
1572 2580 2016 2650 Franciscum
2069 2580 2533 2667 incumberet;
2589 2579 2713 2666 qui

162 2670 470 2756 primum
504 2668 805 2758 Neapoli,
839 2680 985 2739 tum
1017 2670 1090 2739 in
1132 2669 1489 2758 Hispania,
1519 2668 1771 2738 deinde
1806 2674 2084 2749 Romae,
2113 2668 2224 2739 sui
2256 2667 2563 2738 Instituti
2595 2668 2716 2737 do·

164 2757 419 2827 micilia
471 2755 807 2826 fundavit.
846 2763 1093 2827 Verum
1128 2758 1199 2826 in
1233 2757 1590 2847 Hispania,
1630 2779 1769 2844 quo
1818 2757 2030 2828 semel
2064 2769 2131 2828 et
2176 2757 2429 2827 iterum
2479 2755 2709 2845 pedes,

168 2846 594 2927 mendicans,
631 2857 697 2914 et
743 2867 987 2936 aspero
1034 2846 1264 2916 cilicio
1321 2846 1759 2937 praecinctus
1808 2866 1881 2915 se
1929 2844 2244 2925 contulit,
2301 2846 2602 2915 multum
2652 2843 2717 2913 ei

165 2932 686 3013 elaborandum,
733 2935 1090 3022 multaque
1146 2933 1910 3025 suerunt-perferenda,
1971 2934 2257 3003 inimico
2299 2934 2579 3003 homine
2619 2933 2716 3002 zi-

167 3022 354 3091 zania
411 3024 1036 3112 superseminante,
1088 3038 1153 3093 et
1210 3022 1588 3099 calumniis
1635 3023 1973 3093 acerrime
2021 3034 2308 3093 conatus
2358 3023 2510 3112 ejus
2574 3035 2714 3091 tur·

169 3109 318 3181 bare
368 3123 699 3180 tentante.
752 3116 831 3181 At
869 3110 1308 3182 difficultates
1365 3112 1650 3182 demum
1722 3112 2210 3201 contrariaque
2256 3112 2494 3181 omnia
2556 3110 2720 3180 vicit

168 3200 573 3270 Franciscus
621 3200 737 3268 Dei
783 3200 1275 3291 omnipotentis
1305 3201 1612 3291 primum
1645 3223 1798 3291 ope,
1844 3200 2096 3272 deinde
2146 3200 2519 3270 virtutibus
2569 3199 2715 3269 suis

168 3288 458 3357 mirifice
495 3288 1115 3379 praefulgentibus,
1155 3290 1536 3379 patrocinio
1583 3289 1863 3360 tandem
1910 3289 2528 3376 munificentiaque
2557 3286 2716 3356 Phi-

169 3374 258 3465 lip
312 3378 435 3446 ill
482 3390 547 3445 et
592 3377 894 3468 Philippi
943 3383 1038 3448 111
1089 3399 1331 3469 regum
1371 3379 1898 3449 catholicorum.
2771 3406 2774 3409 ·

246 3399 413 3553 ξθ.
454 3465 757 3536 Profecto
798 3466 1124 3538 virtutum
1155 3466 1506 3557 splendor,
1540 3467 1801 3554 quibus
1831 3467 1949 3537 Dei
1982 3467 2289 3537 famulus
2313 3464 2712 3544 excellebat,

166 3556 482 3625 omnium
527 3554 867 3626 excitabat
930 3555 1484 3627 admirationem.
1539 3555 2052 3645 Theologicam·
2084 3556 2238 3646 ejus
2286 3554 2494 3624 fidem
2554 3574 2719 3622 cum

168 3641 297 3711 alia
349 3656 763 3733 argumenta
824 3643 1068 3724 multa,
1113 3657 1261 3713 tum
1323 3645 1569 3735 ingens
1619 3644 1797 3714 illud
1847 3643 2186 3724 studium,
2240 3663 2378 3729 quo
2419 3642 2594 3711 alios
2644 3641 2717 3709 in

171 3729 323 3801 fidei
376 3732 763 3821 mysteriis,
815 3732 1293 3803 catechesibus
1351 3744 1417 3802 et
1463 3734 1923 3804 concionibus
1970 3731 2370 3825 erudiebat,
2425 3730 2720 3799 mirifice

167 3818 702 3891 demonstrabat.
760 3825 891 3911 Spe
938 3843 1095 3892 vero
1143 3822 1215 3891 in
1270 3825 1480 3891 Deum
1530 3844 1808 3892 summa
1843 3820 2081 3902 fretuS,
2120 3832 2388 3890 terrena
2435 3818 2719 3906 quaevis

167 3907 246 3977 ad
301 3922 593 3983 mortem
641 3930 862 3997 usque
893 3911 1234 3995 constanti
1269 3911 1506 3980 animo
1555 3909 1890 3999 despexit,
1937 3909 2024 3979 ad
2065 3909 2294 3979 solum
2344 3909 2583 3979 beatae
2621 3908 2720 3976 vi-

168 4008 271 4066 tae
319 3999 707 4088 praemium
755 3999 1118 4077 anhelans,
1170 3998 1358 4086 quod
1408 3998 1542 4068 sibi
1574 4020 1615 4068 a
1652 4004 1809 4077 Deo,
1844 4020 1967 4089 per
1990 3998 2239 4070 Christi
2276 3997 2543 4076 merita,
2574 4018 2721 4065 ma·

168 4107 305 4175 gna
338 4108 499 4157 cum
548 4086 808 4158 fiducia
842 4084 1263 4178 expectabat.
1315 4092 1536 4157 Immo
1597 4108 1685 4157 ne
1733 4088 1806 4156 in
1858 4085 2390 4156 necessitatibus
2434 4084 2720 4175 quidem

171 4174 669 4267 temporalibus
715 4176 1023 4248 divinam
1072 4198 1275 4268 opem
1324 4175 1457 4246 sibi
1507 4197 1820 4263 unquam
1856 4174 2251 4246 defuturam
2303 4195 2718 4264 persuasum

172 4261 492 4345 habebat,
540 4265 895 4335 nonnullis
941 4266 1146 4335 etiam
1199 4263 1536 4357 prodigiis
1591 4264 1661 4333 in
1716 4264 1846 4333 hoc
1900 4252 2379 4345 confirmaqu,
2433 4262 2609 4332 cibis
2658 4261 2722 4330 ei

174 4365 383 4439 atque
408 4352 887 4444 eleemosynis,
922 4375 1083 4427 cum
1117 4354 1415 4424 maxime
1447 4374 1624 4444 opus
1653 4366 1855 4433 esset,
1881 4374 1961 4422 ex
1992 4352 2341 4442 insperato
2366 4350 2715 4421 exhibitis.
