3357 4995
667 335 795 401 382
900 381 921 400 .
1289 354 1368 399 nn
1415 354 1468 400 s.
1524 351 1816 401 sannone
1863 355 2156 402 nisnnnsi
2205 353 2402 401 nmsc.
2765 338 2990 403 JUNII
3045 340 3129 403 16

578 457 657 505 ac
702 423 1037 524 sacrificia
1057 457 1191 535 pro
1221 435 1511 523 peccatis
1555 436 1764 523 (Hebr
1842 434 1929 523 v).
1981 435 2208 504 Primo
2256 435 2570 503 omnium
2618 435 2688 503 in
2739 450 3127 527 conspectu

579 523 786 594 totius
881 521 1075 611 opuh
1109 543 1304 592 sacra
1343 523 1637 592 solemni
1674 545 1861 592 more
1898 523 2267 594 celebravit
2316 535 2505 592 tanta
2536 522 2918 604 devotione,
2967 538 3125 594 tan-

579 625 781 698 toque
865 632 1303 701 acrymarum
1354 611 1559 691 fonte,
1615 625 1694 682 ut
1749 611 1951 682 siccis
1997 634 2152 680 eum
2205 611 2428 682 oculis
2478 611 2547 680 hi
2604 613 2863 700 quibus
2910 615 3127 685 etiam

580 722 780 773 saxea
826 713 1019 769 erant
1064 698 1272 768 corda
1304 700 1529 770 videre
1558 721 1694 769 non
1731 714 2026 790 possent.
2067 701 2292 770 Sacris
2344 723 2496 770 vero
2546 701 2616 768 in
2653 702 2961 771 medium
3004 703 3129 772 de-

580 789 833 868 ductiS,
886 788 968 857 ad
1033 787 1299 889 plebem
1371 810 1765 869 conversuS,
1837 789 2150 879 populari
2217 790 2438 880 primo
2490 789 2730 879 lingua
2781 791 2864 859 de
2929 791 3128 862 Chri-

458 875 496 936 ‘·
579 877 842 948 stianae
889 876 1051 946 fidei
1100 878 1514 967 praestantia
1546 900 1626 948 ac
1673 877 2031 967 dignitate,
2091 878 2174 946 de
2202 878 2491 949 colendo
2538 897 2815 948 summo
2843 902 2924 949 ac
2967 903 3128 950 vero

582 971 738 1047 Dec,
776 966 1270 1052 beatorumque
1303 966 1675 1055 spirituum
1719 967 2017 1057 gaudiis,
2050 980 2114 1036 et
2149 967 2488 1037 malorum
2536 969 2917 1051 tormentiS,
2964 992 3126 1059 gra-

580 1055 803 1146 phice,
858 1076 1246 1144 magnaque
1293 1054 1749 1125 admiratione
1796 1056 2109 1125 omnium
2158 1055 2472 1125 elocutus
2518 1070 2642 1125 est.
2793 1071 2800 1080 ·

668 1147 705 1231 ἓ
750 1148 898 1217 13.
952 1142 1207 1212 Deinde
1233 1143 1318 1212 ad
1361 1144 1735 1213 Canonicos
1766 1143 2174 1230 clerumque
2207 1165 2598 1214 sermonem
2628 1145 2960 1245 dirigens,
2999 1147 3123 1215 tali

579 1253 695 1302 eos
726 1233 1033 1302 oratione
1064 1232 1312 1301 affatus
1350 1246 1487 1302 est:
1525 1257 1559 1298 «
1614 1232 1900 1315 Quando
1927 1237 2120 1302 aDeo
2168 1232 2423 1303 factum
2474 1247 2596 1312 est,
2665 1234 2790 1301 viri
2847 1234 3116 1313 fratres,

579 1343 659 1391 ac
706 1320 999 1400 domini,
1064 1332 1141 1389 ut
1200 1342 1423 1409 neque
1468 1322 1795 1412 cogitanti
1852 1322 2024 1390 mihi
2083 1344 2302 1409 neque
2372 1320 2702 1391 ambienti
2763 1322 2874 1391 hic
2924 1323 3122 1394 locus

576 1410 791 1498 (quod
845 1410 1045 1480 nobis
1107 1408 1265 1479 felix
1333 1410 1658 1497 utrinque
1707 1411 2148 1497 faustumque
2199 1410 2500 1498 maneat)
2544 1410 2929 1482 destinatus
2976 1414 3115 1481 sit:

576 1520 702 1598 ego
750 1497 1075 1588 deinceps
1114 1498 1452 1567 Ecclesiae
1494 1498 1656 1569 huic
1697 1511 1953 1568 vestrae
1979 1499 2452 1590 dignissimae,
2479 1500 2771 1588 ejusque
2803 1521 3117 1569 commo—

577 1586 685 1656 dis
732 1609 812 1656 ac
859 1586 1103 1655 honori
1145 1588 1323 1655 lianc
1370 1587 1702 1666 animam,
1763 1601 1828 1656 et
1878 1587 2216 1674 quidquid
2270 1588 2337 1656 in
2394 1609 2501 1655 me
2548 1602 2649 1656 est
2692 1587 2900 1677 (quod
2956 1591 3119 1657 novi

576 1696 785 1761 quam
824 1681 910 1745 sit
957 1675 1317 1765 exiguum)
1363 1689 1576 1746 totum
1632 1675 1957 1765 polliceor
1995 1700 2071 1745 ac
2101 1676 2415 1745 devoveo.
2452 1682 2678 1763 Neque
2720 1675 2904 1747 ullus
2939 1677 3117 1746 mihi
3192 1686 3198 1690 ’

576 1763 770 1832 labor
816 1764 1042 1854 gravis
1088 1764 1238 1843 erit,
1297 1786 1420 1834 nec
1467 1787 1698 1834 amara
1756 1765 2060 1854 pericula
2109 1787 2285 1851 quae
2315 1765 2510 1834 nobis
2562 1778 2785 1834 tamen
2838 1766 3110 1836 charis-

577 1852 735 1922 simi
788 1853 1027 1922 sratres
1069 1852 1238 1942 (nisi
1271 1876 1348 1922 ex
1383 1853 1519 1923 alto
1571 1858 1746 1922 Deus
1780 1854 2125 1941 averterit)
2156 1868 2221 1923 et
2254 1853 2469 1923 multa
2500 1868 2564 1923 et
2598 1876 2847 1944 magna
2880 1854 3116 1924 immi-

577 1955 778 2010 nent:
832 1940 1211 2011 dummodo
1274 1954 1590 2024 vestram,
1654 1942 2001 2028 hu‘usque
2067 1943 2236 2010 mihi
2294 1943 2705 2012 commissae
2773 1942 3115 2014 Ecclesiae

575 2030 889 2109 salutem,
948 2031 1273 2100 honorem
1323 2054 1403 2100 ac
1457 2052 1730 2101 commo
1783 2055 1898 2100 um
1933 2032 2057 2120 (ita
2111 2045 2180 2100 ut
2218 2031 2476 2100 bonum
2514 2031 2703 2100 decet
2738 2036 3117 2122 pastorem)

573 2119 902 2188 omnibus
937 2118 1184 2198 modis,
1223 2133 1288 2188 et
1337 2141 1460 2209 pro
1515 2118 1695 2188 virili
1732 2142 2191 2209 promoveam.
2249 2126 2371 2189 Pro
2411 2142 2547 2205 quo
2585 2138 2805 2206 neque
2872 2134 3113 2210 poten-

573 2207 745 2276 tium
781 2207 1033 2276 timebo
1062 2208 1307 2288 minaS,
1348 2230 1567 2295 neque
1604 2230 1829 2277 rerum
1874 2208 2482 2287 admittendorum,
2514 2222 2633 2277 aut
2661 2209 2874 2298 hujus
2902 2210 3111 2279 etiam

571 2296 971 2386 corpusculi
1003 2297 1352 2396 jacturam
1397 2319 1504 2366 ma
1560 2297 1908 2366 nifaciam.
1957 2303 2082 2366 Vos
2114 2311 2344 2366 autem
2384 2298 2814 2367 orationibus
2845 2321 2925 2366 ac
2963 2322 3110 2389 pre·

568 2385 768 2455 cibus
819 2397 1057 2455 vestris
1107 2406 1215 2454 me
1261 2384 1514 2473 adjuva
1568 2385 1702 2455 itis.
1758 2391 2205 2476 summopere
2251 2387 2432 2455 enim
2480 2385 2652 2454 milii
2709 2386 2931 2476 placet
2989 2388 3112 2455 de-

572 2474 748 2559 yotio
781 2486 1020 2556 vestra,
1073 2487 1137 2543 et
1186 2475 1356 2545 bene
1413 2476 1723 2545 instituta
1775 2474 2054 2565 religio:
2101 2499 2277 2563 quae
2326 2497 2366 2543 a
2421 2475 2902 2546 decessoribus
2940 2475 3112 2546 meis

568 2564 1026 2635 sanctissimis
1060 2564 1296 2654 procul
1330 2565 1544 2635 dubio
1593 2565 1755 2633 viris
1789 2579 1921 2634 tarn
1952 2565 2270 2635 decenter
2299 2565 2616 2634 ordinata
2660 2565 2906 2653 (Deum
2951 2568 3107 2656 Opt.

568 2658 738 2721 Max.
793 2674 912 2721 oro
965 2676 1043 2721 ac
1101 2653 1415 2742 obsecro)
1464 2675 1613 2722 meo
1646 2654 1852 2722 etiam
1905 2668 2207 2744 tempore
2259 2654 2328 2721 in
2376 2655 2570 2743 pejus
2620 2658 2778 2722 non'
2808 2653 3106 2733 labatur,

564 2741 683 2811 sed
788 2764 863 2811 ro
898 2741 1104 2811 laude
1142 2764 1223 2810 ac
1254 2741 1472 2831 gloria
1505 2742 1728 2832 ipsius
1769 2764 2041 2833 semper
2074 2744 2293 2832 magis
2340 2764 2420 2811 ac
2470 2742 2692 2833 magis
2728 2755 2990 2811 crescat
3043 2744 3112 2811 in

562 2829 691 2899 hoc
769 2852 932 2901 oco:
988 2844 1065 2900 ut
1107 2852 1231 2920 pro
1271 2832 1627 2900 communi
1682 2831 1952 2900 tandem
1998 2831 2227 2901 labore
2253 2843 2317 2900 et
2354 2832 2486 2900 vita
2537 2833 2709 2901 bene
2738 2844 2890 2900 acta
2920 2853 3113 2900 com—

564 2940 847 2988 munem
905 2941 1294 2988 mereamur
1334 2919 1543 2989 simul
1597 2918 1863 3008 ingredi
1909 2919 2258 3001 laetitiam,
2311 2933 2374 2988 et
2422 2933 2690 3009 optatae
2740 2919 3110 2989 beatitudi-

562 3008 673 3077 nis
715 3009 1041 3094 consequi
1094 3007 1586 3077 mercedulam.
1628 3032 1662 3073 »
1695 3009 1802 3077 Sic
1835 3008 2036 3090 fatus,
2074 3022 2138 3077 et
2184 3008 2571 3079 astantibus
2604 3008 2949 3097 lacrymas
2997 3032 3115 3078 ex-

562 3096 805 3176 cussit,
859 3110 922 3165 et
972 3097 1117 3186 ipse
1164 3097 1366 3165 etiam
1402 3097 1733 3166 flentibus
1790 3096 2011 3167 oculis
2048 3098 2134 3166 ad
2175 3097 2593 3187 perficienda
2642 3119 2837 3167 sacra
2871 3110 3113 3188 coepta

562 3206 874 3256 reversus
922 3198 1045 3253 est.

645 3276 680 3359 ξ
727 3279 868 3346 14.
926 3278 1126 3342 Vetus
1183 3274 1615 3362 proverbium
1667 3287 1809 3343 est:
1869 3275 2302 3364 Magistratus
2370 3274 2592 3342 viruin
2654 3274 2977 3343 ostendit.
3034 3280 3111 3345 Et

560 3361 857 3450 profecto
894 3374 1153 3448 quanta
1182 3361 1388 3431 fuerit
1436 3362 1804 3452 prudentia
1840 3364 2280 3432 beatissimus
2324 3375 2551 3431 noster
2600 3368 2851 3442 Benno‚
2879 3384 3108 3449 ¹quam

563 3449 890 3540 providus
940 3450 1007 3517 in
1050 3450 1361 3531 consili0‚
1406 3472 1614 3537 quam
1641 3453 1877 3540 justus
1920 3453 1986 3520 in
2032 3451 2322 3541 jndicio,
2363 3473 2495 3520 non
2539 3465 2697 3521 ante
2743 3454 3094 3542 apparuit,

554 3559 764 3625 quam
815 3539 883 3606 in
938 3551 1123 3608 tanto
1170 3538 1325 3609 fasti
1379 3540 1441 3609 io
1473 3541 1891 3609 constitutus
1917 3553 2039 3611 est.
2089 3546 2314 3627 Neque
2362 3540 2548 3608 enim
2579 3563 2620 3609 a
2667 3540 2949 3619 dextris,
2991 3564 3109 3611 ne-

551 3648 687 3714 que
736 3650 773 3695 a
823 3628 1123 3699 sinistris
1154 3650 1304 3697 rece
1357 3650 1501 3710 enS‚
1535 3630 1770 3698 omnia
1818 3652 2296 3716 quaecumque
2338 3629 2540 3698 verbo
2569 3630 2858 3709 monuit,
2905 3629 3104 3699 factis

552 3716 700 3805 ipse
748 3716 1175 3806 adimplevit.
1215 3723 1353 3786 Non
1388 3739 1786 3807 pomposuS‚
1829 3740 1964 3787 non
2014 3718 2273 3787 elatus:
2308 3718 2445 3787 sed
2481 3739 2688 3807 opera
2717 3742 2843 3789 sua
2880 3718 3105 3789 multa

547 3826 711 3895 erga
761 3826 1097 3895 pauperes
1148 3806 1395 3897 pietate
1421 3806 1732 3876 ornabat.
1767 3811 1982 3876 Suum
2016 3806 2142 3876 hoc
2196 3806 2419 3876 solum
2473 3829 2622 3876 esse
2663 3820 2879 3881 ratus.
2914 3806 3103 3894 quod

550 3893 780 3961 nudus
832 3894 1170 3984 inopsque
1218 3897 1287 3964 in
1337 3895 1527 3965 hunc
1562 3895 1907 3965 mundum
1950 3898 2266 3966 venisset.
2308 3896 2642 3995 Inprimis
2683 3919 2840 3965 cum
2893 3896 3105 3965 eccle-

548 3982 984 4051 siasticarum
1048 4005 1275 4053 rerum
1327 3996 1392 4052 et
1446 3984 1662 4052 divini
1716 3985 1945 4054 cultus
1994 3984 2260 4053 solicita
2310 3984 2413 4052 illi
2470 4008 2633 4054 cura
2688 3985 2837 4053 fuit.
2911 3985 3102 4053 Unde

545 4092 705 4139 cum
758 4071 1203 4158 antiquorum
1247 4094 1432 4142 more
1478 4073 1895 4163 irregulatus
1945 4074 2173 4143 adhuc
2221 4090 2398 4144 essct
2448 4074 2514 4142 in
2567 4072 2856 4144 ecclesia
2907 4074 3101 4143 Miss-

545 4161 740 4229 nensi
788 4174 1035 4230 cantus
1066 4161 1166 4249 (id
1225 4162 1406 4249 quod
1475 4161 1631 4231 aliis
1682 4163 1888 4231 etiam
1955 4164 2021 4231 in
2086 4162 2250 4231 locis
2302 4162 2529 4231 videre
2581 4163 2734 4230 licet
2786 4184 2864 4230 ex
2914 4163 3098 4230 anti-

541 4249 902 4335 quissimis
941 4249 1362 4337 quibusdam
1413 4250 1877 4320 Gradualibus
1911 4265 1976 4321 et
2025 4251 2538 4340 Antiphonariis
2577 4252 2679 4337 [ut
2701 4253 2966 4338 vocant]
3026 4252 3094 4319 in

538 4338 797 4426 quibus
825 4338 1057 4420 unica,
1085 4351 1203 4410 aut
1249 4340 1454 4408 etiam
1490 4340 1684 4409 nulla
1724 4339 2072 4409 interdum
2125 4339 2329 4420 linea,
2366 4340 2741 4430 paucisque
2788 4361 2870 4408 ac
2901 4338 3093 4407 indi-

543 4429 782 4499 scretis
824 4428 1081 4501 notulis
1127 4440 1446 4499 contenta
1478 4427 1606 4499 fuit
1648 4428 2076 4518 antiquitas),
2131 4433 2362 4499 Benno
2395 4440 2622 4499 noster
2646 4426 2804 4497 data
2846 4430 3078 4519 opera,
