3357 4995
338 189 377 210 l

267 342 459 413 JUNII
509 348 549 413 3
1104 368 1181 415 nr.
1229 370 1285 415 s,
1339 368 1652 418 urnalmo
1700 368 1940 416 Annus
2621 353 2706 417 99

266 445 575 515 vilitatem
607 445 1178 535 amplectebatur.
1219 448 1410 519 Sicut
1437 461 1666 520 autern
1703 461 1905 519 antea
1936 447 2301 517 hominum
2337 447 2781 530 secularium,

262 532 422 605 inter
465 555 644 622 quos
693 534 978 616 vixerat,
1052 556 1277 607 mores
1324 550 1389 607 et
1435 537 1642 608 vitam
1695 537 1952 607 sanctis
2015 535 2265 606 studiis
2312 535 2518 627 longe*
2579 559 2787 627 supe-

260 636 470 693 rarat:
532 623 628 694 ita
687 624 833 713 jam
904 626 1328 696 monasticen
1389 625 1815 717 complexus,
1869 627 1940 695 in
1990 624 2585 695 sanctissimorum
2641 648 2787 696 mo-

256 713 630 870 nachoriJum
672 712 1001 802 vestigiis,
1049 713 1224 784 vitae
1272 715 1689 805 perfectione
1709 713 2196 796 consectanda,
2229 714 2789 785 constantissime

252 814 485 872 insiste
537 812 628 870 at.
1240 809 1248 816 “

328 891 364 977 ξ
408 893 508 961 8.
563 895 695 960 Nec
736 888 1107 963 defuerunt
1134 891 1197 962 ei
1233 892 1570 963 miracula
1595 915 1775 981 quae
1813 891 2197 963 sanctitatis
2225 890 2380 991 ejus
2406 912 2541 960 non
2573 891 2791 961 dubia

244 989 475 1048 essent
518 977 955 1050 documenta.
1024 984 1101 1048 In
1152 982 1382 1051 eremo
1430 981 1551 1051 illa
1595 982 1720 1051 ubi
1768 981 2192 1062 morabatur,
2259 980 2589 1050 immanis
2645 993 2792 1050 erat

242 1089 574 1158 serpens:
629 1087 755 1137 nec
804 1066 1005 1226 longe
1048 1067 1207 1139 fons
1253 1069 1510 1153 aberat,
1594 1071 1981 1142 ratissimas
2027 1069 2329 1140 fundens
2369 1089 2609 1155 aquas,
2666 1070 2786 1140 sed

240 1156 320 1224 ad
371 1177 552 1245 quas
602 1155 893 1227 haurien
948 1179 1024 1227 as
1072 1179 1236 1247 prae
1286 1159 1500 1249 huJus
1594 1159 1808 1230 estiae
1856 1171 2044 1229 metu
2091 1179 2296 1228 nemo
2345 1179 2559 1227 ausus
2608 1170 2788 1229 esset

241 1245 590 1327 accedere,
626 1256 893 1335 praeter
924 1246 1170 1317 Christi
1220 1246 1545 1318 athletam
1583 1247 2008 1339 Liphardum
2049 1259 2115 1316 et
2159 1247 2312 1337 ejus
2361 1245 2818 1337 discipulum-

245 1333 628 1404 Urbicium.
682 1338 750 1403 Is
783 1355 1088 1425 serpens,
1128 1336 1311 1407 malo
1350 1357 1510 1407 eum
1549 1349 1960 1427 perurgente
1993 1335 2350 1416 daemone,
2389 1355 2664 1405 summa
2695 1335 2790 1404 fe-

244 1424 439 1494 ritate
472 1422 559 1492 ad
591 1422 718 1491 viri
752 1423 867 1493 Dei
914 1423 1391 1496 habitaculum
1442 1425 1875 1516 properabat,
1914 1447 2070 1496 eum
2112 1424 2314 1515 plane
2354 1423 2780 1514 perditurus

239 1516 377 1581 Non
433 1511 694 1583 latebat
738 1510 807 1580 id
858 1511 1205 1582 hominem
1266 1514 1406 1583 Dei.
1462 1518 1772 1584 Accitum
1813 1536 1976 1605 ergo
2033 1512 2384 1583 Urbiciurn
2434 1513 2640 1582 mittit
2693 1513 2781 1583 ad

237 1622 395 1670 eum
432 1600 691 1682 locum,
726 1600 847 1670 ubi
878 1602 1027 1691 jam
1077 1615 1357 1672 noverat
1393 1624 1545 1674 esse
1591 1614 2003 1694 serpentem,
2048 1624 2171 1672 nec
2222 1614 2448 1672 tamen
2493 1600 2777 1682 indicat,

238 1711 362 1759 cur
411 1690 644 1779 ipsum
696 1709 776 1760 eo
825 1690 1092 1771 mittat,
1158 1702 1235 1761 ut
1282 1691 1432 1782 ejus
1478 1691 1689 1762 fidem
1754 1690 2092 1782 probaret.
2160 1690 2478 1761 Urbicius
2519 1690 2653 1760 cito
2702 1713 2781 1760 eo

238 1779 507 1858 abienS‚
566 1776 1127 1849 horridissimum
1177 1793 1564 1871 serpentem
1615 1781 1746 1850 sibi
1787 1780 2006 1851 cernit
2053 1780 2285 1849 venire
2332 1779 2631 1859 obviarn,
2673 1781 2782 1847 ni-

237 1868 522 1954 mioque
571 1880 823 1936 terrore
871 1877 1252 1957 correptus,
1300 1869 1369 1938 in
1421 1868 1629 1959 pedes
1676 1891 1751 1940 se
1797 1868 2098 1960 conjicit,
2143 1867 2484 1954 refertque
2540 1867 2626 1937 ad
2684 1870 2784 1937 vi-

236 1978 398 2025 rum
442 1955 560 2025 Dei
608 1954 777 2041 quid
828 1956 898 2023 in
949 1955 1059 2025 via
1089 1956 1358 2028 viderit.
1399 1963 1569 2028 Tum
1622 1958 2012 2049 Liphardus
2071 1956 2340 2058 placide
2370 1955 2776 2026 subridens:

236 2048 371 2113 Cur
421 2044 741 2124 timuisti,
780 2043 1028 2132 inquit,
1082 2045 1395 2116 modicae
1441 2046 1649 2116 fidei?
1697 2046 2022 2134 deditque
2070 2046 2172 2116 1lli
2206 2046 2309 2115 vir
2361 2067 2496 2126 am,
2523 2045 2784 2135 Jubens

236 2146 312 2202 ut
342 2133 863 2222 imperterritus
905 2132 1097 2203 illam
1140 2134 1271 2205 sub
1305 2136 1642 2226 serpentis
1668 2148 1951 2226 aspectu
1989 2135 2188 2204 humi
2218 2134 2304 2204 de
2334 2147 2569 2224 1geret.
2606 2135 2784 2204 Abiit

234 2220 375 2302 ille,
434 2221 810 2308 Crucisque
842 2222 1043 2312 signo
1093 2224 1430 2305 munitus,
1470 2224 1628 2294 fecit
1673 2224 1854 2312 quod
1897 2225 2146 2314 jussus
2192 2236 2361 2293 erat.
2416 2228 2621 2293 Porro
2671 2225 2777 2292 Li-

237 2309 554 2399 phardus
601 2309 687 2379 ad
725 2332 959 2399 preces
985 2333 1056 2382 se
1079 2311 1462 2393 conferem,
1502 2314 1788 2404 rogabat
1812 2313 2206 2390 Dominum,
2241 2325 2319 2381 ut
2351 2312 2778 2382 teterrimum

234 2400 610 2469 draconem
660 2402 1046 2489 perimeret.
1103 2401 1462 2471 Exaudivit
1494 2415 1801 2473 orantem
1840 2402 2198 2473 DominuS.
2237 2399 2457 2470 Simul
2486 2400 2672 2469 enim
2702 2414 2780 2470 ut

235 2489 502 2579 aspexit
549 2486 757 2558 draco
805 2489 1093 2579 virgam,
1147 2489 1571 2561 furibundus
1631 2491 1956 2574 accurrit,
2009 2512 2225 2578 osque
2272 2512 2478 2560 suum
2530 2487 2613 2558 ad
2666 2512 2781 2559 ca-

233 2590 359 2677 put
404 2577 638 2667 virgae
684 2577 1024 2659 attollenS,
1062 2600 1353 2666 eamque
1403 2580 1749 2662 mordenS‚
1804 2580 2287 2651 connitebatur
2355 2577 2776 2648 confractam

233 2688 301 2734 in
356 2666 589 2735 solum
625 2664 943 2752 dejicere.
986 2666 1111 2737 Sed
1156 2668 1476 2756 precibus
1523 2670 1651 2738 viri
1704 2670 1818 2739 Dei
1854 2668 1923 2737 id
1972 2668 2289 2737 effectum
2319 2679 2443 2746 est,
2475 2679 2553 2736 ut
2587 2665 2783 2735 nullo

233 2766 438 2844 pacto
489 2754 854 2825 incurvare
890 2775 1043 2826 eam
1077 2770 1338 2847 posset:
1376 2778 1676 2845 cumque
1709 2757 2039 2827 immanis
2073 2755 2305 2826 bellua
2336 2756 2428 2824 ita
2455 2754 2783 2854 penderet

233 2856 519 2934 propter
553 2842 722 2914 vasti
769 2844 1077 2935 corporis
1115 2868 1321 2935 grave
1368 2845 1667 2936 pondus,
1717 2845 1875 2915 ilico
1923 2866 2038 2915 cre
2090 2843 2329 2914 uit.’Id
2359 2842 2480 2913 ubi
2528 2864 2782 2934 cogno-

230 2934 325 3001 vit
354 2933 464 3001 vir
496 2933 636 3011 Dei,
688 2953 847 3002 cum
897 2933 1242 3023 discipulo
1293 2956 1418 3005 suo
1465 2934 1633 3004 abiit
1682 2935 1904 3004 visum
1957 2935 2040 3004 he
2074 2933 2286 3015 luam,
2326 2945 2391 3001 et
2442 2953 2563 3022 pro
2590 2945 2778 3001 tanto

235 3020 579 3091 miraculo
626 3020 882 3112 gratias
915 3022 1181 3092 Christo
1220 3024 1381 3115 egit.
1421 3024 1908 3095 Habitaverant
1948 3035 2177 3093 autem
2215 3022 2285 3091 in
2319 3020 2439 3089 illo
2464 3033 2780 3111 serpente

234 3111 434 3180 multi
490 3109 862 3179 daemones
908 3111 1029 3198 qui
1076 3110 1198 3182 illo
1244 3114 1561 3194 extinctO,
1605 3112 1944 3182 terribiles
1992 3112 2251 3181 dabant
2291 3131 2411 3200 per
2457 3113 2617 3179 aera
2645 3110 2782 3178 cla·

235 3221 489 3279 mores,
522 3199 617 3268 ita
665 3211 743 3268 ut
788 3200 998 3268 vicini
1046 3201 1229 3270 ruris
1277 3202 1694 3273 habitatores
1726 3201 2049 3281 exterriti,
2089 3201 2268 3269 inter
2315 3220 2386 3269 se
2419 3199 2780 3288 perquire-

235 3300 407 3368 rent,
463 3287 798 3375 quidnam
850 3288 980 3358 hoc
1011 3301 1212 3360 esset.
1248 3291 1606 3360 Timebant
1652 3302 1883 3361 autem
1924 3290 2294 3360 draconem
2345 3310 2383 3356 e
2431 3309 2556 3356 suo
2584 3299 2781 3357 antro

237 3397 707 3467 progressum,
756 3378 992 3447 omnia
1038 3388 1378 3449 vastatum
1419 3380 1673 3449 venire.
1723 3384 1889 3449 Cum
1940 3391 2167 3448 autem
2220 3378 2600 3466 arrigerent
2661 3398 2781 3446 au—

236 3485 345 3534 res
392 3487 598 3535 nosse
646 3466 1006 3555 cupientes
1053 3488 1228 3554 quae
1278 3489 1473 3538 voces
1520 3468 1909 3550 ederentur,
1964 3467 2259 3536 audiunt
2308 3464 2632 3554 Liphardi
2664 3486 2783 3534 no-

236 3576 391 3624 men
437 3553 819 3644 appellari:
876 3576 1169 3642 moxque
1216 3556 1300 3625 ad
1353 3557 1796 3627 solitudinem
1849 3556 2193 3636 advolant,
2258 3555 2447 3624 taciti
2496 3553 2781 3643 Liphar-

234 3641 404 3712 dum
448 3644 836 3729 requirunt.
882 3644 1303 3714 Verebantur
1346 3647 1558 3727 enim,
1597 3668 1683 3714 ne
1732 3668 1770 3713 a
1803 3644 2123 3724 dracone,
2171 3644 2227 3713 si
2264 3645 2323 3714 is
2363 3656 2776 3733 superesset,

234 3730 626 3801 ferirentur.
688 3738 764 3801 Ut
831 3744 1060 3802 autem
1128 3734 1541 3804 invenerunt
1598 3745 1913 3823 sanctum
1981 3735 2206 3804 virum
2273 3732 2495 3802 solitis
2557 3731 2779 3821 preci-

234 3818 367 3890 bus
416 3822 785 3900 intentum,
828 3833 897 3890 et
942 3820 1311 3892 draconem
1361 3824 1764 3904 extinctum,
1821 3844 2063 3893 omnes
2111 3822 2357 3891 flevere
2397 3842 2562 3910 prae
2609 3842 2779 3909 gau-

236 3907 372 3989 dio,
423 3923 490 3979 et
554 3909 625 3978 in
700 3910 813 3978 Dei
865 3909 1103 3980 laudes
1153 3925 1704 4002 prorumpentes,
1761 3911 2082 3981 dicebant
2138 3910 2424 3980 coelitus
2473 3909 2604 3977 sibi
2655 3909 2782 3976 im-

294 4019 520 4099 ,nsam
573 3996 864 4068 salutem
915 3999 1179 4069 excidio
1243 3999 1607 4081 draconis,
1669 4000 1994 4088 diemque
2044 3999 2239 4069 illum
2292 3997 2545 4067 duxere
2605 3996 2780 4067 cele-

282 4108 645 4157 errimum.
1520 4142 1555 4173 ,

321 4178 360 4262 ξ
405 4181 491 4249 4.
546 4181 811 4245 Interea
873 4181 1140 4249 Marcus
1199 4177 1710 4248 Aurelianensis
1763 4178 2070 4258 antistes,
2129 4179 2197 4246 in
2252 4176 2397 4246 vico
2446 4175 2772 4255 Clariaco,

236 4264 356 4350 qui
424 4266 510 4336 ab
560 4266 1014 4356 Magdunensi
1060 4266 1318 4357 oppido
1368 4266 1588 4336 tribus
1637 4265 1846 4338 distat
1907 4266 2363 4346 milliaribus,
2418 4265 2506 4334 ob
2553 4276 2777 4362 certas

236 4373 482 4423 causas
521 4368 667 4423 tum
703 4354 1036 4437 residens,
1070 4376 1233 4427 cum
1273 4355 1401 4425 viri
1433 4355 1548 4425 Dei
1596 4355 1882 4426 virtutes
1911 4355 2303 4426 didicisset:
2346 4358 2488 4422 Non
2524 4363 2768 4442 potuit,

238 4439 495 4529 inquit,
559 4443 783 4514 Levita
832 4444 971 4527 Dei,
1025 4443 1281 4515 sanctis
1330 4444 1597 4535 pollens
1646 4445 2016 4536 operibuS,
2083 4443 2346 4513 diutius
2394 4440 2771 4519 occultari:
