3357 4995
652 338 781 402 368
1223 354 1298 400 ne
1346 353 1438 399 ss.
1494 351 1753 410 omnmo
1801 354 1876 401 m·
1922 354 2179 401 ,ιυιιττΑ
2229 354 2419 401 mar.
2762 332 2904 401 JUN
2918 337 2977 402 11
3033 339 3116 402 ⁴6

564 462 786 527 neque
835 438 1050 508 teneri
1084 436 1292 527 pedes
1340 448 1651 528 poterant
1689 460 1958 510 cessare
1994 439 2082 509 ab
2118 460 2367 528 opere:
2423 438 2542 507 sed
2591 451 2656 508 et
2705 438 3003 529 pedibus
3051 452 3120 511 et

563 529 890 599 manibus
939 527 1286 607 resistens,
1326 539 1391 596 et
1439 527 1741 597 renitens
1789 526 2088 615 luctator·
2129 528 2602 608 admirabiliS‚
2654 541 2720 596 et
2773 549 2896 618 pro
2944 528 3129 599 viri-·

563 618 693 687 bus
744 638 1165 706 repugnans,
1240 614 1505 684 inimici
1553 617 1998 686 aversabatur
2052 615 2341 685 oscula:
2396 616 2482 685 ad
2534 629 2819 685 matrem
2882 629 3119 687 autem

562 718 698 776 toto
747 705 964 774 animi
1013 704 1241 775 studio
1306 704 1764 774 contendebat
1814 718 1879 774 et
1929 705 2350 795 prosiliebat.
2423 710 2779 792 Tanquam
2831 721 2990 775 vero
3041 706 3114 775 in

561 795 824 864 retibus
882 807 946 864 et
989 793 1396 863 crudlvorae
1442 792 1624 863 ferae
1684 794 2009 864 manibus
2066 794 2322 863 interce
2378 807 2527 874 tuS,
2582 806 2702 863 aut
2751 795 2981 884 potius
3042 807 3124 866 ut

560 906 812 953 canora
844 885 990 953 avis
1038 882 1282 970 laqueo
1330 882 1755 972 implicatus,
1796 883 1942 953 alas
1984 883 2297 953 movebat
2373 894 2565 952 eatus
2617 904 2811 972 puer.
2856 896 2922 953 et
2968 904 3122 952 om-

559 974 769 1042 nibus
843 972 1065 1042 modis
1134 972 1543 1042 machinans
1589 973 1875 1041 evadere
1930 993 1967 1041 e
2029 972 2296 1059 laqueis
2345 972 2688 1041 venatoris
2719 1023 2739 1051 ,
2790 972 3123 1042 manibus

560 1062 844 1149 quidem
893 1062 1044 1151 ejus
1093 1060 1357 1129 vultum
1410 1059 1718 1134 laniabat
1766 1075 1832 1130 et
1888 1060 2274 1130 lacerabat:
2330 1060 2626 1151 pedibus
2679 1073 2911 1130 autem
2960 1082 3122 1131 exe-

561 1151 821 1221 crando
873 1151 1067 1219 lateri
1115 1149 1461 1218 insultans
1529 1150 1783 1219 athleta
1834 1150 2324 1229 brevissimus,
2387 1150 2485 1219 sic
2548 1171 2853 1219 amorem
2915 1150 3119 1220 illum

562 1239 1091 1309 daemoniacum
1129 1239 1355 1307 statim
1406 1238 1866 1309 convertit’ad
1917 1240 2093 1309 iram
2143 1239 2421 1308 caedem
2482 1240 2886 1327 spirantem.
2949 1244 3120 1308 Nam

561 1350 722 1398 cum
774 1329 1145 1397 delicatum
1194 1328 1345 1416 ejus
1404 1327 1644 1417 pedem
1696 1327 2274 1429 apprehendisset
2320 1328 2423 1395 vir
2471 1326 2557 1395 ad
2625 1326 2906 1396 caedem
2958 1348 3122 1417 pm—

563 1418 1048 1509 pensissimuS,
1096 1415 1361 1484 crudeli
1415 1428 1642 1486 autem
1684 1439 1943 1496 an1m0‚
2002 1430 2067 1486 et
2114 1418 2420 1507 spirante
2478 1416 2933 1504 parricidium
2964 1472 2979 1495 ‚
3055 1429 3123 1485 et

562 1506 729 1592 quid
782 1505 1000 1586 aliud,
1057 1506 1192 1574 nisi
1241 1505 1451 1595 digno
1487 1505 1721 1574 anima
1770 1506 2083 1575 diaboli?
2121 1528 2279 1574 eum
2343 1503 2642 1574 sublime
2691 1504 3116 1587 sustulisset,

563 1617 642 1665 ex
690 1595 828 1664 alto
859 1594 1190 1664 tribunali
1225 1616 1439 1663 manu
1471 1617 1596 1664 sua
1620 1595 1891 1682 jaciens
1940 1596 2008 1662 in
2052 1595 2395 1683 subjectos
2443 1593 2703 1683 gradus
2753 1592 3111 1683 lapideOS,

562 1706 704 1753 una
753 1706 910 1752 cum
969 1705 1161 1754 sacro
1210 1684 1430 1772 capite
1479 1695 1694 1752 totum
1737 1706 2011 1772 quoque
2071 1682 2365 1751 athletae
2437 1681 2928 1772 corpusculum
2993 1680 3139 1750 ad-'

563 1773 779 1842 versis
811 1786 1158 1862 petrarum
1203 1772 1462 1841 aculeis
1501 1773 1820 1842 contrivit
1851 1787 1917 1842 et
1963 1773 2319 1860 confregit.
2557 1800 2568 1810 ·

650 1864 687 1948 ξ
736 1864 875 1934 14.
933 1861 1041 1931 Sic
1090 1859 1398 1950 corpo'ris
1428 1862 1775 1931 confracta
1808 1865 2163 1952 compage,
2203 1860 2446 1929 victrix
2492 1861 2645 1948 ejus
2674 1859 2913 1928 anima
2945 1857 3124 1929 libe-

568 1963 715 2019 rata
763 1963 886 2032 est,
923 1963 1250 2037 tanquam
1304 1971 1539 2039 passer
1586 1973 1624 2018 a
1672 1962 2023 2019 venatore:
2065 1950 2392 2019 manibus
2425 1962 2652 2018 autem
2712 1960 3122 2017 sanctorum

569 2038 990 2146 Angelorum
1037 2039 1266 2109 statim
1314 2039 1400 2107 ad
1439 2060 1771 2128 magnum
1823 2039 2124 2108 adducta
2173 2037 2598 2118 Pontificem,
2655 2051 2982 2123 tanquam
3012 2058 3126 2105 sa—

564 2128 905 2198 criticium
960 2128 1256 2197 maxime
1285 2126 1707 2197 odoriferum
1758 2128 1985 2197 oblata
2034 2140 2136 2197 est
2172 2128 2482 2198 Domino.
2541 2127 2649 2195 Sic
2703 2148 2956 2216 parvus
3010 2124 3126 2195 ille

566 2218 889 2299 Quiricus
922 2239 1081 2286 cum
1116 2239 1412 2306 magnus
1442 2217 1769 2287 evasisset
1815 2217 2299 2294 decertatione,
2343 2230 2591 2285 terram
2643 2214 2923 2301 quidem
2961 2235 3124 2283 san-

565 2306 890 2375 ctificavit
939 2328 1061 2396 per
1107 2306 1521 2395 sanguinem
1576 2305 1699 2462 gui
1750 2306 1817 2373 in
1861 2307 2010 2395 ipsa
2046 2319 2147 2375 est
2194 2307 2498 2375 effusus:
2539 2307 2766 2373 aerem
2809 2325 2969 2373 vero*
3002 2324 3126 2393 per

569 2399 896 2464 Sanctum
950 2394 1305 2484 Spiritum,
1360 2395 1482 2480 qui
1533 2416 1570 2461 a
1684 2393 1919 2484 ipsum
1972 2396 2308 2484 pervasit:
2375 2407 2440 2462 et
2507 2392 2775 2463 coelum
2837 2390 3125 2479 quidem

567 2483 879 2575 implevit
925 2484 1343 2553 exultatione
1374 2505 1552 2571 quae
1601 2505 1736 2555 non
1786 2495 2004 2573 potest
2038 2484 2264 2554 verbis
2311 2482 2627 2573 exprimi.
2686 2486 2849 2551 Cum
2906 2481 3128 2571 majo—

567 2574 665 2643 ris
704 2587 933 2643 autern
986 2586 1051 2643 et
1080 2573 1444 2642 divinioris
1496 2564 1608 2642 Dei
1659 2573 1921 2663 gloriae
1962 2571 2203 2643 suisset
2251 2572 2541 2652 occasi0‚
2572 2572 2899 2641 omnibus
2931 2571 3127 2640 Chri-

567 2661 654 2731 sti
704 2662 1027 2731 Ecclesiis
1075 2661 1205 2730 fuit
1252 2661 1389 2729 diei
1439 2660 1592 2732 festi
1625 2676 2144 2752 argumentum,
2202 2675 2268 2730 et
2324 2660 2655 2751 spiritalis
2703 2660 3126 2730 laudationis

567 2750 945 2842 gaudiique
993 2749 1472 2840 suppeditator
1522 2751 1622 2819 vel
1673 2751 2100 2820 conciliator.
2158 2751 2266 2820 Sic
2317 2750 2615 2840 insignis
2664 2763 3125 2839 martyr-ma·
3212 2763 3220 2769 ·

571 2854 672 2909 ter
722 2844 853 2908 Deo
906 2839 1098 2928 prius
1158 2840 1418 2928 peregit
1467 2838 1914 2919 sacrificium,
1972 2853 2037 2908 et
2084 2861 2243 2908 cum
2308 2854 2631 2926 tanquam
2696 2850 2923 2908 turtur
2985 2835 3127 2906 sor-

567 2928 965 2996 mosissima
1002 2939 1067 2995 et
1098 2928 1510 3007 castissima,
1567 2928 1767 3013 quasi
1821 2928 2368 3018 pulcherrimum
2410 2942 2476 2997 et
2524 2927 3123 3017 speciosissimum

571 3016 844 3106 pullum
898 3015 1163 3085 Christo
1213 3016 1301 3085 ad
1351 3010 1771 3086 sacrificium
1830 3016 2054 3087 filium
2106 3017 2600 3107 praemisisset,
2655 3038 2814 3085 cum
2868 3014 3128 3105 gaudio

568 3118 635 3174 et
682 3126 844 3175 voce
883 3104 1333 3175 *exultationis
1380 3106 1638 3185 orabat,
1696 3118 1771 3175 ut
1822 3106 1972 3195 ipsa
2021 3127 2298 3193 quoque
2350 3106 2555 3175 citius
2628 3105 3037 3174 liberaretur
3085 3127 3127 3172 a

568 3215 798 3274 carne,
842 3206 906 3262 et
958 3193 1144 3262 nuda
1192 3215 1231 3262 a
1289 3194 1485 3262 coeni
1542 3193 1868 3275 vestibuS,
1926 3195 2114 3264 nuda
2162 3209 2228 3263 et
2277 3194 2545 3264 sincera
2591 3207 2838 3274 mente,
2912 3214 3127 3282 super

569 3282 848 3352 coelesti
882 3303 1137 3372 sponso
1186 3282 1449 3352 Christo
1497 3293 1562 3351 et
1595 3282 1846 3352 dilecto
1888 3284 2031 3353 filio
2073 3284 2531 3353 contendebat
2558 3283 2915 3383 conjungi.

657 3373 694 3458 ξ
742 3378 885 3444 15.
941 3371 1397 3452 Quamobrem
1428 3372 1701 3460 magnis
1724 3372 2006 3459 quidem
2033 3372 2415 3462 gratiarum
2451 3372 2842 3442 actionibus
2874 3383 2938 3440 et
2971 3369 3123 3440 lau—

569 3460 969 3530 dationibus
1021 3459 1510 3550 magnificabat
1538 3481 1698 3529 eum
1751 3461 1871 3548 qui
1910 3463 2066 3549 ejus
2115 3474 2513 3551 susceperat
2559 3460 3002 3538 oblationem,
3059 3471 3126 3528 et

570 3561 646 3618 ut
676 3550 826 3638 ipsa
850 3571 1061 3637 quam
1111 3547 1469 3618 celerrime
1519 3550 1898 3620 solveretur
1950 3573 1990 3619 a
2045 3572 2352 3642 corpore,
2403 3563 2467 3619 et
2518 3548 2604 3618 ad
2655 3548 3123 3619 desideratum

573 3638 920 3708 Christum
971 3650 1463 3719 assumeretur,
1520 3639 1992 3729 supplicabat:
2032 3639 2280 3708 validis
2328 3652 2556 3708 autem
2603 3638 2969 3707 verborum
3019 3637 3126 3706 in-

571 3727 870 3797 sultibus
912 3733 1309 3816 Tyrannum
1335 3728 1733 3798 sauciabat<
1775 3728 1981 3798 «Noli
2012 3742 2275 3819 putare,
2308 3727 2568 3809 dicens,
2608 3748 2717 3796 me
2765 3748 2914 3795 esse
2954 3724 3126 3795 adeo

574 3816 802 3885 timidi
841 3827 906 3885 et
942 3815 1179 3905 pusilli
1221 3816 1461 3898 animi,
1514 3829 1593 3886 ut
1621 3818 1861 3887 vincar
1907 3840 1948 3887 a
1982 3815 2120 3888 tuis'
2155 3816 2544 3907 suppliciis.
2581 3820 2723 3885 Non
2774 3815 2964 3883 enim
3014 3834 3127 3883 me

573 3905 852 3974 terrebit
898 3904 1130 3975 carnis
1194 3903 1499 3985 laniatio,
1568 3927 1793 3993 neque
1844 3928 1953 3977 me
2001 3906 2470 3976 membrorum
2520 3903 2963 3974 conturbabit
3011 3926 3131 3973 ru-

571 4007 773 4083 ptura
803 4016 817 4061 :
871 3993 985 4064 sed
1025 4015 1244 4081 neque
1274 3994 1397 4082 qui
1434 3994 1759 4066 deorsum
1803 3996 2040 4075 fertur,
2075 4009 2339 4064 torrens
2371 3993 2760 4084 sanguinis,
2801 4014 2935 4061 non
2968 4012 3128 4061 ner-

573 4103 817 4152 vorum
867 4082 1226 4164 sectiones,
1281 4104 1418 4152 non
1475 4084 1740 4153 ossium
1791 4085 2176 4164 fractioneS,
2252 4103 2385 4153 non
2437 4083 2623 4172 ignis
2676 4082 2930 4163 minae,
2998 4102 3129 4150 nec

574 4171 816 4242 mortis
863 4170 1161 4258 denique
1208 4193 1386 4259 quae
1439 4180 1517 4241 ea
1579 4173 2049 4275 consequitur,
2120 4193 2228 4241 me
2294 4171 2645 4260 separabit
2698 4193 2739 4239 a
2791 4169 3129 4240 charitate

574 4259 846 4329 Christi.
901 4260 1173 4331 Nullius
1207 4261 1306 4332 tui
1332 4262 1440 4351 (ut
1492 4262 1702 4332 semel
1754 4262 2017 4350 dicam)
2071 4260 2390 4331 tormenti
2441 4262 2772 4329 rationem
2825 4258 3031 4339 duco,
3087 4281 3130 4327 o

574 4350 819 4420 acerbe
877 4354 1215 4440 Tyranne.
1294 4354 1469 4420 Sunt
1516 4364 1747 4422 autem
1797 4350 2034 4421 omnia
2104 4351 2274 4419 mihi
2345 4371 2555 4437 quam
2604 4347 3129 4439 jucundissima

573 4459 906 4525 quaeffoe
955 4438 1041 4509 ad
1093 4461 1202 4512 me
1249 4439 1717 4529 torquendum
1766 4438 2210 4522 minitamini,
2242 4452 2305 4509 et
2353 4451 2539 4509 tanto
2568 4436 2815 4528 magiS,
2860 4449 3124 4525 quanto
