3357 4995
673 294 762 360 40
1251 309 1330 357 mi
1378 308 1571 356 mm
1619 308 2016 360 aenomaus.
2068 309 2465 358 inim-ramus
2525 278 2528 281 ’
2820 293 3038 359 JUNII
3091 296 3140 361 2

585 408 816 466 tamen
864 407 1010 466 tum
1067 394 1378 484 corporis
1427 407 1577 465 tum
1635 394 1913 465 animae
1957 394 2224 465 viribus
2273 395 2366 465 ita
2414 395 2712 467 roborati
2754 396 3124 467 confirma-

583 485 771 574 tique
817 495 1034 564 erant,
1088 497 1167 554 ut
1211 496 1514 554 caeteros
1562 496 1627 553 et
1675 483 1762 554 ad
1813 484 2021 555 fidem
2085 496 2480 555 constanter
2519 484 2885 554 tenendam
2928 497 3124 556 tuen»

579 573 877 662 damque
923 572 1329 654 incitarent,
1393 584 1459 642 et
1505 585 1702 663 grato
1748 572 2128 644 admodum
2179 572 2621 644 sublevarent
2667 574 2932 644 solatio.
2997 572 3123 644 Alii

579 676 809 735 autem
882 662 1084 732 modo
1130 660 1352 753 capti,
1405 674 1471 732 et
1518 674 1826 734 recentes
1875 662 1947 731 in
1995 682 2347 732 carcerem
2394 663 2705 733 contrusi
2771 663 3123 752 (quorum

578 774 866 843 corpora
912 751 1202 822 antehac
1253 751 1611 823 tormentis
1661 751 2050 821 subeundis
2099 750 2358 821 callum
2390 749 2579 821 haud
2618 748 3127 838 contraxerant)

627 841 856 913 ondus
900 840 1197 911 carceris
1244 853 1310 910 et
1370 840 1772 930 gravitatem
1826 840 2113 911 minime
2161 851 2475 931 poterant
2525 838 2722 921 ferre,
2769 840 2887 912 sed
2935 841 3125 911 intus

538 864 768 1003 ‚grevi
817 945 1105 1001 mortem
1155 929 1596 1020 oppetebant.

662 1022 699 1108 ξ
746 1023 827 1092 8.
881 1025 1127 1089 Beatus
1161 1017 1323 1088 item
1358 1017 1715 1100 Pothinus,
1768 1018 1885 1089 cui
1925 1016 2413 1108 Lugdunensis
2442 1017 2875 1110 episcopatus
2905 1015 3123 1085 mini-

577 1109 863 1179 sterium
894 1120 1040 1177 erat
1085 1106 1584 1188 concreditum,
1606 1120 1785 1178 'cum
1820 1107 2353 1197 nonagesimum
2385 1128 2553 1178 suae
2585 1107 2823 1178 aetatis
2848 1126 3123 1176 annum

577 1197 1074 1288 praeteriisset,
1124 1207 1192 1266 et
1250 1195 1562 1287 corporis
1623 1193 2097 1266 imbecillitate
2153 1196 2247 1265 ita
2311 1193 2424 1264 lan
2530 1207 2818 1276 esceret,
2882 1205 2959 1264 ut
3007 1193 3124 1262 vix

576 1300 828 1377 posset,
885 1297 1161 1377 propter
1192 1284 1444 1354 virium
1476 1283 1960 1355 *infirmitatem
2006 1306 2146 1372 qua
2192 1284 2446 1355 distine
2497 1297 2675 1367 atur,
2713 1283 2920 1355 libere
2975 1283 3126 1372 spi·

575 1397 751 1455 rare,
817 1375 1104 1465 spiritus
1153 1386 1380 1449 tamen
1443 1371 1794 1445 alacritate
1843 1387 2121 1464 propte-r
2180 1372 2534 1443 ardentem
2581 1395 2714 1463 qua
2780 1371 3125 1463 flagrabat

576 1464 892 1553 martyrii
939 1462 1412 1554 cupiditatem,
1468 1461 1852 1553 plurimum
1894 1471 2264 1543 recreatuS,
2317 1462 2403 1531 ad
2460 1460 2755 1534 tribunal
2798 1460 3125 1561 gestaba-

575 1566 717 1623 tur:
772 1563 838 1623 et
884 1552 1150 1622 tametsi
1201 1573 1458 1642 corpus
1488 1553 1640 1642 ejus
1664 1552 1813 1642 jam
1866 1573 2029 1642 prae
2076 1549 2426 1641 decrepita
2464 1566 2679 1622 aetate
2705 1562 2771 1620 et
2797 1563 3126 1621 cruc1atu

574 1641 799 1711 morbi
852 1662 1021 1732 pene
1067 1640 1483 1710 exhaustum
1550 1653 1751 1723 esset,
1802 1640 2038 1710 anima
2098 1652 2323 1710 tamen
2376 1640 2445 1709 in
2496 1640 2647 1732 ipso
2712 1639 3141 1709 servabatur

575 1730 863 1820 integra,
926 1742 1004 1800 ut
1051 1751 1172 1821 per
1222 1751 1374 1799 eam
1424 1728 1737 1801 Christus
1770 1728 2065 1819 gloriose
2113 1727 2592 1819 triumpharet.
2646 1728 2777 1811 Qui
2830 1727 3124 1816 quidem

573 1818 661 1889 ad
712 1818 1042 1900 tribunal,
1081 1817 1600 1909 magistratibus
1630 1817 1927 1889 civitatis
1954 1839 2115 1888 eum
2146 1817 2663 1899 comitantibuS,
2697 1829 2764 1887 et
2793 1816 3126 1887 universa

573 1907 1019 1977 multitudine
1066 1908 1290 1977 varias
1329 1906 1862 1997 cujusquemodi
1904 1904 2419 1977 vociferationes
2449 1919 2690 1976 contra
2737 1905 2964 1984 illum,
3001 1917 3125 1975 ut—

573 2007 727 2086 pote
773 1995 1262 2076 Christianum,
1314 1994 1581 2077 edente,
1616 2018 1656 2066 a
1690 1995 2028 2066 militibus
2075 1994 2439 2076 deductuS,
2475 1993 2910 2086 praeclarum
2952 1993 3126 2065 fidei

572 2085 1044 2156 testimonium
1109 2084 1480 2174 perhibuit.
1534 2089 1702 2176 Cum
1737 2085 1934 2154 *enim
2001 2105 2041 2153 a
2105 2084 2424 2154 Praeside
2493 2096 2893 2175 rogaretur,
2943 2082 3115 2171 quis

575 2187 753 2243 esset
802 2174 1345 2244 Christianorum
1396 2178 1599 2254 Deus,
1649 2172 2040 2264 respondit:
2101 2196 2137 2239 «
2190 2172 2260 2241 Si
2309 2185 2383 2242 tu
2433 2194 2514 2243 ea
2562 2195 2634 2242 re
2679 2170 2938 2262 dignus
2988 2172 3118 2254 siS,

570 2283 966 2353 cognosces.
1004 2262 1238 2332 »Inde
1286 2262 1497 2352 igitur
1543 2282 1783 2352 aspere
1821 2273 1888 2333 et
1923 2260 2560 2333 immisericorditer
2606 2273 2942 2351 raptatus,
3006 2283 3125 2332 va-

570 2350 710 2420 rias
760 2351 1000 2441 plagas
1044 2351 1345 2442 excepit,
1397 2371 1559 2421 cum
1608 2351 1695 2420 ab
1744 2351 1853 2421 his
1914 2350 2039 2437 qui
2084 2351 2358 2421 stabant
2404 2351 2476 2419 in
2537 2351 2889 2441 proximo,
2961 2351 3121 2438 qui,

571 2439 745 2510 nihil
777 2440 928 2529 ejus
961 2452 1248 2512 aetatem
1284 2451 1691 2523 reverentes,
1740 2439 2064 2513 manibus
2097 2438 2529 2530 pedibusque
2569 2439 2640 2510 in
2700 2438 2902 2510 illum
2953 2460 3126 2510 con-

572 2529 933 2601 tumeliose
1000 2529 1460 2600 insultabant:
1515 2541 1662 2598 tum
1711 2530 1799 2600 ab
1846 2527 1988 2599 illis
2046 2529 2170 2617 qui
2230 2528 2509 2621 longius
2567 2541 2764 2599 erant
2825 2530 3118 2600 remoti:

569 2619 716 2706 qui,
769 2619 957 2707 quod
998 2617 1262 2710 singuli
1308 2618 1658 2688 habebant
1704 2618 1776 2686 in
1827 2618 2176 2700 manibus,
2232 2617 2407 2698 illud
2442 2618 2513 2687 in
2553 2617 2756 2688 illurn
2802 2618 3123 2707 conjece-

555 2704 769 2778 'runt1
823 2707 1033 2796 idque
1066 2720 1449 2798 propterea,
1512 2704 1697 2794 quod
1738 2727 1981 2779 omnes
2027 2727 2447 2798 permagnae
2484 2706 2733 2807 culpae
2777 2719 2844 2776 et
2872 2707 3126 2797 impie-

568 2798 725 2866 tatis
762 2796 910 2867 loco
958 2796 1329 2876 ducebant,
1384 2795 1442 2865 si
1489 2795 1858 2883 quisquam
1919 2795 2307 2887 petulanter
2355 2794 2555 2865 illum
2604 2795 2932 2865 lnsectari
2971 2795 3125 2866 ulla

568 2906 648 2955 ex
697 2898 890 2975 parte
936 2885 1300 2965 omitteret,
1353 2905 1515 2953 nam
1563 2884 1852 2955 deorum
1902 2905 2188 2955 suorum
2229 2905 2514 2962 causam
2563 2883 2658 2956 ita
2695 2904 2770 2954 se
2802 2883 3122 2956 vindica-

568 2985 760 3045 turos
808 2973 1348 3045 arbitrabantur.
1418 2972 1542 3042 Ille
1580 2973 1690 3043 vix
1727 2973 1876 3063 jam
1917 2973 2237 3064 spiritum
2286 2972 2577 3054 ducens,
2629 2973 2700 3042 in
2763 2994 3122 3043 carcerem

566 3063 920 3153 conjectus
967 3061 1120 3144 fuit,
1175 3083 1254 3131 ac
1293 3059 1508 3133 biduo
1541 3074 1699 3151 post
1726 3060 1978 3131 efflavit
2023 3061 2359 3132 animam.

658 3159 697 3232 §
746 3154 840 3221 9.
896 3150 1001 3220 Ibi
1033 3167 1191 3220 vero
1239 3149 1618 3241 singularis
1661 3150 1777 3219 Dei
1826 3147 2254 3240 providentia
2312 3151 2675 3240 apparuit,
2726 3163 2793 3221 et
2839 3150 3125 3222 infinita

565 3243 731 3311 Jesu
797 3239 1171 3310 Servatoris
1220 3238 1696 3310 misericordia
1749 3236 2084 3328 patefacta
2129 3252 2269 3320 est;
2319 3259 2498 3326 quae
2538 3260 2704 3311 sane
2752 3239 2908 3310 talis
2957 3237 3113 3322 fuit,

566 3328 796 3415 qualis
843 3327 1123 3416 quidem
1158 3349 1312 3398 raro
1361 3327 1538 3398 inter
1586 3325 1830 3397 fratres
1878 3325 2302 3398 Christianos
2339 3327 2763 3419 contigisset,
2798 3350 2839 3397 a
2878 3327 3120 3400 divina

568 3428 811 3487 tamen¹
850 3416 1099 3488 Christi
1148 3417 1396 3487 virtute
1434 3438 1513 3486 ac
1562 3413 1864 3505 potentia
1912 3435 2049 3487 non
2097 3416 2382 3487 omnino
2428 3416 2690 3486 aliena..
2731 3422 2900 3489 Nam
2960 3418 3114 3505 qui,

564 3518 642 3576 ut
682 3506 1004 3663 cprimum
1080 3519 1277 3576 erant
1334 3503 1861 3594 comprehensi,
1903 3503 2145 3575 ‘fidem
2209 3504 2502 3596 inficiati
2569 3504 2897 3587 fuissent,
2972 3527 3118 3577 non

564 3616 678 3664 mo
730 3617 769 3664 o
805 3595 872 3664 in
908 3616 1252 3665 carcerem
1300 3615 1463 3664 curn
1510 3593 1798 3664 caeteris
1834 3593 2312 3666 condebantur
2353 3593 2559 3684 (nihil
2595 3595 2783 3665 enim
2817 3594 2983 3676 illis,
3038 3608 3122 3666 ut

564 3695 839 3774 tempus
898 3681 1506 3776 ferebat,‚negatio
1550 3681 1781 3752 attulit
1826 3681 2265 3773 adjumenti):
2319 3703 2557 3753 verum
2604 3682 2812 3754 etiam
2840 3683 3119 3773 suppli-

563 3772 828 3843 ciorum
892 3772 1294 3843 eorumdem
1356 3781 1554 3842 erant
1597 3768 1760 3841 facti
1809 3769 2223 3863 participes3
2273 3782 2344 3842 at
2392 3793 2480 3842 ue
2540 3771 2724 3843 sicut
2788 3771 2918 3853 illi,
2986 3774 3117 3860 qui

563 3860 864 3952 ingenue
897 3860 1289 3932 fatebantur
1319 3881 1392 3930 se
1419 3879 1593 3941 esse,
1614 3858 1811 3949 quod
1842 3872 2060 3943 erant,
2100 3859 2296 3931 nullo
2335 3882 2369 3930 a
2408 3861 2474 3931 io
2495 3859 2791 3932 crimine
2816 3860 3110 3951 objecto,

563 3950 698 4020 nisi
746 3950 931 4037 quod
981 3948 1351 4019 Christiani
1398 3959 1663 4031 essent,
1702 3948 2155 4021 tradebantur
2213 3949 2285 4018 in
2317 3949 2742 4021 custodiam:
2795 3949 2895 4026 sic
2957 3948 3111 4033 isti,

560 4039 683 4128 qui
731 4039 937 4110 fidem
979 4049 1460 4129 pernegarant,
1494 4037 1581 4107 de
1625 4037 1893 4128 reliquo
1929 4038 2004 4108 in
2031 4058 2307 4110 carcere
2336 4051 2688 4127 tamquam
2722 4037 3117 4111 homicidae

560 4141 626 4198 et
651 4126 967 4199 scelerati
994 4126 1504 4207 detinebantur,
1543 4125 1762 4218 duplo
1842 4127 2104 4198 raviore
2140 4128 2457 4200 cruciatu
2483 4140 2550 4199 et
2578 4147 2860 4219 angore,
2894 4148 3114 4216 quarn

560 4218 834 4296 caeteri,
885 4214 1218 4286 afflictati.
1270 4214 1436 4287 Illos
1482 4215 1670 4286 enim
1711 4237 1798 4288 su
1849 4214 2117 4287 levabat
2162 4216 2420 4289 laetitia
2464 4237 2547 4288 ex
2594 4215 2929 4306 martyrio
2958 4238 3115 4306 per-

561 4319 782 4395 cepta,
821 4327 853 4376 s
946 4326 981 4375 s
1027 4303 1557 4394 promissorum,
1609 4302 1914 4377 charitas
1942 4306 2016 4375 in
2046 4304 2420 4388 Christum,
2474 4327 2668 4376 sacer
2715 4304 2934 4376 Patris
2965 4304 3116 4396 spi-

562 4394 775 4465 ritus:
900 4414 978 4465 os
1052 4415 1384 4484 magnum
1456 4406 1524 4467 et
1584 4416 1790 4486 grave
1855 4394 2315 4467 conscientiae
2381 4394 2655 4487 pondus
2729 4391 3115 4464 admodum
