<?xml version="1.0" encoding="UTF-8"?>
<!DOCTYPE html PUBLIC "-//W3C//DTD XHTML 1.0 Transitional//EN"
    "http://www.w3.org/TR/xhtml1/DTD/xhtml1-transitional.dtd">
<html xmlns="http://www.w3.org/1999/xhtml" xml:lang="en" lang="en">
 <head>
  <title>
</title>
<meta http-equiv="Content-Type" content="text/html;charset=utf-8" />
  <meta name='ocr-system' content='tesseract 3.04.00' />
  <meta name='ocr-capabilities' content='ocr_page ocr_carea ocr_par ocr_line ocrx_word'/>
</head>
<body>
  <div class='ocr_page' id='page_1' title='image "./historiaeseuvit02lippgoog_0506.png"; bbox 0 0 3357 4995; ppageno 0'>
   <div class='ocr_carea' id='block_1_1' title="bbox 665 320 3117 387">
    <p class='ocr_par' dir='ltr' id='par_1_1' title="bbox 665 320 3117 387">
     <span class='ocr_line' id='line_1_1' title="bbox 665 320 3117 387; baseline 0 -1"><span class='ocrx_word' id='word_1_1' title='bbox 665 323 796 387; x_wconf 76' lang='lat'>490</span> <span class='ocrx_word' id='word_1_2' title='bbox 1261 338 1340 383; x_wconf 71' lang='lat' dir='ltr'>nn</span> <span class='ocrx_word' id='word_1_3' title='bbox 1386 335 1574 383; x_wconf 59' lang='lat' dir='ltr'>olm-U</span> <span class='ocrx_word' id='word_1_4' title='bbox 1621 336 1676 383; x_wconf 90' lang='lat' dir='ltr'>s.</span> <span class='ocrx_word' id='word_1_5' title='bbox 1733 336 1988 383; x_wconf 64' lang='lat' dir='ltr'>nuum</span> <span class='ocrx_word' id='word_1_6' title='bbox 2033 335 2176 384; x_wconf 70' lang='lat' dir='ltr'>Non.</span> <span class='ocrx_word' id='word_1_7' title='bbox 2228 332 2431 384; x_wconf 78' lang='lat' dir='ltr'>EPISC.</span> <span class='ocrx_word' id='word_1_8' title='bbox 2765 320 2985 385; x_wconf 85' lang='lat' dir='ltr'>JUNII</span> <span class='ocrx_word' id='word_1_9' title='bbox 3033 321 3117 385; x_wconf 78' lang='lat'>22</span> 
     </span>
    </p>
   </div>
   <div class='ocr_carea' id='block_1_2' title="bbox 556 415 3143 4503">
    <p class='ocr_par' dir='ltr' id='par_1_2' title="bbox 558 415 3143 4303">
     <span class='ocr_line' id='line_1_2' title="bbox 578 415 3121 507; baseline -0 -18"><span class='ocrx_word' id='word_1_10' title='bbox 578 420 840 490; x_wconf 86' lang='lat' dir='ltr'>deferre</span> <span class='ocrx_word' id='word_1_11' title='bbox 871 430 1335 499; x_wconf 85' lang='lat' dir='ltr'>consueverat,</span> <span class='ocrx_word' id='word_1_12' title='bbox 1362 429 1427 486; x_wconf 94' lang='lat' dir='ltr'>et</span> <span class='ocrx_word' id='word_1_13' title='bbox 1451 429 1730 507; x_wconf 88' lang='lat' dir='ltr'>accepto</span> <span class='ocrx_word' id='word_1_14' title='bbox 1753 438 1951 506; x_wconf 92' lang='lat' dir='ltr'>pane,</span> <span class='ocrx_word' id='word_1_15' title='bbox 1975 415 2060 485; x_wconf 89' lang='lat' dir='ltr'>ad</span> <span class='ocrx_word' id='word_1_16' title='bbox 2097 438 2337 486; x_wconf 88' lang='lat' dir='ltr'>curam</span> <span class='ocrx_word' id='word_1_17' title='bbox 2357 416 2535 486; x_wconf 91' lang='lat' dir='ltr'>horti</span> <span class='ocrx_word' id='word_1_18' title='bbox 2555 437 2878 487; x_wconf 85' lang='lat' dir='ltr'>remeare.</span> <span class='ocrx_word' id='word_1_19' title='bbox 2917 422 3121 488; x_wconf 91' lang='lat' dir='ltr'>Cum-</span> 
     </span>
     <span class='ocr_line' id='line_1_3' title="bbox 576 505 3121 596; baseline 0 -18"><span class='ocrx_word' id='word_1_20' title='bbox 576 531 711 596; x_wconf 92' lang='lat' dir='ltr'>que</span> <span class='ocrx_word' id='word_1_21' title='bbox 758 509 888 577; x_wconf 88' lang='lat' dir='ltr'>hoc</span> <span class='ocrx_word' id='word_1_22' title='bbox 928 506 1193 576; x_wconf 91' lang='lat' dir='ltr'>diutius</span> <span class='ocrx_word' id='word_1_23' title='bbox 1233 519 1486 596; x_wconf 88' lang='lat' dir='ltr'>ageret,</span> <span class='ocrx_word' id='word_1_24' title='bbox 1539 506 1841 594; x_wconf 84' lang='lat' dir='ltr'>quadam</span> <span class='ocrx_word' id='word_1_25' title='bbox 1893 505 2003 580; x_wconf 90' lang='lat' dir='ltr'>die</span> <span class='ocrx_word' id='word_1_26' title='bbox 2037 527 2162 574; x_wconf 91' lang='lat' dir='ltr'>suo</span> <span class='ocrx_word' id='word_1_27' title='bbox 2202 505 2486 576; x_wconf 91' lang='lat' dir='ltr'>domino</span> <span class='ocrx_word' id='word_1_28' title='bbox 2520 527 2757 575; x_wconf 90' lang='lat' dir='ltr'>secum</span> <span class='ocrx_word' id='word_1_29' title='bbox 2790 508 3121 578; x_wconf 89' lang='lat' dir='ltr'>secretius</span> 
     </span>
     <span class='ocr_line' id='line_1_4' title="bbox 575 593 3121 684; baseline -0.001 -18"><span class='ocrx_word' id='word_1_30' title='bbox 575 597 883 684; x_wconf 81' lang='lat' dir='ltr'>loquenti</span> <span class='ocrx_word' id='word_1_31' title='bbox 931 596 1058 665; x_wconf 89' lang='lat' dir='ltr'>ait:</span> <span class='ocrx_word' id='word_1_32' title='bbox 1096 617 1132 661; x_wconf 92' lang='lat'>«</span> <span class='ocrx_word' id='word_1_33' title='bbox 1165 594 1330 664; x_wconf 85' lang='lat' dir='ltr'>Vide</span> <span class='ocrx_word' id='word_1_34' title='bbox 1375 595 1544 682; x_wconf 90' lang='lat' dir='ltr'>quid</span> <span class='ocrx_word' id='word_1_35' title='bbox 1594 595 1784 684; x_wconf 83' lang='lat' dir='ltr'>agas,</span> <span class='ocrx_word' id='word_1_36' title='bbox 1845 608 1909 664; x_wconf 89' lang='lat' dir='ltr'>et</span> <span class='ocrx_word' id='word_1_37' title='bbox 1956 593 2423 664; x_wconf 81' lang='lat' dir='ltr'>vandalorum</span> <span class='ocrx_word' id='word_1_38' title='bbox 2484 616 2775 684; x_wconf 87' lang='lat' dir='ltr'>regnum</span> <span class='ocrx_word' id='word_1_39' title='bbox 2826 595 3121 682; x_wconf 82' lang='lat' dir='ltr'>qualiter</span> 
     </span>
     <span class='ocr_line' id='line_1_5' title="bbox 575 683 3121 776; baseline -0 -22"><span class='ocrx_word' id='word_1_40' title='bbox 575 686 853 776; x_wconf 90' lang='lat' dir='ltr'>disponi</span> <span class='ocrx_word' id='word_1_41' title='bbox 891 685 1136 754; x_wconf 92' lang='lat' dir='ltr'>debeat</span> <span class='ocrx_word' id='word_1_42' title='bbox 1183 684 1499 773; x_wconf 85' lang='lat' dir='ltr'>provide:</span> <span class='ocrx_word' id='word_1_43' title='bbox 1554 689 1720 771; x_wconf 88' lang='lat' dir='ltr'>quia</span> <span class='ocrx_word' id='word_1_44' title='bbox 1768 689 1904 752; x_wconf 84' lang='lat' dir='ltr'>Rex</span> <span class='ocrx_word' id='word_1_45' title='bbox 1952 683 2182 763; x_wconf 88' lang='lat' dir='ltr'>citius,</span> <span class='ocrx_word' id='word_1_46' title='bbox 2239 694 2303 752; x_wconf 94' lang='lat' dir='ltr'>et</span> <span class='ocrx_word' id='word_1_47' title='bbox 2351 683 2483 753; x_wconf 93' lang='lat' dir='ltr'>sub</span> <span class='ocrx_word' id='word_1_48' title='bbox 2532 683 2725 752; x_wconf 90' lang='lat' dir='ltr'>omni</span> <span class='ocrx_word' id='word_1_49' title='bbox 2776 684 3121 754; x_wconf 86' lang='lat' dir='ltr'>celeritate</span> 
     </span>
     <span class='ocr_line' id='line_1_6' title="bbox 574 771 3118 863; baseline -0.001 -18"><span class='ocrx_word' id='word_1_50' title='bbox 574 788 675 845; x_wconf 89' lang='lat' dir='ltr'>est</span> <span class='ocrx_word' id='word_1_51' title='bbox 726 775 1126 844; x_wconf 70' lang='lat' dir='ltr'>moriturus</span> <span class='ocrx_word' id='word_1_52' title='bbox 1158 796 1194 839; x_wconf 89' lang='lat'>»</span> <span class='ocrx_word' id='word_1_53' title='bbox 1231 772 1424 855; x_wconf 89' lang='lat' dir='ltr'>Quod</span> <span class='ocrx_word' id='word_1_54' title='bbox 1474 772 1590 841; x_wconf 90' lang='lat' dir='ltr'>ille</span> <span class='ocrx_word' id='word_1_55' title='bbox 1623 771 1918 841; x_wconf 91' lang='lat' dir='ltr'>audiens</span> <span class='ocrx_word' id='word_1_56' title='bbox 1948 773 2142 861; x_wconf 90' lang='lat' dir='ltr'>(quia</span> <span class='ocrx_word' id='word_1_57' title='bbox 2183 772 2271 841; x_wconf 91' lang='lat' dir='ltr'>ab</span> <span class='ocrx_word' id='word_1_58' title='bbox 2309 771 2547 841; x_wconf 91' lang='lat' dir='ltr'>eodem</span> <span class='ocrx_word' id='word_1_59' title='bbox 2582 793 2741 863; x_wconf 89' lang='lat' dir='ltr'>rege</span> <span class='ocrx_word' id='word_1_60' title='bbox 2772 794 2934 862; x_wconf 90' lang='lat' dir='ltr'>prae</span> <span class='ocrx_word' id='word_1_61' title='bbox 2964 771 3118 842; x_wconf 72' lang='lat' dir='ltr'>dae-</span> 
     </span>
     <span class='ocr_line' id='line_1_7' title="bbox 574 860 3108 954; baseline -0.001 -21"><span class='ocrx_word' id='word_1_62' title='bbox 574 864 737 933; x_wconf 89' lang='lat' dir='ltr'>teris</span> <span class='ocrx_word' id='word_1_63' title='bbox 801 862 1251 954; x_wconf 85' lang='lat' dir='ltr'>diligebatur)</span> <span class='ocrx_word' id='word_1_64' title='bbox 1295 862 1357 930; x_wconf 92' lang='lat' dir='ltr'>ei</span> <span class='ocrx_word' id='word_1_65' title='bbox 1410 861 1696 930; x_wconf 91' lang='lat' dir='ltr'>minime</span> <span class='ocrx_word' id='word_1_66' title='bbox 1745 861 1996 940; x_wconf 90' lang='lat' dir='ltr'>tacuit;</span> <span class='ocrx_word' id='word_1_67' title='bbox 2052 861 2167 930; x_wconf 91' lang='lat' dir='ltr'>sed</span> <span class='ocrx_word' id='word_1_68' title='bbox 2218 860 2386 947; x_wconf 90' lang='lat' dir='ltr'>quid</span> <span class='ocrx_word' id='word_1_69' title='bbox 2438 883 2479 929; x_wconf 92' lang='lat' dir='ltr'>a</span> <span class='ocrx_word' id='word_1_70' title='bbox 2526 883 2651 930; x_wconf 91' lang='lat' dir='ltr'>suo</span> <span class='ocrx_word' id='word_1_71' title='bbox 2701 861 3108 941; x_wconf 83' lang='lat' dir='ltr'>hortulano,</span> 
     </span>
     <span class='ocr_line' id='line_1_8' title="bbox 575 948 3118 1042; baseline -0.001 -19"><span class='ocrx_word' id='word_1_72' title='bbox 575 953 868 1042; x_wconf 77' lang='lat' dir='ltr'>sapienti</span> <span class='ocrx_word' id='word_1_73' title='bbox 920 950 1181 1021; x_wconf 91' lang='lat' dir='ltr'>scilicet</span> <span class='ocrx_word' id='word_1_74' title='bbox 1221 950 1389 1031; x_wconf 90' lang='lat' dir='ltr'>vir0,</span> <span class='ocrx_word' id='word_1_75' title='bbox 1434 951 1847 1040; x_wconf 82' lang='lat' dir='ltr'>agnovisset,</span> <span class='ocrx_word' id='word_1_76' title='bbox 1900 948 2250 1019; x_wconf 90' lang='lat' dir='ltr'>indicavit.</span> <span class='ocrx_word' id='word_1_77' title='bbox 2291 948 2482 1032; x_wconf 88' lang='lat' dir='ltr'>Quod</span> <span class='ocrx_word' id='word_1_78' title='bbox 2522 949 2691 1019; x_wconf 91' lang='lat' dir='ltr'>dum</span> <span class='ocrx_word' id='word_1_79' title='bbox 2744 973 2856 1020; x_wconf 84' lang='lat' dir='ltr'>rex</span> <span class='ocrx_word' id='word_1_80' title='bbox 2886 951 3118 1020; x_wconf 89' lang='lat' dir='ltr'>audis-</span> 
     </span>
     <span class='ocr_line' id='line_1_9' title="bbox 578 1037 3118 1129; baseline -0.001 -18"><span class='ocrx_word' id='word_1_81' title='bbox 578 1055 701 1123; x_wconf 87' lang='lat' dir='ltr'>set,</span> <span class='ocrx_word' id='word_1_82' title='bbox 756 1041 915 1110; x_wconf 90' lang='lat' dir='ltr'>ilico</span> <span class='ocrx_word' id='word_1_83' title='bbox 967 1038 1353 1129; x_wconf 86' lang='lat' dir='ltr'>respondit:</span> <span class='ocrx_word' id='word_1_84' title='bbox 1421 1044 1558 1129; x_wconf 89' lang='lat' dir='ltr'>Ego</span> <span class='ocrx_word' id='word_1_85' title='bbox 1607 1037 1853 1106; x_wconf 88' lang='lat' dir='ltr'>vellem</span> <span class='ocrx_word' id='word_1_86' title='bbox 1903 1039 2111 1120; x_wconf 81' lang='lat' dir='ltr'>hunc,</span> <span class='ocrx_word' id='word_1_87' title='bbox 2165 1038 2250 1107; x_wconf 89' lang='lat' dir='ltr'>de</span> <span class='ocrx_word' id='word_1_88' title='bbox 2304 1060 2441 1125; x_wconf 92' lang='lat' dir='ltr'>quo</span> <span class='ocrx_word' id='word_1_89' title='bbox 2489 1038 2833 1124; x_wconf 77' lang='lat' dir='ltr'>loqueris,</span> <span class='ocrx_word' id='word_1_90' title='bbox 2891 1040 3118 1108; x_wconf 83' lang='lat' dir='ltr'>homi-</span> 
     </span>
     <span class='ocr_line' id='line_1_10' title="bbox 576 1126 3117 1227; baseline -0.001 -28"><span class='ocrx_word' id='word_1_91' title='bbox 576 1152 734 1200; x_wconf 86' lang='lat' dir='ltr'>nem</span> <span class='ocrx_word' id='word_1_92' title='bbox 780 1129 1028 1199; x_wconf 88' lang='lat' dir='ltr'>videre.</span> <span class='ocrx_word' id='word_1_93' title='bbox 1074 1128 1194 1197; x_wconf 87' lang='lat' dir='ltr'>Cui</span> <span class='ocrx_word' id='word_1_94' title='bbox 1246 1127 1674 1227; x_wconf 54' lang='lat' dir='ltr'>gener‘ejus,</span> <span class='ocrx_word' id='word_1_95' title='bbox 1707 1126 2118 1197; x_wconf 88' lang='lat' dir='ltr'>venerabilis</span> <span class='ocrx_word' id='word_1_96' title='bbox 2157 1126 2428 1196; x_wconf 84' lang='lat' dir='ltr'>Paulini</span> <span class='ocrx_word' id='word_1_97' title='bbox 2463 1127 2858 1217; x_wconf 89' lang='lat' dir='ltr'>temporalis</span> <span class='ocrx_word' id='word_1_98' title='bbox 2892 1128 3117 1197; x_wconf 88' lang='lat' dir='ltr'>domi·-</span> 
     </span>
     <span class='ocr_line' id='line_1_11' title="bbox 577 1215 3117 1309; baseline -0.001 -21"><span class='ocrx_word' id='word_1_99' title='bbox 577 1242 733 1299; x_wconf 81' lang='lat' dir='ltr'>nuS‚</span> <span class='ocrx_word' id='word_1_100' title='bbox 789 1216 1164 1309; x_wconf 87' lang='lat' dir='ltr'>respondit,</span> <span class='ocrx_word' id='word_1_101' title='bbox 1209 1216 1470 1285; x_wconf 80' lang='lat' dir='ltr'>dicens:</span> <span class='ocrx_word' id='word_1_102' title='bbox 1509 1218 1816 1285; x_wconf 89' lang='lat' dir='ltr'>Virentes</span> <span class='ocrx_word' id='word_1_103' title='bbox 1844 1216 2089 1285; x_wconf 86' lang='lat' dir='ltr'>herbas</span> <span class='ocrx_word' id='word_1_104' title='bbox 2125 1216 2297 1285; x_wconf 86' lang='lat' dir='ltr'>mihi</span> <span class='ocrx_word' id='word_1_105' title='bbox 2335 1215 2417 1284; x_wconf 88' lang='lat' dir='ltr'>ad</span> <span class='ocrx_word' id='word_1_106' title='bbox 2453 1215 2820 1305; x_wconf 88' lang='lat' dir='ltr'>prandium</span> <span class='ocrx_word' id='word_1_107' title='bbox 2854 1215 3117 1286; x_wconf 89' lang='lat' dir='ltr'>deferre</span> 
     </span>
     <span class='ocr_line' id='line_1_12' title="bbox 576 1304 3119 1393; baseline -0.002 -15"><span class='ocrx_word' id='word_1_108' title='bbox 576 1308 954 1378; x_wconf 89' lang='lat' dir='ltr'>consuevit.</span> <span class='ocrx_word' id='word_1_109' title='bbox 990 1312 1127 1377; x_wconf 90' lang='lat' dir='ltr'>Has</span> <span class='ocrx_word' id='word_1_110' title='bbox 1176 1306 1404 1391; x_wconf 88' lang='lat' dir='ltr'>itaque</span> <span class='ocrx_word' id='word_1_111' title='bbox 1451 1305 1638 1375; x_wconf 92' lang='lat' dir='ltr'>hunc</span> <span class='ocrx_word' id='word_1_112' title='bbox 1678 1305 1764 1374; x_wconf 91' lang='lat' dir='ltr'>ad</span> <span class='ocrx_word' id='word_1_113' title='bbox 1817 1327 2123 1374; x_wconf 89' lang='lat' dir='ltr'>mensam</span> <span class='ocrx_word' id='word_1_114' title='bbox 2174 1326 2333 1373; x_wconf 90' lang='lat' dir='ltr'>eum</span> <span class='ocrx_word' id='word_1_115' title='bbox 2383 1305 2742 1393; x_wconf 88' lang='lat' dir='ltr'>deportare</span> <span class='ocrx_word' id='word_1_116' title='bbox 2787 1304 2986 1386; x_wconf 80' lang='lat' dir='ltr'>facin,</span> <span class='ocrx_word' id='word_1_117' title='bbox 3042 1318 3119 1374; x_wconf 90' lang='lat' dir='ltr'>ut</span> 
     </span>
     <span class='ocr_line' id='line_1_13' title="bbox 574 1393 3116 1485; baseline -0.001 -19"><span class='ocrx_word' id='word_1_118' title='bbox 574 1398 731 1484; x_wconf 92' lang='lat' dir='ltr'>quis</span> <span class='ocrx_word' id='word_1_119' title='bbox 780 1397 889 1477; x_wconf 88' lang='lat' dir='ltr'>sit,</span> <span class='ocrx_word' id='word_1_120' title='bbox 941 1395 1061 1481; x_wconf 92' lang='lat' dir='ltr'>qui</span> <span class='ocrx_word' id='word_1_121' title='bbox 1105 1394 1277 1463; x_wconf 84' lang='lat' dir='ltr'>mihi</span> <span class='ocrx_word' id='word_1_122' title='bbox 1327 1393 1490 1463; x_wconf 88' lang='lat' dir='ltr'>haec</span> <span class='ocrx_word' id='word_1_123' title='bbox 1536 1406 1639 1462; x_wconf 90' lang='lat' dir='ltr'>est</span> <span class='ocrx_word' id='word_1_124' title='bbox 1678 1394 1974 1475; x_wconf 83' lang='lat' dir='ltr'>locutuS,</span> <span class='ocrx_word' id='word_1_125' title='bbox 2015 1415 2372 1485; x_wconf 79' lang='lat' dir='ltr'>agnoscas.</span> <span class='ocrx_word' id='word_1_126' title='bbox 2411 1398 2830 1481; x_wconf 83' lang='lat' dir='ltr'>Factumque</span> <span class='ocrx_word' id='word_1_127' title='bbox 2876 1406 3000 1463; x_wconf 88' lang='lat' dir='ltr'>est.</span> <span class='ocrx_word' id='word_1_128' title='bbox 3039 1399 3116 1463; x_wconf 88' lang='lat' dir='ltr'>Et</span> 
     </span>
     <span class='ocr_line' id='line_1_14' title="bbox 576 1481 3115 1573; baseline -0.001 -18"><span class='ocrx_word' id='word_1_129' title='bbox 576 1486 741 1555; x_wconf 90' lang='lat' dir='ltr'>dum</span> <span class='ocrx_word' id='word_1_130' title='bbox 795 1507 909 1553; x_wconf 87' lang='lat' dir='ltr'>rex</span> <span class='ocrx_word' id='word_1_131' title='bbox 962 1483 1046 1551; x_wconf 91' lang='lat' dir='ltr'>ad</span> <span class='ocrx_word' id='word_1_132' title='bbox 1104 1482 1473 1573; x_wconf 86' lang='lat' dir='ltr'>prandium</span> <span class='ocrx_word' id='word_1_133' title='bbox 1533 1481 1927 1564; x_wconf 86' lang='lat' dir='ltr'>discubuit,</span> <span class='ocrx_word' id='word_1_134' title='bbox 1981 1482 2313 1551; x_wconf 88' lang='lat' dir='ltr'>Paulinus</span> <span class='ocrx_word' id='word_1_135' title='bbox 2378 1504 2457 1551; x_wconf 84' lang='lat' dir='ltr'>ex</span> <span class='ocrx_word' id='word_1_136' title='bbox 2506 1505 2630 1551; x_wconf 88' lang='lat' dir='ltr'>suo</span> <span class='ocrx_word' id='word_1_137' title='bbox 2678 1505 2882 1572; x_wconf 89' lang='lat' dir='ltr'>opere</span> <span class='ocrx_word' id='word_1_138' title='bbox 2928 1482 3115 1552; x_wconf 83' lang='lat' dir='ltr'>olera</span> 
     </span>
     <span class='ocr_line' id='line_1_15' title="bbox 575 1570 3114 1662; baseline -0.001 -19"><span class='ocrx_word' id='word_1_139' title='bbox 575 1595 887 1662; x_wconf 90' lang='lat' dir='ltr'>quaeque</span> <span class='ocrx_word' id='word_1_140' title='bbox 935 1585 1000 1642; x_wconf 90' lang='lat' dir='ltr'>et</span> <span class='ocrx_word' id='word_1_141' title='bbox 1040 1571 1326 1641; x_wconf 87' lang='lat' dir='ltr'>virentia</span> <span class='ocrx_word' id='word_1_142' title='bbox 1373 1570 1731 1641; x_wconf 86' lang='lat' dir='ltr'>delaturus</span> <span class='ocrx_word' id='word_1_143' title='bbox 1780 1571 2077 1640; x_wconf 87' lang='lat' dir='ltr'>advenit.</span> <span class='ocrx_word' id='word_1_144' title='bbox 2127 1575 2434 1658; x_wconf 86' lang='lat' dir='ltr'>Cumque</span> <span class='ocrx_word' id='word_1_145' title='bbox 2484 1571 2670 1640; x_wconf 88' lang='lat' dir='ltr'>hunc</span> <span class='ocrx_word' id='word_1_146' title='bbox 2726 1594 2841 1640; x_wconf 86' lang='lat' dir='ltr'>rex</span> <span class='ocrx_word' id='word_1_147' title='bbox 2887 1570 3114 1641; x_wconf 88' lang='lat' dir='ltr'>subito</span> 
     </span>
     <span class='ocr_line' id='line_1_16' title="bbox 575 1659 3143 1752; baseline -0.002 -20"><span class='ocrx_word' id='word_1_148' title='bbox 575 1662 1064 1752; x_wconf 87' lang='lat' dir='ltr'>conspexisset,</span> <span class='ocrx_word' id='word_1_149' title='bbox 1141 1659 1521 1740; x_wconf 87' lang='lat' dir='ltr'>intremuit,</span> <span class='ocrx_word' id='word_1_150' title='bbox 1578 1672 1782 1747; x_wconf 86' lang='lat' dir='ltr'>atque</span> <span class='ocrx_word' id='word_1_151' title='bbox 1835 1660 2162 1729; x_wconf 89' lang='lat' dir='ltr'>accersito</span> <span class='ocrx_word' id='word_1_152' title='bbox 2209 1660 2359 1746; x_wconf 84' lang='lat' dir='ltr'>ejus</span> <span class='ocrx_word' id='word_1_153' title='bbox 2407 1659 2690 1729; x_wconf 88' lang='lat' dir='ltr'>domino</span> <span class='ocrx_word' id='word_1_154' title='bbox 2720 1715 2735 1740; x_wconf 93' lang='lat'>,</span> <span class='ocrx_word' id='word_1_155' title='bbox 2782 1661 2917 1730; x_wconf 88' lang='lat' dir='ltr'>sibi</span> <span class='ocrx_word' id='word_1_156' title='bbox 2991 1682 3143 1749; x_wconf 87' lang='lat' dir='ltr'>per·</span> 
     </span>
     <span class='ocr_line' id='line_1_17' title="bbox 577 1747 3111 1840; baseline -0.001 -20"><span class='ocrx_word' id='word_1_157' title='bbox 577 1751 793 1820; x_wconf 83' lang='lat' dir='ltr'>filiam</span> <span class='ocrx_word' id='word_1_158' title='bbox 911 1750 1272 1840; x_wconf 90' lang='lat' dir='ltr'>ropinquo‚</span> <span class='ocrx_word' id='word_1_159' title='bbox 1326 1748 1390 1816; x_wconf 92' lang='lat' dir='ltr'>ei</span> <span class='ocrx_word' id='word_1_160' title='bbox 1438 1763 1815 1828; x_wconf 90' lang='lat' dir='ltr'>secretum,</span> <span class='ocrx_word' id='word_1_161' title='bbox 1887 1749 2068 1835; x_wconf 91' lang='lat' dir='ltr'>quod</span> <span class='ocrx_word' id='word_1_162' title='bbox 2122 1749 2317 1838; x_wconf 88' lang='lat' dir='ltr'>prius</span> <span class='ocrx_word' id='word_1_163' title='bbox 2377 1748 2871 1830; x_wconf 88' lang='lat' dir='ltr'>absconderat,</span> <span class='ocrx_word' id='word_1_164' title='bbox 2927 1747 3111 1817; x_wconf 89' lang='lat' dir='ltr'>indi-</span> 
     </span>
     <span class='ocr_line' id='line_1_18' title="bbox 573 1836 3114 1924; baseline -0.002 -14"><span class='ocrx_word' id='word_1_165' title='bbox 573 1839 772 1920; x_wconf 89' lang='lat' dir='ltr'>cavit,</span> <span class='ocrx_word' id='word_1_166' title='bbox 878 1839 1099 1908; x_wconf 89' lang='lat' dir='ltr'>icens:</span> <span class='ocrx_word' id='word_1_167' title='bbox 1138 1842 1384 1907; x_wconf 87' lang='lat' dir='ltr'>Verum</span> <span class='ocrx_word' id='word_1_168' title='bbox 1425 1850 1547 1917; x_wconf 89' lang='lat' dir='ltr'>est,</span> <span class='ocrx_word' id='word_1_169' title='bbox 1602 1837 1785 1924; x_wconf 90' lang='lat' dir='ltr'>quod</span> <span class='ocrx_word' id='word_1_170' title='bbox 1834 1836 2111 1909; x_wconf 86' lang='lat' dir='ltr'>audisti.</span> <span class='ocrx_word' id='word_1_171' title='bbox 2181 1842 2345 1905; x_wconf 90' lang='lat' dir='ltr'>Nam</span> <span class='ocrx_word' id='word_1_172' title='bbox 2385 1851 2578 1907; x_wconf 89' lang='lat' dir='ltr'>nocte</span> <span class='ocrx_word' id='word_1_173' title='bbox 2628 1838 2755 1906; x_wconf 89' lang='lat' dir='ltr'>hac</span> <span class='ocrx_word' id='word_1_174' title='bbox 2812 1838 2881 1906; x_wconf 93' lang='lat' dir='ltr'>in</span> <span class='ocrx_word' id='word_1_175' title='bbox 2935 1859 3114 1906; x_wconf 92' lang='lat' dir='ltr'>som-</span> 
     </span>
     <span class='ocr_line' id='line_1_19' title="bbox 575 1925 3111 2013; baseline -0.001 -16"><span class='ocrx_word' id='word_1_176' title='bbox 575 1930 712 2008; x_wconf 90' lang='lat' dir='ltr'>nio,</span> <span class='ocrx_word' id='word_1_177' title='bbox 769 1927 1080 1997; x_wconf 90' lang='lat' dir='ltr'>sedentes</span> <span class='ocrx_word' id='word_1_178' title='bbox 1131 1928 1198 1994; x_wconf 90' lang='lat' dir='ltr'>in</span> <span class='ocrx_word' id='word_1_179' title='bbox 1246 1926 1710 1996; x_wconf 88' lang='lat' dir='ltr'>tribunalibus</span> <span class='ocrx_word' id='word_1_180' title='bbox 1758 1938 1993 1995; x_wconf 91' lang='lat' dir='ltr'>contra</span> <span class='ocrx_word' id='word_1_181' title='bbox 2047 1948 2152 1995; x_wconf 91' lang='lat' dir='ltr'>me</span> <span class='ocrx_word' id='word_1_182' title='bbox 2193 1925 2467 2012; x_wconf 87' lang='lat' dir='ltr'>judices</span> <span class='ocrx_word' id='word_1_183' title='bbox 2499 1926 2660 2007; x_wconf 91' lang='lat' dir='ltr'>vidi,</span> <span class='ocrx_word' id='word_1_184' title='bbox 2715 1927 2894 1996; x_wconf 89' lang='lat' dir='ltr'>inter</span> <span class='ocrx_word' id='word_1_185' title='bbox 2939 1948 3111 2013; x_wconf 91' lang='lat' dir='ltr'>quos</span> 
     </span>
     <span class='ocr_line' id='line_1_20' title="bbox 573 2014 3111 2105; baseline -0 -19"><span class='ocrx_word' id='word_1_186' title='bbox 573 2019 700 2086; x_wconf 90' lang='lat' dir='ltr'>iste</span> <span class='ocrx_word' id='word_1_187' title='bbox 746 2018 951 2086; x_wconf 89' lang='lat' dir='ltr'>etiam</span> <span class='ocrx_word' id='word_1_188' title='bbox 1003 2015 1210 2086; x_wconf 90' lang='lat' dir='ltr'>simul</span> <span class='ocrx_word' id='word_1_189' title='bbox 1262 2014 1563 2096; x_wconf 87' lang='lat' dir='ltr'>sedebat,</span> <span class='ocrx_word' id='word_1_190' title='bbox 1616 2028 1681 2083; x_wconf 90' lang='lat' dir='ltr'>et</span> <span class='ocrx_word' id='word_1_191' title='bbox 1730 2014 2117 2105; x_wconf 87' lang='lat' dir='ltr'>flagellum,</span> <span class='ocrx_word' id='word_1_192' title='bbox 2170 2015 2347 2101; x_wconf 92' lang='lat' dir='ltr'>quod</span> <span class='ocrx_word' id='word_1_193' title='bbox 2401 2014 2775 2101; x_wconf 91' lang='lat' dir='ltr'>aliquando</span> <span class='ocrx_word' id='word_1_194' title='bbox 2832 2037 3111 2105; x_wconf 88' lang='lat' dir='ltr'>accepe-</span> 
     </span>
     <span class='ocr_line' id='line_1_21' title="bbox 573 2103 3105 2193; baseline -0.001 -19"><span class='ocrx_word' id='word_1_195' title='bbox 573 2128 746 2186; x_wconf 89' lang='lat' dir='ltr'>ram,</span> <span class='ocrx_word' id='word_1_196' title='bbox 791 2127 1030 2173; x_wconf 93' lang='lat' dir='ltr'>eorum</span> <span class='ocrx_word' id='word_1_197' title='bbox 1080 2103 1253 2172; x_wconf 89' lang='lat' dir='ltr'>mihi</span> <span class='ocrx_word' id='word_1_198' title='bbox 1292 2104 1558 2193; x_wconf 87' lang='lat' dir='ltr'>judicio</span> <span class='ocrx_word' id='word_1_199' title='bbox 1610 2103 1994 2172; x_wconf 86' lang='lat' dir='ltr'>tollebatur.</span> <span class='ocrx_word' id='word_1_200' title='bbox 2025 2103 2149 2173; x_wconf 86' lang='lat' dir='ltr'>Sed</span> <span class='ocrx_word' id='word_1_201' title='bbox 2182 2115 2602 2193; x_wconf 88' lang='lat' dir='ltr'>percontare,</span> <span class='ocrx_word' id='word_1_202' title='bbox 2632 2104 2953 2190; x_wconf 92' lang='lat' dir='ltr'>quisnam</span> <span class='ocrx_word' id='word_1_203' title='bbox 2997 2104 3105 2174; x_wconf 89' lang='lat' dir='ltr'>sit.</span> 
     </span>
     <span class='ocr_line' id='line_1_22' title="bbox 573 2191 3104 2283; baseline -0.002 -18"><span class='ocrx_word' id='word_1_204' title='bbox 573 2200 738 2265; x_wconf 87' lang='lat' dir='ltr'>Nam</span> <span class='ocrx_word' id='word_1_205' title='bbox 798 2215 923 2283; x_wconf 89' lang='lat' dir='ltr'>ego</span> <span class='ocrx_word' id='word_1_206' title='bbox 976 2193 1164 2262; x_wconf 91' lang='lat' dir='ltr'>hunc</span> <span class='ocrx_word' id='word_1_207' title='bbox 1228 2192 1397 2261; x_wconf 88' lang='lat' dir='ltr'>tanti</span> <span class='ocrx_word' id='word_1_208' title='bbox 1456 2192 1681 2261; x_wconf 90' lang='lat' dir='ltr'>meriti</span> <span class='ocrx_word' id='word_1_209' title='bbox 1736 2194 1996 2272; x_wconf 88' lang='lat' dir='ltr'>virum,</span> <span class='ocrx_word' id='word_1_210' title='bbox 2054 2191 2455 2282; x_wconf 89' lang='lat' dir='ltr'>popularem</span> <span class='ocrx_word' id='word_1_211' title='bbox 2521 2205 2593 2261; x_wconf 93' lang='lat' dir='ltr'>ut</span> <span class='ocrx_word' id='word_1_212' title='bbox 2642 2192 3104 2283; x_wconf 90' lang='lat' dir='ltr'>conspicitur,</span> 
     </span>
     <span class='ocr_line' id='line_1_23' title="bbox 571 2280 3105 2372; baseline -0.002 -19"><span class='ocrx_word' id='word_1_213' title='bbox 571 2306 719 2354; x_wconf 88' lang='lat' dir='ltr'>esse</span> <span class='ocrx_word' id='word_1_214' title='bbox 784 2303 919 2351; x_wconf 90' lang='lat' dir='ltr'>non</span> <span class='ocrx_word' id='word_1_215' title='bbox 987 2281 1324 2370; x_wconf 88' lang='lat' dir='ltr'>suspicor.</span> <span class='ocrx_word' id='word_1_216' title='bbox 1392 2287 1582 2350; x_wconf 91' lang='lat' dir='ltr'>Tunc</span> <span class='ocrx_word' id='word_1_217' title='bbox 1659 2282 1838 2371; x_wconf 89' lang='lat' dir='ltr'>regis</span> <span class='ocrx_word' id='word_1_218' title='bbox 1909 2303 2119 2372; x_wconf 89' lang='lat' dir='ltr'>gener</span> <span class='ocrx_word' id='word_1_219' title='bbox 2166 2294 2421 2350; x_wconf 90' lang='lat' dir='ltr'>secreto</span> <span class='ocrx_word' id='word_1_220' title='bbox 2478 2281 2844 2350; x_wconf 88' lang='lat' dir='ltr'>Paulinum</span> <span class='ocrx_word' id='word_1_221' title='bbox 2907 2280 3105 2366; x_wconf 89' lang='lat' dir='ltr'>tulit,</span> 
     </span>
     <span class='ocr_line' id='line_1_24' title="bbox 571 2369 3109 2460; baseline -0.002 -18"><span class='ocrx_word' id='word_1_222' title='bbox 571 2384 636 2442; x_wconf 92' lang='lat' dir='ltr'>et</span> <span class='ocrx_word' id='word_1_223' title='bbox 688 2372 1011 2459; x_wconf 90' lang='lat' dir='ltr'>quisnam</span> <span class='ocrx_word' id='word_1_224' title='bbox 1084 2382 1282 2451; x_wconf 88' lang='lat' dir='ltr'>esset,</span> <span class='ocrx_word' id='word_1_225' title='bbox 1345 2369 1725 2458; x_wconf 89' lang='lat' dir='ltr'>inquisivit.</span> <span class='ocrx_word' id='word_1_226' title='bbox 1776 2369 1895 2439; x_wconf 86' lang='lat' dir='ltr'>Cui</span> <span class='ocrx_word' id='word_1_227' title='bbox 1963 2370 2062 2438; x_wconf 89' lang='lat' dir='ltr'>vir</span> <span class='ocrx_word' id='word_1_228' title='bbox 2124 2369 2394 2439; x_wconf 89' lang='lat' dir='ltr'>Domini</span> <span class='ocrx_word' id='word_1_229' title='bbox 2443 2370 2839 2460; x_wconf 89' lang='lat' dir='ltr'>respondit:</span> <span class='ocrx_word' id='word_1_230' title='bbox 2884 2394 2918 2435; x_wconf 90' lang='lat'>«</span> <span class='ocrx_word' id='word_1_231' title='bbox 2964 2375 3109 2439; x_wconf 89' lang='lat' dir='ltr'>Ser-</span> 
     </span>
     <span class='ocr_line' id='line_1_25' title="bbox 572 2458 3103 2551; baseline -0.002 -22"><span class='ocrx_word' id='word_1_232' title='bbox 572 2483 698 2531; x_wconf 91' lang='lat' dir='ltr'>vus</span> <span class='ocrx_word' id='word_1_233' title='bbox 745 2473 905 2530; x_wconf 91' lang='lat' dir='ltr'>tuus</span> <span class='ocrx_word' id='word_1_234' title='bbox 965 2481 1164 2540; x_wconf 90' lang='lat' dir='ltr'>sum,</span> <span class='ocrx_word' id='word_1_235' title='bbox 1243 2481 1449 2546; x_wconf 93' lang='lat' dir='ltr'>quem</span> <span class='ocrx_word' id='word_1_236' title='bbox 1528 2482 1650 2551; x_wconf 87' lang='lat' dir='ltr'>pro</span> <span class='ocrx_word' id='word_1_237' title='bbox 1724 2458 1866 2528; x_wconf 81' lang='lat' dir='ltr'>filio</span> <span class='ocrx_word' id='word_1_238' title='bbox 1939 2459 2182 2529; x_wconf 90' lang='lat' dir='ltr'>viduae</span> <span class='ocrx_word' id='word_1_239' title='bbox 2238 2459 2573 2529; x_wconf 88' lang='lat' dir='ltr'>vicarium</span> <span class='ocrx_word' id='word_1_240' title='bbox 2624 2458 3011 2550; x_wconf 89' lang='lat' dir='ltr'>suscepisti.</span> <span class='ocrx_word' id='word_1_241' title='bbox 3068 2481 3103 2524; x_wconf 85' lang='lat'><strong>»</strong></span> 
     </span>
     <span class='ocr_line' id='line_1_26' title="bbox 573 2548 3109 2636; baseline -0.002 -16"><span class='ocrx_word' id='word_1_242' title='bbox 573 2555 879 2636; x_wconf 90' lang='lat' dir='ltr'>Cumque</span> <span class='ocrx_word' id='word_1_243' title='bbox 943 2549 1278 2619; x_wconf 87' lang='lat' dir='ltr'>instanter</span> <span class='ocrx_word' id='word_1_244' title='bbox 1338 2548 1455 2617; x_wconf 89' lang='lat' dir='ltr'>ille</span> <span class='ocrx_word' id='word_1_245' title='bbox 1519 2549 1915 2634; x_wconf 89' lang='lat' dir='ltr'>requireret,</span> <span class='ocrx_word' id='word_1_246' title='bbox 1987 2560 2063 2617; x_wconf 88' lang='lat' dir='ltr'>ut</span> <span class='ocrx_word' id='word_1_247' title='bbox 2114 2570 2246 2617; x_wconf 89' lang='lat' dir='ltr'>non</span> <span class='ocrx_word' id='word_1_248' title='bbox 2296 2550 2454 2635; x_wconf 90' lang='lat' dir='ltr'>quis</span> <span class='ocrx_word' id='word_1_249' title='bbox 2500 2561 2715 2628; x_wconf 88' lang='lat' dir='ltr'>esset,</span> <span class='ocrx_word' id='word_1_250' title='bbox 2771 2549 2888 2618; x_wconf 91' lang='lat' dir='ltr'>sed</span> <span class='ocrx_word' id='word_1_251' title='bbox 2951 2548 3109 2635; x_wconf 92' lang='lat' dir='ltr'>quis</span> 
     </span>
     <span class='ocr_line' id='line_1_27' title="bbox 570 2637 3107 2724; baseline -0.001 -17"><span class='ocrx_word' id='word_1_252' title='bbox 570 2639 640 2707; x_wconf 90' lang='lat' dir='ltr'>in</span> <span class='ocrx_word' id='word_1_253' title='bbox 695 2652 872 2707; x_wconf 79' lang='lat' dir='ltr'>terra</span> <span class='ocrx_word' id='word_1_254' title='bbox 917 2660 1044 2706; x_wconf 91' lang='lat' dir='ltr'>sua</span> <span class='ocrx_word' id='word_1_255' title='bbox 1095 2637 1357 2718; x_wconf 84' lang='lat' dir='ltr'>fuisset,</span> <span class='ocrx_word' id='word_1_256' title='bbox 1424 2637 1781 2717; x_wconf 90' lang='lat' dir='ltr'>indicaret,</span> <span class='ocrx_word' id='word_1_257' title='bbox 1846 2651 2050 2724; x_wconf 92' lang='lat' dir='ltr'>atque</span> <span class='ocrx_word' id='word_1_258' title='bbox 2099 2637 2227 2707; x_wconf 90' lang='lat' dir='ltr'>hoc</span> <span class='ocrx_word' id='word_1_259' title='bbox 2281 2639 2367 2707; x_wconf 90' lang='lat' dir='ltr'>ab</span> <span class='ocrx_word' id='word_1_260' title='bbox 2425 2660 2502 2707; x_wconf 92' lang='lat' dir='ltr'>eo</span> <span class='ocrx_word' id='word_1_261' title='bbox 2553 2637 2904 2707; x_wconf 87' lang='lat' dir='ltr'>iteratione</span> <span class='ocrx_word' id='word_1_262' title='bbox 2973 2637 3107 2705; x_wconf 87' lang='lat' dir='ltr'>fre-</span> 
     </span>
     <span class='ocr_line' id='line_1_28' title="bbox 570 2725 3106 2816; baseline -0.001 -20"><span class='ocrx_word' id='word_1_263' title='bbox 570 2728 844 2814; x_wconf 88' lang='lat' dir='ltr'>quentis</span> <span class='ocrx_word' id='word_1_264' title='bbox 895 2725 1408 2813; x_wconf 79' lang='lat' dir='ltr'>inquisitioniS,</span> <span class='ocrx_word' id='word_1_265' title='bbox 1462 2727 1802 2816; x_wconf 81' lang='lat' dir='ltr'>exigeret,</span> <span class='ocrx_word' id='word_1_266' title='bbox 1857 2727 1958 2794; x_wconf 91' lang='lat' dir='ltr'>vir</span> <span class='ocrx_word' id='word_1_267' title='bbox 2026 2727 2298 2795; x_wconf 87' lang='lat' dir='ltr'>Domini</span> <span class='ocrx_word' id='word_1_268' title='bbox 2358 2727 2771 2796; x_wconf 90' lang='lat' dir='ltr'>constrictus</span> <span class='ocrx_word' id='word_1_269' title='bbox 2835 2726 3106 2814; x_wconf 88' lang='lat' dir='ltr'>magnis</span> 
     </span>
     <span class='ocr_line' id='line_1_29' title="bbox 570 2814 3102 2905; baseline -0.001 -21"><span class='ocrx_word' id='word_1_270' title='bbox 570 2815 1210 2903; x_wconf 80' lang='lat' dir='ltr'>conjurationibUS,</span> <span class='ocrx_word' id='word_1_271' title='bbox 1256 2814 1402 2903; x_wconf 88' lang='lat' dir='ltr'>jam</span> <span class='ocrx_word' id='word_1_272' title='bbox 1456 2837 1591 2885; x_wconf 91' lang='lat' dir='ltr'>non</span> <span class='ocrx_word' id='word_1_273' title='bbox 1630 2814 1865 2884; x_wconf 90' lang='lat' dir='ltr'>valens</span> <span class='ocrx_word' id='word_1_274' title='bbox 1915 2828 2165 2905; x_wconf 80' lang='lat' dir='ltr'>negare</span> <span class='ocrx_word' id='word_1_275' title='bbox 2212 2814 2376 2902; x_wconf 91' lang='lat' dir='ltr'>quid</span> <span class='ocrx_word' id='word_1_276' title='bbox 2427 2826 2646 2895; x_wconf 88' lang='lat' dir='ltr'>esset,</span> <span class='ocrx_word' id='word_1_277' title='bbox 2699 2836 2735 2882; x_wconf 93' lang='lat' dir='ltr'>e</span> <span class='ocrx_word' id='word_1_278' title='bbox 2791 2814 3102 2902; x_wconf 70' lang='lat' dir='ltr'>iScopum</span> 
     </span>
     <span class='ocr_line' id='line_1_30' title="bbox 571 2901 3104 2994; baseline -0.002 -20"><span class='ocrx_word' id='word_1_279' title='bbox 571 2928 643 2974; x_wconf 89' lang='lat' dir='ltr'>se</span> <span class='ocrx_word' id='word_1_280' title='bbox 692 2905 905 2974; x_wconf 87' lang='lat' dir='ltr'>fuisse</span> <span class='ocrx_word' id='word_1_281' title='bbox 947 2916 1231 2974; x_wconf 86' lang='lat' dir='ltr'>testatus</span> <span class='ocrx_word' id='word_1_282' title='bbox 1273 2916 1397 2972; x_wconf 90' lang='lat' dir='ltr'>est.</span> <span class='ocrx_word' id='word_1_283' title='bbox 1444 2903 1636 2986; x_wconf 92' lang='lat' dir='ltr'>Quod</span> <span class='ocrx_word' id='word_1_284' title='bbox 1677 2925 2029 2994; x_wconf 89' lang='lat' dir='ltr'>possessor</span> <span class='ocrx_word' id='word_1_285' title='bbox 2066 2904 2216 2992; x_wconf 86' lang='lat' dir='ltr'>ejus</span> <span class='ocrx_word' id='word_1_286' title='bbox 2265 2903 2558 2972; x_wconf 90' lang='lat' dir='ltr'>audiens</span> <span class='ocrx_word' id='word_1_287' title='bbox 2585 2959 2600 2985; x_wconf 93' lang='lat'>,</span> <span class='ocrx_word' id='word_1_288' title='bbox 2656 2926 2735 2973; x_wconf 88' lang='lat' dir='ltr'>va</span> <span class='ocrx_word' id='word_1_289' title='bbox 2767 2902 2847 2971; x_wconf 88' lang='lat' dir='ltr'>de</span> <span class='ocrx_word' id='word_1_290' title='bbox 2894 2901 3104 2992; x_wconf 87' lang='lat' dir='ltr'>perti-</span> 
     </span>
     <span class='ocr_line' id='line_1_31' title="bbox 570 2991 3106 3079; baseline 0 -18"><span class='ocrx_word' id='word_1_291' title='bbox 570 2993 770 3073; x_wconf 88' lang='lat' dir='ltr'>muit,</span> <span class='ocrx_word' id='word_1_292' title='bbox 807 3005 1009 3079; x_wconf 87' lang='lat' dir='ltr'>atque</span> <span class='ocrx_word' id='word_1_293' title='bbox 1049 2991 1408 3061; x_wconf 88' lang='lat' dir='ltr'>humiliter</span> <span class='ocrx_word' id='word_1_294' title='bbox 1439 2993 1710 3073; x_wconf 90' lang='lat' dir='ltr'>obtulit,</span> <span class='ocrx_word' id='word_1_295' title='bbox 1757 2993 1996 3061; x_wconf 78' lang='lat' dir='ltr'>dicens</span> <span class='ocrx_word' id='word_1_296' title='bbox 2034 3016 2046 3058; x_wconf 90' lang='lat'><strong>:</strong></span> <span class='ocrx_word' id='word_1_297' title='bbox 2087 3016 2122 3057; x_wconf 88' lang='lat'>«</span> <span class='ocrx_word' id='word_1_298' title='bbox 2158 2998 2310 3061; x_wconf 90' lang='lat' dir='ltr'>Pete</span> <span class='ocrx_word' id='word_1_299' title='bbox 2344 2993 2526 3079; x_wconf 92' lang='lat' dir='ltr'>quod</span> <span class='ocrx_word' id='word_1_300' title='bbox 2572 2993 2669 3062; x_wconf 91' lang='lat' dir='ltr'>vis</span> <span class='ocrx_word' id='word_1_301' title='bbox 2701 3048 2716 3069; x_wconf 90' lang='lat'>,</span> <span class='ocrx_word' id='word_1_302' title='bbox 2765 3003 3106 3078; x_wconf 85' lang='lat' dir='ltr'>quatenus</span> 
     </span>
     <span class='ocr_line' id='line_1_32' title="bbox 567 3080 3109 3170; baseline -0 -21"><span class='ocrx_word' id='word_1_303' title='bbox 567 3082 652 3149; x_wconf 92' lang='lat' dir='ltr'>ad</span> <span class='ocrx_word' id='word_1_304' title='bbox 709 3092 957 3151; x_wconf 87' lang='lat' dir='ltr'>terram</span> <span class='ocrx_word' id='word_1_305' title='bbox 1027 3094 1215 3148; x_wconf 90' lang='lat' dir='ltr'>tuam</span> <span class='ocrx_word' id='word_1_306' title='bbox 1268 3103 1308 3149; x_wconf 88' lang='lat' dir='ltr'>a</span> <span class='ocrx_word' id='word_1_307' title='bbox 1358 3102 1465 3150; x_wconf 91' lang='lat' dir='ltr'>me</span> <span class='ocrx_word' id='word_1_308' title='bbox 1511 3103 1671 3151; x_wconf 90' lang='lat' dir='ltr'>cum</span> <span class='ocrx_word' id='word_1_309' title='bbox 1725 3103 1975 3170; x_wconf 90' lang='lat' dir='ltr'>magno</span> <span class='ocrx_word' id='word_1_310' title='bbox 2037 3103 2322 3150; x_wconf 88' lang='lat' dir='ltr'>munere</span> <span class='ocrx_word' id='word_1_311' title='bbox 2370 3081 2815 3151; x_wconf 66' lang='lat' dir='ltr'>revertaris»</span> <span class='ocrx_word' id='word_1_312' title='bbox 2851 3080 2969 3148; x_wconf 89' lang='lat' dir='ltr'>Cui</span> <span class='ocrx_word' id='word_1_313' title='bbox 3003 3080 3109 3148; x_wconf 93' lang='lat' dir='ltr'>vir</span> 
     </span>
     <span class='ocr_line' id='line_1_33' title="bbox 571 3169 3106 3259; baseline 0 -21"><span class='ocrx_word' id='word_1_314' title='bbox 571 3170 846 3238; x_wconf 90' lang='lat' dir='ltr'>Domini</span> <span class='ocrx_word' id='word_1_315' title='bbox 894 3170 1227 3238; x_wconf 90' lang='lat' dir='ltr'>Paulinus</span> <span class='ocrx_word' id='word_1_316' title='bbox 1287 3169 1417 3238; x_wconf 88' lang='lat' dir='ltr'>ait:</span> <span class='ocrx_word' id='word_1_317' title='bbox 1479 3194 1513 3235; x_wconf 89' lang='lat'>«</span> <span class='ocrx_word' id='word_1_318' title='bbox 1572 3175 1797 3239; x_wconf 92' lang='lat' dir='ltr'>Unum</span> <span class='ocrx_word' id='word_1_319' title='bbox 1870 3183 2015 3250; x_wconf 77' lang='lat' dir='ltr'>est,</span> <span class='ocrx_word' id='word_1_320' title='bbox 2063 3169 2244 3256; x_wconf 92' lang='lat' dir='ltr'>quod</span> <span class='ocrx_word' id='word_1_321' title='bbox 2309 3170 2479 3238; x_wconf 87' lang='lat' dir='ltr'>mihi</span> <span class='ocrx_word' id='word_1_322' title='bbox 2540 3169 2940 3259; x_wconf 89' lang='lat' dir='ltr'>impendere</span> <span class='ocrx_word' id='word_1_323' title='bbox 2986 3169 3106 3238; x_wconf 88' lang='lat' dir='ltr'>be·</span> 
     </span>
     <span class='ocr_line' id='line_1_34' title="bbox 567 3256 3103 3357; baseline -0.001 -31"><span class='ocrx_word' id='word_1_324' title='bbox 567 3258 891 3328; x_wconf 86' lang='lat' dir='ltr'>neficium</span> <span class='ocrx_word' id='word_1_325' title='bbox 962 3271 1191 3357; x_wconf 87' lang='lat' dir='ltr'>potes,</span> <span class='ocrx_word' id='word_1_326' title='bbox 1261 3271 1340 3327; x_wconf 92' lang='lat' dir='ltr'>ut</span> <span class='ocrx_word' id='word_1_327' title='bbox 1399 3256 1639 3327; x_wconf 84' lang='lat' dir='ltr'>omnes</span> <span class='ocrx_word' id='word_1_328' title='bbox 1712 3259 2006 3328; x_wconf 88' lang='lat' dir='ltr'>civitatis</span> <span class='ocrx_word' id='word_1_329' title='bbox 2081 3280 2271 3327; x_wconf 90' lang='lat' dir='ltr'>meae</span> <span class='ocrx_word' id='word_1_330' title='bbox 2345 3258 2650 3349; x_wconf 88' lang='lat' dir='ltr'>captivos</span> <span class='ocrx_word' id='word_1_331' title='bbox 2724 3257 3002 3326; x_wconf 80' lang='lat' dir='ltr'>relaxes.</span> <span class='ocrx_word' id='word_1_332' title='bbox 3068 3282 3103 3323; x_wconf 81' lang='lat'>»</span> 
     </span>
     <span class='ocr_line' id='line_1_35' title="bbox 567 3346 3107 3437; baseline 0 -21"><span class='ocrx_word' id='word_1_333' title='bbox 567 3347 700 3430; x_wconf 88' lang='lat' dir='ltr'>Qui</span> <span class='ocrx_word' id='word_1_334' title='bbox 746 3358 978 3415; x_wconf 80' lang='lat' dir='ltr'>cuncti</span> <span class='ocrx_word' id='word_1_335' title='bbox 1030 3346 1344 3436; x_wconf 87' lang='lat' dir='ltr'>protinus</span> <span class='ocrx_word' id='word_1_336' title='bbox 1413 3346 1481 3415; x_wconf 92' lang='lat' dir='ltr'>in</span> <span class='ocrx_word' id='word_1_337' title='bbox 1531 3346 1845 3416; x_wconf 83' lang='lat' dir='ltr'>Africana</span> <span class='ocrx_word' id='word_1_338' title='bbox 1893 3347 2168 3437; x_wconf 85' lang='lat' dir='ltr'>regione</span> <span class='ocrx_word' id='word_1_339' title='bbox 2217 3348 2565 3434; x_wconf 90' lang='lat' dir='ltr'>requisiti,</span> <span class='ocrx_word' id='word_1_340' title='bbox 2625 3369 2787 3415; x_wconf 84' lang='lat' dir='ltr'>cum</span> <span class='ocrx_word' id='word_1_341' title='bbox 2836 3347 3107 3417; x_wconf 90' lang='lat' dir='ltr'>onustis</span> 
     </span>
     <span class='ocr_line' id='line_1_36' title="bbox 565 3434 3107 3525; baseline 0 -22"><span class='ocrx_word' id='word_1_342' title='bbox 565 3435 910 3504; x_wconf 82' lang='lat' dir='ltr'>frumento</span> <span class='ocrx_word' id='word_1_343' title='bbox 949 3434 1266 3515; x_wconf 80' lang='lat' dir='ltr'>navibuS,</span> <span class='ocrx_word' id='word_1_344' title='bbox 1313 3456 1435 3525; x_wconf 89' lang='lat' dir='ltr'>pro</span> <span class='ocrx_word' id='word_1_345' title='bbox 1471 3436 1840 3505; x_wconf 88' lang='lat' dir='ltr'>venerandi</span> <span class='ocrx_word' id='word_1_346' title='bbox 1874 3436 2144 3505; x_wconf 90' lang='lat' dir='ltr'>Paulini</span> <span class='ocrx_word' id='word_1_347' title='bbox 2179 3436 2301 3504; x_wconf 87' lang='lat' dir='ltr'>viri</span> <span class='ocrx_word' id='word_1_348' title='bbox 2335 3435 2818 3515; x_wconf 87' lang='lat' dir='ltr'>satisfactione,</span> <span class='ocrx_word' id='word_1_349' title='bbox 2855 3437 2925 3503; x_wconf 91' lang='lat' dir='ltr'>in</span> <span class='ocrx_word' id='word_1_350' title='bbox 2953 3435 3107 3522; x_wconf 85' lang='lat' dir='ltr'>ejus</span> 
     </span>
     <span class='ocr_line' id='line_1_37' title="bbox 562 3523 3103 3596; baseline 0 -3"><span class='ocrx_word' id='word_1_351' title='bbox 562 3524 894 3593; x_wconf 89' lang='lat' dir='ltr'>comitatu</span> <span class='ocrx_word' id='word_1_352' title='bbox 943 3523 1145 3592; x_wconf 87' lang='lat' dir='ltr'>laxati</span> <span class='ocrx_word' id='word_1_353' title='bbox 1196 3535 1382 3593; x_wconf 90' lang='lat' dir='ltr'>sunt.</span> <span class='ocrx_word' id='word_1_354' title='bbox 1437 3529 1591 3593; x_wconf 90' lang='lat' dir='ltr'>Post</span> <span class='ocrx_word' id='word_1_355' title='bbox 1640 3546 1776 3593; x_wconf 92' lang='lat' dir='ltr'>non</span> <span class='ocrx_word' id='word_1_356' title='bbox 1828 3525 2080 3593; x_wconf 91' lang='lat' dir='ltr'>multos</span> <span class='ocrx_word' id='word_1_357' title='bbox 2129 3547 2281 3594; x_wconf 84' lang='lat' dir='ltr'>vero</span> <span class='ocrx_word' id='word_1_358' title='bbox 2315 3524 2462 3596; x_wconf 90' lang='lat' dir='ltr'>dies</span> <span class='ocrx_word' id='word_1_359' title='bbox 2493 3524 2956 3594; x_wconf 78' lang='lat' dir='ltr'>vandalorum</span> <span class='ocrx_word' id='word_1_360' title='bbox 2989 3548 3103 3595; x_wconf 86' lang='lat' dir='ltr'>rex</span> 
     </span>
     <span class='ocr_line' id='line_1_38' title="bbox 561 3610 3100 3713; baseline 0.001 -31"><span class='ocrx_word' id='word_1_361' title='bbox 561 3613 912 3692; x_wconf 87' lang='lat' dir='ltr'>occubuit,</span> <span class='ocrx_word' id='word_1_362' title='bbox 944 3625 1010 3681; x_wconf 90' lang='lat' dir='ltr'>et</span> <span class='ocrx_word' id='word_1_363' title='bbox 1040 3612 1419 3713; x_wconf 84' lang='lat' dir='ltr'>flagellum,</span> <span class='ocrx_word' id='word_1_364' title='bbox 1459 3613 1640 3699; x_wconf 92' lang='lat' dir='ltr'>quod</span> <span class='ocrx_word' id='word_1_365' title='bbox 1680 3613 1762 3682; x_wconf 92' lang='lat' dir='ltr'>ad</span> <span class='ocrx_word' id='word_1_366' title='bbox 1798 3634 1996 3681; x_wconf 89' lang='lat' dir='ltr'>suam</span> <span class='ocrx_word' id='word_1_367' title='bbox 2036 3610 2431 3703; x_wconf 86' lang='lat' dir='ltr'>perniciem,</span> <span class='ocrx_word' id='word_1_368' title='bbox 2470 3613 2914 3704; x_wconf 88' lang='lat' dir='ltr'>dispensante</span> <span class='ocrx_word' id='word_1_369' title='bbox 2944 3618 3100 3693; x_wconf 90' lang='lat' dir='ltr'>Deo,</span> 
     </span>
     <span class='ocr_line' id='line_1_39' title="bbox 560 3699 3106 3792; baseline 0.001 -23"><span class='ocrx_word' id='word_1_370' title='bbox 560 3722 687 3791; x_wconf 91' lang='lat' dir='ltr'>pro</span> <span class='ocrx_word' id='word_1_371' title='bbox 736 3699 1047 3770; x_wconf 83' lang='lat' dir='ltr'>fidelium</span> <span class='ocrx_word' id='word_1_372' title='bbox 1091 3701 1462 3792; x_wconf 77' lang='lat' dir='ltr'>disciplina</span> <span class='ocrx_word' id='word_1_373' title='bbox 1514 3714 1869 3783; x_wconf 87' lang='lat' dir='ltr'>tenuerat,</span> <span class='ocrx_word' id='word_1_374' title='bbox 1922 3702 2177 3771; x_wconf 88' lang='lat' dir='ltr'>amisit.</span> <span class='ocrx_word' id='word_1_375' title='bbox 2235 3703 2479 3789; x_wconf 91' lang='lat' dir='ltr'>Sicque</span> <span class='ocrx_word' id='word_1_376' title='bbox 2527 3702 2781 3772; x_wconf 86' lang='lat' dir='ltr'>factum</span> <span class='ocrx_word' id='word_1_377' title='bbox 2823 3715 2975 3783; x_wconf 90' lang='lat' dir='ltr'>est,</span> <span class='ocrx_word' id='word_1_378' title='bbox 3029 3713 3106 3772; x_wconf 93' lang='lat' dir='ltr'>ut</span> 
     </span>
     <span class='ocr_line' id='line_1_40' title="bbox 560 3788 3104 3880; baseline 0 -21"><span class='ocrx_word' id='word_1_379' title='bbox 560 3788 1051 3878; x_wconf 79' lang='lat' dir='ltr'>omnipotentis</span> <span class='ocrx_word' id='word_1_380' title='bbox 1089 3791 1203 3858; x_wconf 89' lang='lat' dir='ltr'>Dei</span> <span class='ocrx_word' id='word_1_381' title='bbox 1236 3790 1539 3859; x_wconf 85' lang='lat' dir='ltr'>famulus</span> <span class='ocrx_word' id='word_1_382' title='bbox 1572 3790 1905 3859; x_wconf 89' lang='lat' dir='ltr'>Paulinus</span> <span class='ocrx_word' id='word_1_383' title='bbox 1953 3813 2110 3860; x_wconf 90' lang='lat' dir='ltr'>vera</span> <span class='ocrx_word' id='word_1_384' title='bbox 2146 3791 2587 3880; x_wconf 86' lang='lat' dir='ltr'>praediceret,</span> <span class='ocrx_word' id='word_1_385' title='bbox 2619 3802 2697 3871; x_wconf 73' lang='lat' dir='ltr'>⁸et</span> <span class='ocrx_word' id='word_1_386' title='bbox 2740 3792 2863 3878; x_wconf 89' lang='lat' dir='ltr'>qui</span> <span class='ocrx_word' id='word_1_387' title='bbox 2909 3813 2982 3860; x_wconf 92' lang='lat' dir='ltr'>se</span> <span class='ocrx_word' id='word_1_388' title='bbox 3031 3792 3104 3860; x_wconf 88' lang='lat' dir='ltr'>in</span> 
     </span>
     <span class='ocr_line' id='line_1_41' title="bbox 562 3877 3106 3958; baseline 0 -11"><span class='ocrx_word' id='word_1_389' title='bbox 562 3877 919 3947; x_wconf 90' lang='lat' dir='ltr'>servitium</span> <span class='ocrx_word' id='word_1_390' title='bbox 972 3878 1197 3948; x_wconf 92' lang='lat' dir='ltr'>solum</span> <span class='ocrx_word' id='word_1_391' title='bbox 1251 3878 1647 3958; x_wconf 90' lang='lat' dir='ltr'>tradiderat,</span> <span class='ocrx_word' id='word_1_392' title='bbox 1702 3902 1862 3948; x_wconf 91' lang='lat' dir='ltr'>cum</span> <span class='ocrx_word' id='word_1_393' title='bbox 1915 3879 2152 3949; x_wconf 90' lang='lat' dir='ltr'>multis</span> <span class='ocrx_word' id='word_1_394' title='bbox 2192 3903 2229 3948; x_wconf 94' lang='lat' dir='ltr'>a</span> <span class='ocrx_word' id='word_1_395' title='bbox 2261 3880 2535 3950; x_wconf 89' lang='lat' dir='ltr'>servitio</span> <span class='ocrx_word' id='word_1_396' title='bbox 2583 3881 2668 3950; x_wconf 91' lang='lat' dir='ltr'>ad</span> <span class='ocrx_word' id='word_1_397' title='bbox 2723 3880 3106 3950; x_wconf 89' lang='lat' dir='ltr'>libertatem</span> 
     </span>
     <span class='ocr_line' id='line_1_42' title="bbox 561 3965 3106 4059; baseline 0.002 -25"><span class='ocrx_word' id='word_1_398' title='bbox 561 3965 850 4036; x_wconf 87' lang='lat' dir='ltr'>rediret:</span> <span class='ocrx_word' id='word_1_399' title='bbox 906 3967 1105 4037; x_wconf 92' lang='lat' dir='ltr'>illum</span> <span class='ocrx_word' id='word_1_400' title='bbox 1148 3965 1463 4036; x_wconf 89' lang='lat' dir='ltr'>videlicet</span> <span class='ocrx_word' id='word_1_401' title='bbox 1510 3968 1841 4049; x_wconf 79' lang='lat' dir='ltr'>imitatuS,</span> <span class='ocrx_word' id='word_1_402' title='bbox 1873 3968 1994 4054; x_wconf 92' lang='lat' dir='ltr'>qui</span> <span class='ocrx_word' id='word_1_403' title='bbox 2026 3968 2315 4038; x_wconf 86' lang='lat' dir='ltr'>sormam</span> <span class='ocrx_word' id='word_1_404' title='bbox 2353 3969 2529 4040; x_wconf 90' lang='lat' dir='ltr'>servi</span> <span class='ocrx_word' id='word_1_405' title='bbox 2561 3971 2961 4059; x_wconf 89' lang='lat' dir='ltr'>assumpsit,</span> <span class='ocrx_word' id='word_1_406' title='bbox 3019 3992 3106 4040; x_wconf 91' lang='lat' dir='ltr'>ne</span> 
     </span>
     <span class='ocr_line' id='line_1_43' title="bbox 563 4056 3103 4148; baseline 0.002 -24"><span class='ocrx_word' id='word_1_407' title='bbox 563 4077 693 4125; x_wconf 90' lang='lat' dir='ltr'>nos</span> <span class='ocrx_word' id='word_1_408' title='bbox 739 4078 1050 4126; x_wconf 90' lang='lat' dir='ltr'>essemus</span> <span class='ocrx_word' id='word_1_409' title='bbox 1099 4056 1276 4124; x_wconf 89' lang='lat' dir='ltr'>servi</span> <span class='ocrx_word' id='word_1_410' title='bbox 1326 4056 1610 4146; x_wconf 90' lang='lat' dir='ltr'>peccati.</span> <span class='ocrx_word' id='word_1_411' title='bbox 1673 4056 1889 4144; x_wconf 86' lang='lat' dir='ltr'>Cujus</span> <span class='ocrx_word' id='word_1_412' title='bbox 1930 4078 2223 4144; x_wconf 89' lang='lat' dir='ltr'>sequens</span> <span class='ocrx_word' id='word_1_413' title='bbox 2271 4058 2554 4148; x_wconf 89' lang='lat' dir='ltr'>vestigia</span> <span class='ocrx_word' id='word_1_414' title='bbox 2614 4059 2968 4140; x_wconf 79' lang='lat' dir='ltr'>PaulinuS,</span> <span class='ocrx_word' id='word_1_415' title='bbox 3014 4059 3103 4128; x_wconf 91' lang='lat' dir='ltr'>ad</span> 
     </span>
     <span class='ocr_line' id='line_1_44' title="bbox 559 4144 3104 4238; baseline 0.001 -24"><span class='ocrx_word' id='word_1_416' title='bbox 559 4156 834 4235; x_wconf 89' lang='lat' dir='ltr'>tempus</span> <span class='ocrx_word' id='word_1_417' title='bbox 884 4144 1266 4215; x_wconf 86' lang='lat' dir='ltr'>voluntarie</span> <span class='ocrx_word' id='word_1_418' title='bbox 1314 4166 1551 4214; x_wconf 87' lang='lat' dir='ltr'>servus</span> <span class='ocrx_word' id='word_1_419' title='bbox 1601 4144 1822 4216; x_wconf 86' lang='lat' dir='ltr'>factus</span> <span class='ocrx_word' id='word_1_420' title='bbox 1869 4159 1971 4215; x_wconf 88' lang='lat' dir='ltr'>est</span> <span class='ocrx_word' id='word_1_421' title='bbox 2029 4146 2245 4227; x_wconf 82' lang='lat' dir='ltr'>soluS,</span> <span class='ocrx_word' id='word_1_422' title='bbox 2302 4158 2376 4216; x_wconf 89' lang='lat' dir='ltr'>ut</span> <span class='ocrx_word' id='word_1_423' title='bbox 2431 4159 2609 4216; x_wconf 90' lang='lat' dir='ltr'>esset</span> <span class='ocrx_word' id='word_1_424' title='bbox 2657 4148 3104 4238; x_wconf 90' lang='lat' dir='ltr'>postmodum</span> 
     </span>
     <span class='ocr_line' id='line_1_45' title="bbox 558 4231 1247 4303; baseline 0 -2"><span class='ocrx_word' id='word_1_425' title='bbox 558 4232 732 4302; x_wconf 89' lang='lat' dir='ltr'>liber</span> <span class='ocrx_word' id='word_1_426' title='bbox 779 4256 938 4303; x_wconf 92' lang='lat' dir='ltr'>cum</span> <span class='ocrx_word' id='word_1_427' title='bbox 987 4231 1247 4302; x_wconf 90' lang='lat' dir='ltr'>multis.</span> 
     </span>
    </p>

    <p class='ocr_par' dir='ltr' id='par_1_3' title="bbox 556 4320 3098 4503">
     <span class='ocr_line' id='line_1_46' title="bbox 647 4320 3097 4414; baseline 0 -20"><span class='ocrx_word' id='word_1_428' title='bbox 647 4330 685 4403; x_wconf 71' lang='grc' dir='ltr'>ἓ</span> <span class='ocrx_word' id='word_1_429' title='bbox 726 4327 812 4394; x_wconf 76' lang='grc'>4.</span> <span class='ocrx_word' id='word_1_430' title='bbox 862 4326 949 4389; x_wconf 90' lang='lat' dir='ltr'>De</span> <span class='ocrx_word' id='word_1_431' title='bbox 987 4321 1195 4407; x_wconf 87' lang='lat' dir='ltr'>cujus</span> <span class='ocrx_word' id='word_1_432' title='bbox 1240 4320 1444 4392; x_wconf 91' lang='lat' dir='ltr'>etiam</span> <span class='ocrx_word' id='word_1_433' title='bbox 1499 4333 1717 4391; x_wconf 87' lang='lat' dir='ltr'>morte</span> <span class='ocrx_word' id='word_1_434' title='bbox 1764 4322 1948 4413; x_wconf 91' lang='lat' dir='ltr'>apud</span> <span class='ocrx_word' id='word_1_435' title='bbox 1999 4321 2155 4410; x_wconf 85' lang='lat' dir='ltr'>ejus</span> <span class='ocrx_word' id='word_1_436' title='bbox 2202 4322 2561 4394; x_wconf 89' lang='lat' dir='ltr'>ecclesiam</span> <span class='ocrx_word' id='word_1_437' title='bbox 2597 4324 2931 4414; x_wconf 89' lang='lat' dir='ltr'>scriptum</span> <span class='ocrx_word' id='word_1_438' title='bbox 2967 4338 3097 4407; x_wconf 89' lang='lat' dir='ltr'>est,</span> 
     </span>
     <span class='ocr_line' id='line_1_47' title="bbox 556 4409 3098 4503; baseline 0.001 -24"><span class='ocrx_word' id='word_1_439' title='bbox 556 4411 722 4497; x_wconf 88' lang='lat' dir='ltr'>quia</span> <span class='ocrx_word' id='word_1_440' title='bbox 768 4431 927 4479; x_wconf 91' lang='lat' dir='ltr'>cum</span> <span class='ocrx_word' id='word_1_441' title='bbox 977 4409 1213 4480; x_wconf 91' lang='lat' dir='ltr'>dolore</span> <span class='ocrx_word' id='word_1_442' title='bbox 1258 4422 1434 4480; x_wconf 89' lang='lat' dir='ltr'>esset</span> <span class='ocrx_word' id='word_1_443' title='bbox 1487 4410 1720 4481; x_wconf 88' lang='lat' dir='ltr'>lateris</span> <span class='ocrx_word' id='word_1_444' title='bbox 1772 4424 2012 4492; x_wconf 89' lang='lat' dir='ltr'>tactus,</span> <span class='ocrx_word' id='word_1_445' title='bbox 2068 4411 2154 4481; x_wconf 93' lang='lat' dir='ltr'>ad</span> <span class='ocrx_word' id='word_1_446' title='bbox 2189 4424 2490 4482; x_wconf 85' lang='lat' dir='ltr'>extrema</span> <span class='ocrx_word' id='word_1_447' title='bbox 2547 4413 2921 4503; x_wconf 88' lang='lat' dir='ltr'>perductus</span> <span class='ocrx_word' id='word_1_448' title='bbox 2967 4426 3098 4483; x_wconf 90' lang='lat' dir='ltr'>est.</span> 
     </span>
    </p>
   </div>
  </div>
 </body>
</html>
