3357 4995
187 332 378 410 unffi
423 335 463 396 5
833 349 910 396 ns
958 349 1013 396 s.
1067 344 1405 397 commem
1454 347 1652 396 muse.
1705 347 1782 395 ar
1829 343 2018 395 mar.
2484 330 2609 394 ⁴25

190 433 360 503 facile
427 433 658 506 licebit
716 432 1059 524 intelligi,
1139 446 1396 520 quanto
1466 432 1928 522 perfectiores
1971 432 2301 522 neophyti
2373 431 2487 501 isti
2525 430 2704 500 -fue-

196 522 312 592 rint
350 524 533 593 hisce
595 522 909 613 patribus
974 522 1440 593 doctissimis:
1494 522 1615 608 qui
1682 542 1815 590 non
1894 519 2099 589 modo
2147 519 2332 609 apud
2387 542 2455 589 re
2507 542 2579 588 es
2642 532 2709 589 et

200 612 511 702 principes
561 611 869 681 locorum
905 623 1300 680 sanctorum
1354 609 1724 679 utilitatem
1776 620 1842 678 et
1901 608 2271 679 commoda
2320 630 2454 698 neg
2483 610 2707 698 igunt,

196 699 291 768 sed
336 700 463 792 ipsi
525 701 731 769 etiam
781 699 929 768 loca
990 712 1225 769 sancta
1288 698 1460 788 ipsis
1496 696 1872 768 commissa
1921 696 2149 767 modis
2197 697 2528 767 omnibus
2590 695 2710 766 de-

195 801 459 858 struunt.
505 792 558 857 Ο
608 808 854 860 mores.
893 788 1083 857 omni
1137 787 1601 876 lacrymarum
1654 785 1838 855 fonte
1883 784 2345 875 plangendos!
2401 789 2451 854 Ο
2503 785 2708 854 mise-

190 877 446 947 randam
473 876 685 946 nimis
710 876 1050 965 ejusmodi
1076 891 1346 945 morum
1374 876 1850 953 mutationem,
1870 874 2151 960 quando
2172 874 2366 963 pueri
2390 872 2699 951 senibus,

188 968 349 1042 caeci
387 966 807 1045 videntibu5‚
856 964 947 1033 im
1005 965 1156 1033 eriti
1211 963 1470 1053 peritis,
1514 963 1670 1033 laici
1701 963 1972 1033 clericis
2005 962 2471 1051 religiosiores
2518 981 2707 1029 com-

184 1057 562 1143 periuntur!
619 1053 796 1124 Olim
848 1076 965 1123 mu
1000 1053 1043 1123 t'
1136 1054 1205 1121 in
1260 1053 1656 1141 provinciis,
1710 1052 1835 1122 ubi
1884 1050 2560 1122 sanctae·Ecclesiae
2608 1050 2708 1115 vi-

181 1144 310 1213 neis
357 1165 596 1214 recens
645 1142 992 1232 plantatiS‚
1026 1075 1344 1210 1Rodum
1410 1143 1508 1210 vel
1580 1142 1817 1216 notitia
1868 1139 2297 1230 spiritalium
2349 1138 2702 1207 fructuum

178 1232 253 1299 ad
297 1252 538 1302 omnes
632 1231 846 1300 erlata
890 1244 1059 1310 erat,
1098 1229 1425 1320 permulti
1486 1229 1612 1298 viri
1670 1227 2018 1302 seculares
2067 1228 2295 1297 dicere
2343 1227 2699 1298 solebant:

179 1253 735 1408 Quandoquigem
784 1319 870 1388 ob
921 1331 1222 1388 nostram
1287 1317 1725 1418 fragilitatem
1791 1339 1831 1386 a
1881 1316 2126 1387 mundi
2179 1315 2646 1405 voluptatibus
2678 1369 2693 1394 ,

179 1410 415 1494 quibus
462 1408 918 1487 assuevimuS‚
957 1407 1252 1477 necdum
1285 1407 1436 1497 'ipsi
1479 1408 1755 1498 penitus
1804 1428 1930 1477 nos
1977 1405 2330 1475 continere
2360 1404 2695 1480 valemus,

180 1496 397 1567 saltem
450 1497 626 1567 alios
672 1517 1168 1587 congregemus
1196 1496 1314 1583 qui
1351 1500 1483 1565 Deo
1532 1495 1853 1574 serviant,
1904 1493 2195 1581 illosque
2246 1494 2500 1562 nostris
2546 1492 2700 1582 opi-

180 1587 296 1658 bus
326 1598 820 1664 sustenternuS,
877 1599 953 1654 ut
1003 1583 1100 1653 illi
1152 1585 1297 1653 suis
1352 1585 1671 1674 precibus
1718 1584 2011 1669 aliisque
2043 1582 2293 1652 studiis
2326 1580 2706 1671 spirituali-

181 1675 297 1744 bus
344 1696 481 1745 non
527 1673 817 1751 foveant,
878 1695 960 1742 ne
1010 1695 1396 1763 pereamus.
1453 1678 1528 1742 At
1577 1694 1789 1750 nunc,
1834 1671 2115 1760 quando
2166 1672 2496 1739 virtutum
2556 1691 2706 1738 om-

180 1763 355 1832 nium
403 1763 731 1854 cognitio,
787 1760 887 1830 vel
936 1761 1352 1861 experientia
1416 1761 1517 1830 vel
1569 1762 1858 1832 lectione
1896 1773 2269 1850 comperta,
2344 1780 2515 1848 pene
2563 1779 2707 1827 om-

183 1852 377 1922 nibus
402 1851 728 1932 innotuit,
763 1871 885 1919 nec
915 1871 1283 1937 quisquam
1320 1872 1355 1919 e
1389 1850 1720 1939 religione
1751 1849 2183 1924 Christianus
2209 1848 2437 1917 dicere
2467 1859 2706 1937 potest,

181 1961 371 2010 nemo
419 1963 549 2010 nos
595 1939 968 2009 conduxit:
1003 1951 1146 2008 tum
1176 1937 1433 2019 clerici,
1469 1952 1613 2008 tum
1649 1938 1808 2008 laici
1841 1937 2168 2028 permulti
2203 1937 2432 2006 dicere
2463 1935 2705 2006 solent:

179 2033 513 2110 Quorsum
564 2029 804 2097 attinet
851 2040 946 2096 tot
991 2041 1217 2096 extare
1266 2028 1703 2108 monasteria,
1745 2040 1901 2096 tota
1956 2027 2145 2095 mina
2178 2025 2711 2095 monachorum?

178 2121 546 2188 Praestaret
572 2139 651 2186 ea
673 2116 981 2217 praedia,
1026 2138 1106 2184 ex
1132 2114 1389 2203 quibus
1415 2116 1735 2184 monachi
1779 2115 1897 2185 nul
1931 2137 1971 2184 o
2003 2114 2232 2184 fructu
2274 2115 2706 2214 saginantur,

181 2210 422 2277 nostris
458 2205 754 2276 servitiis
793 2206 1157 2295 assignari.
1201 2209 1401 2284 Haec,
1435 2205 1747 2291 inquam,
1786 2225 1922 2273 non
1971 2203 2172 2293 pauci
2201 2202 2445 2282 verbis,
2479 2202 2714 2290 plures

175 2314 240 2362 re
286 2296 304 2362 i
361 2319 439 2366 sa
490 2294 910 2381 loquuntur:
963 2293 1162 2380 quasi
1214 2291 1955 2382 illorumfimprobitas
2001 2305 2067 2362 et
2121 2291 2423 2379 nequitia
2476 2291 2711 2359 minus

178 2384 257 2450 sit
342 2397 548 2454 atura
596 2403 872 2472 poenas,
912 2384 970 2450 si
1023 2381 1259 2452 nullus
1294 2382 1600 2471 supersit
1648 2381 2037 2453 monachus
2065 2382 2121 2448 ¹⁸.

257 2475 293 2559 ξ
344 2476 506 2546 84.
559 2475 638 2542 At
670 2469 1166 2541 carolomanno
1202 2469 1405 2561 longe
1453 2470 1590 2540 alia
1643 2491 1840 2541 mens
1888 2469 2053 2540 fuit:
2099 2468 2221 2557 qui
2286 2469 2465 2547 licet,
2524 2481 2713 2536 ante-

176 2582 372 2646 quam
426 2573 608 2632 esset
646 2565 714 2631 S.
748 2560 1077 2630 Bonisacii
1125 2560 1577 2629 concionibus
1629 2560 2008 2639 institutus,
2064 2558 2150 2627 de
2197 2558 2583 2627 Christiana
2613 2578 2714 2624 re·

179 2648 425 2740 ligione
472 2672 713 2739 parum
764 2649 1076 2719 sciverit:
1130 2662 1426 2718 attamen
1478 2647 1670 2718 illius
1719 2647 2317 2717 adhortationibus
2351 2646 2419 2713 in
2472 2645 2716 2714 timore

177 2754 235 2806 et
277 2761 514 2808 amore
565 2739 676 2806 Dei
725 2739 1033 2807 celeriter
1083 2739 1172 2806 ita
1226 2736 1563 2827 perfectus
1601 2759 1751 2807 esse
1784 2738 2028 2825 coepit,
2064 2748 2141 2805 ut
2167 2736 2471 2803 humana
2500 2732 2710 2801 simul

180 2840 236 2894 et
289 2828 528 2897 divina
576 2827 920 2926 sapienter
965 2826 1405 2916 disponeret,
1475 2825 1786 2912 nihilque
1824 2826 1986 2914 jura
2055 2823 2393 2893 secularia
2459 2822 2719 2908 absque

186 2916 401 2987 cultus
453 2915 673 2985 divim
721 2914 1342 2996 administratione,
1375 2915 1487 2984 cui
1518 2914 1897 2983 monastica
1934 2914 2064 2982 vita
2095 2911 2369 2981 addicta
2408 2924 2532 2992 est,
2566 2930 2718 2999 pro-

132 3042 143 3051 ·
186 3001 369 3075 ficere
423 3025 559 3074 non
600 3004 964 3094 ignoraret.
1004 3008 1103 3072 lta
1148 3017 1214 3073 et
1264 3003 1543 3073 Carolus
1577 3008 1888 3092 MagnuS,
1943 3000 2132 3071 filius
2165 3000 2394 3070 fratris
2433 3001 2584 3090 eJus
2610 2999 2716 3067 Pi-

186 3092 317 3189 pini
361 3093 490 3181 qui
523 3094 609 3162 ab
656 3096 830 3164 urbe
862 3098 1169 3162 Romana
1198 3114 1420 3179 usque
1467 3093 1534 3160 in
1576 3091 1938 3170 Phrisiam,
1993 3090 2080 3159 ab
2115 3089 2469 3179 Hungaria
2494 3109 2718 3174 usque

186 3201 247 3247 in
279 3182 702 3252 Britanniam
754 3202 964 3271 regna
1002 3181 1238 3250 omnia
1285 3181 1417 3250 sibi
1454 3179 1752 3270 subegit,
1790 3200 1950 3249 cum
2004 3180 2088 3249 iis
2143 3179 2210 3246 in
2262 3200 2460 3248 suam
2511 3177 2715 3253 ditio÷

188 3288 328 3340 nem
399 3270 547 3340 redi
598 3269 797 3341 endis
843 3283 1020 3339 esset
1066 3283 1446 3359 occupatus
1482 3323 1497 3348 ,
1567 3290 1701 3337 non
1770 3268 1968 3338 aliter
2015 3267 2150 3337 sibi
2203 3267 2552 3336 victoriam
2620 3275 2721 3334 est

188 3377 385 3431 ausus
431 3359 539 3449 pol
573 3359 759 3436 meri,
798 3359 934 3427 nisi
969 3359 1240 3427 interim
1280 3356 1694 3428 monasteria
1748 3357 2007 3437 omnia,
2053 3357 2134 3424 in„
2174 3355 2260 3425 iis
2314 3355 2545 3445 regnis
2600 3376 2713 3422 ex-

192 3457 419 3526 tructa,
472 3448 706 3535 aliquo
747 3447 1079 3516 beneficio
1126 3460 1428 3537 augeret.
1488 3451 1636 3528 Qua
1685 3445 1753 3513 in
1805 3468 1874 3513 re
1923 3446 1982 3514 si
2030 3446 2188 3532 quis
2237 3464 2482 3534 parum
2544 3441 2717 3509 mihi

190 3536 412 3616 credit,
455 3537 631 3626 legat
682 3536 1027 3625 imprimis
1119 3548 1262 3604 esta
1311 3535 1534 3605 illius:
1589 3533 1839 3603 deinde
1891 3533 2255 3624 perlustret
2304 3531 2720 3601 monasteria

192 3642 349 3710 quae
387 3625 540 3715 ejus
590 3637 892 3725 tempore
930 3624 1051 3693 fun
1106 3637 1214 3693 ata
1265 3625 1506 3694 habuit
1536 3622 1756 3703 Italia,
1815 3622 2056 3702 Gallia,
2111 3620 2500 3699 Germania,
2532 3641 2720 3688 com-

192 3714 527 3801 perietque
558 3735 637 3783 ea
668 3713 901 3799 aliqua
941 3713 1158 3782 Caroli
1210 3712 1616 3782 liberalitate
1667 3725 2024 3781 provecta:
2065 3709 2198 3779 alia
2246 3708 2528 3796 quidem
2580 3708 2719 3798 pri-

194 3800 424 3889 vilegio
461 3802 765 3889 quodam
820 3801 1175 3882 libertatis,
1231 3801 1367 3871 alia
1420 3786 1741 3892 praediiS,
1781 3801 1915 3870 nisi
1963 3799 2134 3869 forte
2187 3819 2266 3866 ea
2317 3797 2723 3888 posteriores

196 3908 374 3978 leges
422 3890 523 3981 γε]
576 3890 893 3980 Episcopi
961 3890 1100 3961 illis
1147 3889 1515 3960 abstulere.
1556 3895 1633 3959 Et
1682 3901 1865 3958 certe
1918 3910 2111 3977 reges
2165 3887 2452 3974 aliquot,
2507 3885 2725 3955 Caroli

194 3996 636 4076 successores,
675 3978 832 4048 licet
877 3978 1136 4066 alioqui
1174 3979 1547 4070 praeclaris
1601 3978 1917 4047 moribus
1949 3976 2325 4062 multisque
2365 3974 2569 4046 laude
2622 3974 2727 4042 di-

195 4085 340 4153 gnis
386 4067 638 4138 studiis
695 4067 1076 4148 floruerint,
1129 4090 1210 4136 ea
1280 4081 1507 4137 tamen
1558 4069 1627 4136 in
1683 4089 1755 4136 re
1814 4088 1948 4135 non
2002 4064 2438 4135 mediocriter
2485 4084 2727 4153 pecca-

195 4168 367 4235 runt,
415 4155 599 4243 quod
654 4155 991 4226 nonnulla
1043 4157 1458 4226 monasteria
1497 4156 1596 4224 vel
1647 4156 1784 4243 ipsi
1821 4169 1977 4226 tum
2032 4155 2371 4223 immensa
2426 4151 2726 4239 quadam

243 4350 266 4375 '
294 4352 362 4391 En
388 4353 442 4392 de
469 4353 543 4394 his
568 4353 851 4402 jampridem
881 4355 1168 4404 conque-tus
1199 4355 1273 4394 est
1302 4353 1447 4401 hujus
1478 4352 1609 4393 vitae
1629 4353 1847 4401 scriptor,
1867 4361 1987 4402 quae
2007 4352 2182 4401 passim
2204 4359 2231 4391 a
2252 4352 2430 4392 saeculi
2451 4348 2645 4391 asseclis
2664 4349 2728 4389 er-

196 4401 869 4509 ἓξὲξιὶιέὁιιέἒὲῖὧξξωω
900 4408 977 4448 vel
1006 4409 1131 4449 inter
1160 4406 1429 4449 catholicos
1463 4406 1759 4456 publicarum
1792 4406 2166 4449 moderatoribus
2200 4407 2248 4444 in
2269 4406 2512 4453 regulares
2534 4403 2732 4443 ortum-g
