3357 4995
642 306 768 371 354
1387 321 1465 367 nn
1513 322 1568 368 s,
1623 321 1975 369 LAnnEano
2022 321 2263 369 Annua
2753 303 2975 368 JUNII
3027 303 3112 368 15

548 407 888 477 abundes.
943 406 1065 475 His
1112 417 1177 474 et
1235 405 1304 473 id
1342 426 1564 495 genus
1614 405 1771 475 aliis
1818 405 2099 475 blandis
2134 404 2576 476 sermonibus
2612 417 3113 495 persuaserunt

545 498 608 564 ei
654 495 839 584 quod
872 495 1211 574 volebant,
1269 494 1360 562 ita
1418 506 1497 563 ut
1543 517 1583 563 a
1634 507 1870 566 sancto
1898 489 2231 563 Rutberto
2271 492 2665 584 aufugienS,
2707 493 2985 580 illisque
3033 516 3113 563 se

536 586 866 675 jungens,
920 583 1247 672 deinceps
1299 582 1564 672 rapinis
1595 597 1660 653 et
1691 582 2022 653 caedibus
2062 582 2339 652 deditus
2386 594 2586 663 esset,
2645 584 2864 653 instar
2903 604 3111 672 prae-

544 674 830 743 donum.
867 676 962 740 Ea
1008 672 1220 741 causa
1274 672 1434 762 pius
1487 683 1676 762 pater
1723 671 2089 742 Autbertus
2145 671 2362 741 multo
2423 692 2732 760 moerore
2780 671 3096 751 affectus,

544 761 730 832 haud
771 783 971 832 secus
1001 774 1204 848 atque
1245 773 1598 831 mortuum
1649 782 1809 831 eum
1846 761 2158 851 lugebat:
2204 772 2269 829 et
2297 772 2443 829 erat
2481 781 2717 829 revera
2755 771 3097 841 mortuuS,

541 852 662 939 qui
706 851 854 940 jam
904 849 1180 919 diabolo
1239 849 1542 919 serviret.
1598 851 1852 920 Orabat
1911 849 2130 918 nihilo
2179 849 2417 919 minus
2466 862 2750 920 sanctus
2799 847 3108 938 pontifex

543 945 762 1010 Deum
810 939 1240 1008 continenter
1305 960 1428 1027 pro
1480 937 1639 1020 illo,
1694 950 1771 1008 ut
1820 938 2206 1008 libertatem
2258 938 2643 1007 restitueret
2698 938 2966 1027 captivo
3040 949 3110 1006 et

543 1030 750 1099 vitam
803 1040 1096 1106 mortuo,
1159 1026 1542 1113 faceretque
1591 1026 2010 1098 medicinam
2064 1027 2369 1096 satanico
2434 1026 2715 1096 vulnere
2764 1026 3095 1095 sauciato.

544 1117 718 1200 Quid
780 1115 1027 1207 plura?
1088 1115 1434 1184 Malesana
1487 1137 1707 1196 mens,
1762 1115 1949 1202 quod
1998 1116 2313 1205 improbe
2368 1128 2706 1205 coeperat,
2771 1116 3098 1204 prosequi

511 1205 921 1289 constituit,
966 1226 1357 1290 nomenque
1391 1226 1597 1274 suum
1652 1217 1953 1283 mutans,
2002 1210 2394 1274 Maurosum
2447 1226 2518 1273 se
2566 1204 2896 1295 deinceps
2957 1204 3106 1273 vult

544 1294 905 1386 appellari,
971 1292 1235 1363 scilicet
1276 1314 1361 1363 ne
1411 1315 1662 1362 nomen
1713 1295 2130 1380 quandoque
2172 1292 2489 1383 proderet
2521 1315 2706 1374 eum,
2744 1294 2866 1380 qui
2905 1315 2978 1362 se
3028 1293 3098 1360 in

548 1383 958 1473 perditionis
1008 1381 1303 1450 latebras
1338 1381 1717 1451 abdiderat.

633 1475 669 1559 ξ
716 1476 808 1542 23.
865 1476 1128 1539 Interea
1162 1471 1309 1539 dies
1358 1470 1612 1540 multos
1645 1471 1715 1538 in
1746 1484 1884 1540 tam
1937 1470 2196 1539 nefario
2244 1465 2448 1560 opere
2492 1469 2903 1561 perduranS,
2960 1492 3101 1540 ser-

547 1561 769 1629 viebat
815 1559 1111 1640 diabolO,
1163 1581 1204 1628 a
1261 1559 1524 1629 Christo
1586 1558 1963 1650 profugus:
2026 1559 2141 1628 sed
2187 1558 2460 1628 tandem
2513 1559 2749 1628 divina
2799 1561 3102 1649 potentia

546 1670 686 1718 non
734 1648 1037 1718 deseruit
1126 1670 1312 1718 reces
1371 1649 1590 1718 sancti
1644 1648 2013 1739 pontificis,
2066 1660 2132 1717 et
2197 1670 2319 1737 pro
2369 1647 2568 1719 solita
2609 1648 2969 1718 clementia
3018 1649 3100 1716 fi*

547 1737 718 1806 lium
759 1737 1056 1806 errabun
1115 1759 1232 1806 um
1263 1738 1556 1807 restituit
1582 1750 1858 1806 sanctae
1890 1737 2093 1805 matri
2116 1737 2477 1806 Ecclesiae.
2507 1736 2785 1806 Volebat
2818 1738 2899 1816 is,
2931 1758 3097 1805 cum

547 1826 694 1895 suis
724 1826 950 1906 sociis,
986 1826 1216 1896 divitis
1237 1826 1602 1915 cujusdam
1638 1825 1923 1895 domum
1953 1824 2275 1915 diripere.
2313 1831 2402 1894 Ea
2436 1838 2664 1895 autem
2697 1839 2892 1895 nocte
2921 1847 3102 1912 quae

547 1914 713 1984 huic
763 1915 1021 2004 flagitio
1070 1914 1407 1984 destinata
1455 1927 1621 1994 erat,
1674 1914 1959 2001 quidam
1989 1936 2069 1983 ex
2108 1915 2567 2005 complicibus
2607 1915 2758 2004 ejus
2804 1914 3098 1984 excessit

544 2025 582 2072 e
612 2003 768 2072 vita.
824 2004 1034 2094 Cujus
1070 2015 1283 2072 morte
1317 2002 1431 2078 ille
1463 2003 1896 2072 vehementer
1925 2002 2242 2082 afflictus,
2273 2003 2460 2072 dedit
2492 2003 2802 2072 membra
2835 2003 3095 2093 sopori,

545 2091 855 2179 viditque
904 2093 1138 2162 miseri
1189 2091 1378 2162 illius
1425 2093 1732 2160 animam
1768 2092 1836 2159 in
1889 2103 2222 2161 tartarum
2271 2092 2547 2162 abduci.
2605 2097 2911 2178 Cumque
2958 2113 3100 2159 non

548 2181 701 2250 sine
774 2181 1037 2271 ingenti
1111 2193 1400 2250 tremore
1465 2180 1532 2250 id
1586 2181 1955 2270 aspiceret,
2011 2181 2225 2249 astitit
2295 2180 2593 2271 Angelus
2669 2180 2978 2260 Domini,
3032 2194 3100 2249 et

547 2291 710 2339 voce
747 2270 1032 2339 terribili
1080 2270 1250 2339 dixit
1289 2270 1393 2339 ei:
1436 2275 1643 2338 Cerne
1689 2270 1838 2359 jam
1890 2268 2259 2338 Landeline
2312 2270 2615 2358 praemia
2648 2269 2904 2339 laboris
2951 2269 3091 2337 tui:

546 2359 699 2428 vide
746 2372 822 2429 ut
867 2360 1099 2428 anima
1129 2359 1295 2428 socii
1347 2358 1445 2427 tui
1493 2359 1579 2427 ad
1632 2358 2007 2428 inferorum
2057 2369 2333 2428 aeterna
2360 2358 2707 2449 supplicia
2744 2357 3096 2448 pertraha-

545 2459 692 2518 tur:
748 2448 1092 2535 simulq‘ue
1140 2446 1522 2529 considera,
1561 2459 1799 2518 utrum
1836 2446 1959 2517 tibi
1994 2447 2485 2537 praestabilius
2533 2447 2620 2518 sit
2651 2448 2744 2517 ita
2779 2446 3094 2538 protrudi

549 2538 620 2605 in
673 2537 1074 2606 barathrum
1134 2537 1510 2607 aestuantis
1566 2537 1943 2625 gehennae,
2007 2558 2090 2605 an
2139 2537 2502 2606 nobiscum
2558 2537 2785 2627 potius
2834 2534 3099 2626 perfrui

544 2626 818 2716 gaudiis
867 2626 1325 2715 sempiternis
1401 2626 1605 2695 Missa
1670 2625 1883 2715 igitur
1930 2623 2036 2693 sac
2084 2646 2293 2714 opera
2341 2637 2646 2705 satanae,
2718 2639 2783 2693 et
2831 2624 3094 2714 ample-

544 2726 722 2784 ctere
771 2715 1018 2784 Christi
1067 2714 1408 2784 militiam.
1481 2714 1712 2803 Abjice
1776 2714 2125 2783 obscurati
2178 2714 2469 2802 pectoris
2518 2715 2964 2793 caecitatem,
3019 2726 3098 2783 ut

545 2804 767 2892 possis
807 2804 1058 2874 intueri
1108 2803 1568 2873 clarissimam
1599 2801 1846 2872 Christi
1884 2802 2134 2872 lucem.
2180 2808 2432 2871 Excute
2469 2804 2787 2895 jamjam
2812 2827 2854 2872 a
2883 2802 3094 2871 cervi-

541 2892 739 2961 cibus
772 2892 908 2960 tuis
937 2893 1189 2982 jugum
1240 2892 1622 2960 diabolicae
1670 2890 2041 2971 servitutiS,
2081 2903 2157 2960 ut
2194 2903 2344 2981 post
2394 2892 2619 2961 brevis
2670 2892 2883 2981 hujus
2920 2891 3095 2960 vitae

542 2980 890 3048 curricula
946 2982 1168 3070 possis
1216 2995 1568 3050 aeternum
1643 3002 1931 3070 regnare
1986 3002 2147 3049 cum
2222 2979 2512 3049 Christo.
2576 2980 2751 3050 Audi
2814 2983 3093 3050 beatum

544 3068 944 3138 Autbertum
993 3070 1390 3149 antistitem,
1443 3083 1507 3138 et
1545 3092 1840 3158 agnosce
1891 3068 2319 3158 spiritualem
2367 3083 2628 3158 patrem
2683 3081 2904 3137 tuum.
2964 3074 3093 3137 Su-

543 3158 730 3247 scipe
761 3157 981 3226 libens
1032 3159 1116 3227 ab
1165 3180 1280 3226 ore
1313 3159 1462 3247 ejus
1515 3157 1777 3227 monita
1824 3157 2136 3229 coelestis
2178 3157 2556 3227 doctrinae.
2613 3163 2794 3226 Haec
2842 3170 2908 3226 et
2955 3158 3094 3225 alia

544 3246 762 3315 multa
811 3269 969 3315 cum
1025 3247 1322 3337 Angelus
1373 3247 1431 3314 ei
1495 3245 1800 3326 dixisset,
1854 3246 2080 3315 coelos
2131 3247 2345 3336 petiit.
2387 3245 2808 3316 Landelinus
2857 3259 3091 3315 autem

542 3358 621 3405 eo
653 3336 808 3417 ,visu
861 3357 990 3403 non
1047 3335 1477 3404 mediocriter
1527 3336 1949 3414 terrefactuS,
1989 3334 2246 3405 relictis
2296 3335 2502 3406 sociis
2558 3349 2622 3404 et
2672 3335 2879 3404 rebus
2940 3334 3087 3404 suis

540 3423 889 3504 omnibus,
935 3425 1142 3514 pedes
1182 3427 1620 3493 Cameracum
1656 3424 2039 3515 (Cambrai)
2080 3423 2373 3502 festinat,
2410 3438 2476 3494 et
2509 3429 2573 3493 S.
2629 3424 2932 3493 Autberti
2978 3445 3089 3513 pe-

541 3512 749 3583 dibus
815 3536 884 3582 se
931 3513 1324 3593 advolvens,
1376 3526 1524 3587 orat
1586 3535 1709 3603 pro
1758 3512 2084 3583 admissis
2151 3513 2566 3584 criminibus
2631 3511 3093 3603 poenitentiae

542 3602 1040 3671 mulctamsibi
1093 3602 1402 3691 irrogari.
1461 3601 1581 3670 llle
1633 3624 1787 3671 vero
1830 3602 1988 3691 pius
2053 3613 2264 3691 pater,
2317 3602 2467 3689 ejus
2516 3601 2879 3692 gratulans
2926 3623 3090 3670 con-

542 3692 849 3760 versione
882 3704 945 3760 et
975 3690 1339 3768 desiderio,
1394 3692 1699 3779 suscepit
1748 3690 2233 3780 poenitentem,
2291 3712 2497 3776 quem
2546 3690 2668 3759 diu
2719 3690 2998 3760 fleverat
3042 3712 3082 3758 a

538 3801 610 3849 se
661 3779 1058 3869 profugum,
1119 3779 1489 3865 sinumque
1536 3779 1598 3847 ei
1648 3779 1921 3848 divinae
1971 3778 2484 3848 misericordiae
2532 3780 2877 3869 aperiens,
2937 3778 3089 3848 red-

537 3868 714 3937 didit
762 3890 922 3936 eum
957 3880 1232 3937 sanctae
1272 3868 1475 3936 matri
1526 3868 1891 3938 Ecclesiae.

627 3965 666 4037 ἓ
716 3963 799 4029 «1.
859 3962 1091 4043 Itaque
1124 3957 1255 4025 sub
1308 3956 1604 4025 seculari
1636 3958 1878 4027 habitu
1925 3958 2183 4048 degens
2233 3957 2303 4025 in
2356 3957 2797 4036 monasteri0‚
2845 3956 3092 4045 agebat

541 4046 1055 4135 poenitentiam,
1115 4066 1469 4114 macerans
1525 4068 1777 4134 corpus
1834 4046 2147 4136 jejuniis,
2195 4044 2380 4134 quod
2438 4045 2684 4115 mundi
2744 4044 3091 4130 illecebris

540 4134 1145 4204 contaminaverat.
1213 4139 1425 4221 Atque
1500 4134 1771 4204 tandem
1844 4135 2177 4205 diuturna
2235 4148 2555 4205 excoctus
2620 4135 3087 4224 poenitentia,

541 4223 779 4292 statuit
838 4223 1083 4292 mundi
1135 4246 1174 4291 a
1224 4246 1294 4292 se
1354 4225 1626 4313 negotia
1674 4224 1959 4293 omnino
2014 4223 2322 4311 rejicere,
2377 4236 2454 4294 ut
2510 4235 2740 4313 posset
2803 4223 3094 4312 liberius

542 4311 862 4381 coelestia
894 4312 1213 4403 cogitare.
1272 4317 1487 4403 Rogat
1521 4313 1733 4403 igitur
1781 4313 2057 4396 beatum
2093 4315 2521 4395 Autbertum‚
2561 4325 2639 4382 ut
2672 4334 2742 4382 se
2774 4311 3087 4393 tondeat,

542 4414 608 4470 et
671 4400 956 4473 militiae
1024 4402 1334 4473 coelestis
1381 4401 1824 4492 chlamydem
1887 4402 2155 4474 induat.
2224 4407 2540 4472 Laetatur
2593 4401 3085 4473 sanctissimus
