3357 4995
246 330 464 397 JUNII
519 311 598 395 ‘lO
957 349 1100 395 vi‘rx
1149 351 1205 397 s.
1261 349 1665 398 uAnGAmer
1717 350 1859 397 nnc.
1916 348 2089 397 scor.
2585 332 2712 397 249

246 434 367 504 illa
417 438 702 503 Crucem
754 434 1022 504 Scotiae
1058 435 1327 524 nigram
1353 434 1480 524 (a),
1534 456 1745 521 quam
1796 456 2068 524 semper
2100 434 2168 502 in
2224 455 2475 524 magna
2527 455 2801 503 venera·

244 524 431 592 tione
480 522 745 600 habuit,
804 523 1157 610 amplecti,
1201 523 1608 604 exosculari,
1664 524 1902 593 oculos
1958 523 2343 608 faciemque
2391 523 2630 593 crebro
2680 521 2801 591 illa

245 612 526 702 signare
574 613 860 679 curavit.
911 612 1204 682 Rediens
1238 615 1492 682 interea
1542 613 1626 681 de
1674 613 1977 681 exercitu
2012 611 2199 680 filius
2247 611 2400 698 ejus
2458 611 2792 700 Edgarus‚

244 700 652 770 cubiculum
681 700 958 788 reginae
994 701 1241 770 intrat:
1289 723 1496 789 quem
1550 701 1667 768 illa
1717 700 1799 768 de
1829 714 2018 789 patre
2058 713 2122 768 et
2156 699 2359 768 fratre
2397 701 2793 790 interrogat:

245 790 363 858 sed
418 788 532 857 ille
581 787 763 874 quod
808 810 1040 857 verum
1092 803 1234 859 erat
1268 790 1494 859 dicere
1537 790 1784 862 noluit,
1832 811 1914 858 ne
1941 789 2178 859 audita
2220 803 2436 858 morte
2485 788 2791 867 illorum,

245 878 578 946 continuo
626 889 690 944 et
740 876 856 945 illa
905 877 1263 966 expiraret.
1323 876 1698 968 Respondit
1744 891 1999 957 autem,
2037 898 2154 946 eos
2201 877 2375 945 bene
2424 877 2670 945 valere.
2724 881 2801 945 At

240 966 689 1055 illa‘graviter
722 966 1107 1054 suspirans:
1137 968 1312 1044 Scio,
1352 968 1600 1054 inquit,
1631 967 1756 1046 fili,
1786 967 1952 1044 scio;
1981 966 2462 1055 adJuravitque
2487 988 2681 1043 eum,
2716 987 2801 1033 ne

244 1057 345 1125 rei
379 1054 729 1123 veritatem
758 1054 1028 1123 celaret.
1076 1061 1245 1124 Tum
1288 1055 1402 1124 ille
1431 1069 1731 1132 coactus,
1774 1057 1952 1125 sicut
1978 1067 2193 1132 erant,
2277 1069 2422 1124 esta
2450 1056 2792 1154 exposuit.

245 1144 514 1226 Quibus
563 1142 842 1222 auditis,
898 1165 1031 1212 non
1067 1146 1369 1233 peccavit
1421 1143 1622 1214 labiis
1663 1145 1832 1224 suis,
1868 1165 2087 1230 neque
2119 1078 2402 1213 stuslgtum
2438 1144 2603 1230 quid
2627 1164 2793 1211 con-

245 1245 347 1301 tra
403 1236 615 1300 Deum
667 1231 895 1301 locuta
943 1244 1079 1300 est:
1135 1233 1250 1300 sed
1288 1254 1537 1303 manus
1585 1233 1667 1300 ad
1722 1232 1989 1301 coelum
2040 1232 2337 1309 elevans,
2396 1233 2464 1300 in
2519 1232 2798 1301 laudem

246 1334 308 1391 et
343 1321 725 1411 gratiarum
780 1321 1114 1389 actionem
1170 1323 1505 1411 prorupit,
1577 1322 1853 1391 dicens:
1896 1322 2230 1390 «Laudes
2278 1334 2342 1389 et
2395 1333 2621 1408 grates
2671 1321 2796 1388 tibi

248 1432 398 1500 ag0‚
439 1410 877 1497 omnipotens
907 1415 1105 1488 Deus,
1147 1410 1329 1495 quod
1366 1432 1473 1479 me
1498 1423 1720 1479 tantas
1752 1411 1820 1476 in
1854 1405 2039 1479 e'xitu
2070 1431 2220 1478 meo
2256 1410 2614 1498 angustias
2648 1431 2798 1498 per-

249 1500 409 1589 peti,
464 1519 717 1583 easque
765 1496 1191 1576 tolerantem,
1249 1521 1288 1566 a
1335 1498 1754 1585 quibusdam
1809 1511 2249 1587 peccatorum
2321 1498 2637 1577 maculiS,
2693 1499 2795 1565 uti

248 1609 473 1676 spero,
530 1586 869 1655 mundare
920 1587 1215 1657 voluisti.
1263 1613 1294 1652 »

336 1679 374 1762 ξ
424 1680 574 1748 12.
630 1677 940 1744 Sentiens
978 1690 1208 1764 postea
1260 1690 1544 1745 mortem
1596 1676 1860 1752 adesse,
1920 1676 2097 1744 hanc
2146 1676 2522 1744 orationem
2575 1675 2803 1744 dicere

249 1765 504 1854 coepit:
563 1786 596 1827 «
635 1766 920 1832 Domine
967 1771 1131 1833 Jesu
1182 1765 1464 1840 Christe,
1533 1766 1651 1850 qui
1702 1787 1778 1833 ex
1843 1764 2189 1833 voluntate
2239 1765 2496 1842 PatriS,
2558 1786 2803 1853 coope-

247 1867 439 1922 rante
492 1852 752 1941 Spiritu
809 1857 1077 1932 Sancto,
1136 1876 1254 1942 pet·
1295 1869 1581 1932 mortem
1652 1867 1843 1922 tuam
1896 1852 2240 1922 mundum
2277 1852 2660 1932 vivificasti,
2720 1852 2802 1919 li-

247 1943 409 2011 bera
462 1963 593 2018 me,
632 1965 659 2003 n
707 1953 907 2026 atque
940 1944 1069 2010 sub
1106 1942 1213 2011 his
1248 1943 1609 2030 postremis
1645 1942 1893 2020 verbis,
1933 1940 2219 2009 liberata
2251 1964 2289 2009 a
2324 1941 2620 2009 vinculis
2647 1964 2800 2010 cor-

252 2032 462 2122 poris,
498 2030 733 2098 anima
758 2030 842 2098 ad
874 2052 1069 2099 verae
1105 2030 1459 2104 libertatis,
1492 2053 1698 2117 quem
1735 2052 2007 2119 semper
2064 2029 2410 2109 dilexerat,
2449 2042 2798 2100 auctorem

250 2120 598 2188 Christum
652 2119 970 2207 migravit
1035 2120 1290 2207 (annos
1339 2132 1503 2188 nata
1545 2120 1683 2208 47),
1754 2119 2101 2188 felicitatis
2149 2140 2388 2186 eorum
2455 2121 2799 2207 particeps

249 2209 507 2284 effecta,
560 2229 858 2292 quorum
910 2209 1178 2276 virtutis
1234 2222 1334 2276 est
1394 2209 1709 2298 exempla
1758 2220 2012 2278 secuta.
2058 2209 2322 2275 Faciem
2374 2221 2600 2276 autem
2647 2209 2797 2298 ejus

250 2318 426 2384 quae
466 2308 598 2364 tota
653 2297 721 2364 in
758 2308 971 2365 morte
1023 2297 1379 2386 palluerat,
1429 2299 1516 2366 ita
1570 2312 1722 2386 post
1771 2297 2032 2366 obitum
2066 2295 2613 2364 ruborfcandore
2647 2318 2803 2383 per-

248 2386 505 2453 mixtus
555 2383 875 2472 perfudit,
916 2398 992 2453 ut
1043 2408 1176 2453 non
1230 2398 1524 2465 mortua,
1585 2387 1701 2454 sed
1755 2388 1987 2454 vivens
2037 2397 2154 2452 aut
2185 2384 2537 2453 dormiens
2587 2384 2801 2452 videri

248 2486 499 2564 posset.
554 2474 734 2543 Obiit
782 2488 1026 2559 quarto
1069 2474 1233 2542 Idus
1279 2475 1495 2553 Junii,
1533 2488 1596 2544 et
1638 2476 1706 2543 in
1745 2474 2032 2543 ecclesia
2064 2487 2540 2543 sacrosanctae
2574 2474 2798 2541 Trini-

249 2564 403 2632 tatis
451 2584 658 2648 quam
730 2565 880 2651 ipsa
939 2576 1433 2641 construxerat,
1489 2577 1725 2632 contra
1784 2564 1997 2632 altare
2048 2563 2331 2631 humata
2374 2577 2476 2631 est
2521 2563 2643 2649 (b).

335 2654 372 2737 ξ
422 2655 569 2725 18.
625 2657 789 2719 Curn
843 2665 1068 2720 autem
1107 2652 1312 2720 David
1366 2653 1554 2722 lilius
1584 2654 1734 2739 ejus
1766 2654 1831 2720 in
1886 2651 2045 2721 aula
2079 2652 2260 2738 regis
2295 2652 2576 2740 Angliae
2621 2656 2798 2718 Hen—

253 2742 375 2808 rici
451 2740 660 2829 primi
711 2753 1115 2820 moraretur,
1174 2752 1368 2809 nocte
1416 2741 1717 2827 quadam
1770 2764 1808 2808 a
1859 2761 2087 2810 sorore
2139 2762 2266 2807 sua
2316 2739 2639 2819 Mathilde
2690 2762 2796 2806 re-

229 2830 414 2918 ·gina
460 2850 639 2915 quae
714 2829 952 2897 matris
1015 2830 1322 2918 §estigiis
1397 2852 1569 2918 puro
1627 2830 1831 2897 corde
1900 2828 2300 2908 insistebat,
2357 2840 2659 2906 vocatuS,
2715 2827 2801 2895 ad

253 2916 661 2986 cubiculum
712 2918 862 3005 ejtts
902 2919 1210 2985 accessit.
1251 2924 1325 2986 Et
1350 2940 1506 2988 ecce
1556 2918 1808 2987 domus
1860 2917 2061 3006 plena
2112 2917 2424 3006 leprosis,
2471 2930 2534 2985 et
2566 2917 2805 3007 regina

249 3005 318 3073 in
371 3005 599 3074 medio
648 3016 861 3079 stans,
918 3006 1227 3094 deposito
1261 3006 1494 3095 pallio,
1534 3006 1742 3076 linteo
1796 3006 2172 3095 praecinxit
2223 3029 2317 3086 se,
2372 3021 2436 3074 et
2487 3006 2798 3073 missain

253 3094 502 3182 pelvim
556 3096 778 3179 aqua,
836 3095 1041 3183 pedes
1089 3117 1324 3163 eorum
1396 3096 1644 3173 lavare,
1704 3096 1873 3164 lotos
1920 3106 2313 3183 extergere,
2371 3109 2436 3163 et
2505 3108 2805 3162 extersos

251 3184 562 3269 utrisque
612 3183 938 3251 manibus
987 3186 1459 3271 constringere
1489 3197 1553 3252 et
1579 3184 2018 3253 devotissime
2059 3183 2361 3253 osculari
2396 3184 2644 3272 coepit.
2684 3182 2803 3253 Cui

252 3271 411 3340 ille:
468 3271 670 3353 Quid,
750 3271 997 3357 inquit,
1052 3274 1201 3361 agis
1272 3274 1554 3341 domina
1605 3278 1805 3353 mea?
1854 3278 2041 3340 Certe
2090 3273 2146 3340 si
2199 3277 2336 3341 Rex
2388 3272 2615 3340 isthuc
2667 3272 2802 3339 sci-

253 3374 374 3438 ret,
423 3382 778 3447 nunquam
832 3383 907 3429 os
956 3373 1152 3431 tuum
1210 3361 1633 3449 leprosorum
1690 3362 1943 3452 pedum
1988 3362 2138 3429 tabe
2171 3361 2539 3449 pollutum,
2601 3360 2801 3428 labiis

256 3450 402 3517 suis
449 3450 896 3548 contingeret.
953 3456 1027 3519 At
1078 3449 1190 3517 illa
1244 3451 1633 3527 subridens,
1672 3452 1810 3518 ait:
1868 3449 2076 3520 Pedes
2108 3452 2307 3541 Regis
2357 3449 2613 3517 aeterni
2644 3448 2801 3534 quis

253 3539 513 3606 nesciat
544 3538 746 3606 labiis
797 3538 976 3628 regis
1027 3539 1346 3608 morituri
1371 3560 1519 3607 esse
1555 3538 2084 3629 praeferendos?
2134 3543 2271 3629 Ego
2309 3537 2799 3617 certffiidcirco

253 3627 483 3695 vocavi
538 3639 620 3706 te,
675 3626 882 3696 frater
928 3627 1360 3705 charissime,
1414 3624 1488 3697 u‘t
1558 3650 1708 3697 meo
1757 3626 2070 3716 exemplo
2121 3628 2389 3695 similia·
2426 3628 2647 3695 facere
2696 3625 2802 3691 di-

253 3737 426 3784 scaS.
487 3720 774 3803 Sumpta
823 3716 1051 3802 itaque
1102 3715 1304 3806 pelvi,
1338 3716 1440 3785 fac
1471 3717 1653 3802 quod
1693 3739 1802 3784 me
1849 3715 2069 3784 facere
2120 3716 2430 3784 intueris.

301 3874 369 3925 (a)
401 3876 525 3916 Haec
556 3879 604 3915 in
634 3877 798 3916 thecae
827 3879 1018 3916 modum
1049 3879 1203 3919 (nnius
1233 3878 1330 3917 fere
1359 3879 1504 3926 palmi
1535 3877 1771 3924 mensura)
1802 3881 1853 3917 ut
1883 3880 2181 3919 clauderetur
2211 3880 2259 3918 ot
2288 3876 2566 3927 aperiretur,
2602 3887 2659 3917 ex
2693 3888 2807 3917 auro

252 3932 492 3971 efformata
521 3931 806 3975 continebat.
833 3932 1012 3969 inserta
1044 3932 1087 3970 S.
1122 3931 1285 3971 Crucis
1322 3932 1428 3971 Chr.
1461 3933 1709 3979 particula,
1737 3933 1989 3980 imaginem
2022 3933 2277 3972 salvatoris
2307 3933 2356 3971 in
2391 3931 2530 3971 ebore
2562 3934 2723 3979 (Myra
2743 3933 2808 3970 di-

250 3986 458 4029 cebatur)
487 3984 771 4024 densissimo
800 3985 1048 4032 sculptam,
1079 3986 1331 4033 aureisque
1359 3985 1747 4025 distinctionibus
1778 3984 2060 4026 mirabiliter
2092 3987 2373 4026 decoratam.
2412 3987 2523 4025 Eam
2554 3984 2808 4032 religiosis-

249 4038 369 4077 sima
388 4038 566 4083 Regina
590 4037 816 4076 attulerat
835 4038 884 4076 in
905 4039 1123 4083 scotiam,
1144 4041 1283 4086 atque
1304 4036 1349 4077 in
1371 4039 1710 4079 haereditatem
1730 4039 1785 4077 act
1803 4037 1926 4079 filios
1948 4040 2228 4084 transmisit.
2247 4049 2446 4088 quorum
2461 4040 2624 4085 junior
2646 4039 2809 4082 David.

235 4088 344 4130 'Rex
366 4092 537 4139 factus,
552 4090 853 4139 magnifieum
869 4092 912 4131 ci
933 4092 1202 4131 condendae
1225 4092 1455 4140 temptum
1474 4101 1618 4141 prope
1639 4094 2169 4142 urbemAEdemburgum
2191 4092 2457 4133 aedificavit
2474 4093 2614 4131 titulo
2632 4092 2675 4131 S.
2691 4092 2807 4131 Cim·

252 4154 334 4183 cis.
366 4145 456 4183 (1221-
473 4145 688 4182 Adero-edo
710 4144 842 4183 Vitae
864 4150 1074 4189 auce-toro).

308 4198 367 4249 (ει)
398 4197 512 4237 Inde
534 4197 656 4236 clam
677 4197 976 4237 abstulerunt
997 4198 1240 4241 Catholici,
1258 4208 1366 4237 cum
1384 4198 1722 4238 scelestissima
1746 4199 2035 4245 Refomnatn'o,
2054 4208 2194 4247 quam
2213 4202 2397 4243 vocant,
2424 4199 2625 4238 scotiam
2648 4198 2706 4236 ab
2724 4199 2807 4237 Ee-

250 4251 395 4291 clesia
412 4251 543 4290 Rom.
559 4251 796 4295 distraxit,
816 4253 1215 4300 asportat-nmque
1236 4252 1293 4291 ad
1308 4250 1580 4300 Philippum
1600 4252 1645 4290 11
1665 4251 1859 4299 Hispan.
1880 4254 2065 4300 Regem,
2080 4253 2214 4301 quiet
2235 4252 2490 4292 honorifice
2509 4248 2808 4299 excipiendae

250 4304 485 4344 Sacellum
515 4304 565 4343 in
593 4304 826 4344 Escuriali
856 4306 1093 4344 excitavit.
1127 4306 1319 4344 Sacrum
1349 4314 1461 4344 vero
1493 4306 1640 4353 Caput
1674 4305 1800 4352 quod
1821 4306 2093 4345 obtinuerat
2121 4306 2287 4346 infelix
2307 4306 2455 4345 Maria
2476 4306 2687 4347 Smerde,
2712 4304 2805 4342 Mo-

251 4358 434 4398 nachus
463 4357 507 4396 S.
538 4355 780 4398 Benedicti
808 4359 1050 4406 surripere
1080 4360 1236 4407 potuit
1266 4368 1323 4399 ne
1351 4359 1400 4398 in
1431 4360 1684 4407 impiorum
1711 4368 1877 4398 manus
1907 4361 2156 4405 incideret,
2174 4361 2221 4399 et
2247 4357 2555 4406 antuerpiam
2575 4358 2713 4406 digne
2736 4367 2808 4395 co·

250 4411 443 4503 lendan}
472 4411 659 4456 detulit,
689 4421 810 4451 anno
841 4420 1057 4451 unxerit:
1088 4410 1195 4451 dein
1227 4413 1472 4451 Scotorum
1506 4412 1606 4453 Soc.
1638 4412 1753 4452 «Iesu
1786 4413 1867 4452 PP.
1896 4412 2105 4463 collegio
2136 4415 2281 4452 Dum'n
2315 4415 2362 4452 in
2396 4412 2546 4452 Gallia
2580 4412 2700 4451 dono
2731 4411 2806 4448 da-

252 4466 353 4504 tum
375 4465 425 4503 fu
449 4466 478 4503 t.
