3357 4995
638 288 766 355 444
1391 306 1470 351 na
1518 305 1574 353 s.
1627 304 1815 352 Avrro
1863 301 2257 352 rnnsnnssno
2745 285 2966 352 JUNII
3017 287 3111 352 47·

550 396 1120 462 conservarentur
1154 401 1220 458 et
1252 387 1512 468 illaesa,
1547 398 1613 458 et
1650 389 1895 478 jussus
1928 389 2228 477 Tyranni
2272 399 2634 478 appareret
2674 387 2930 469 inanis,
2978 389 3098 476 qui

551 502 626 550 re
657 500 814 549 vera
860 489 1006 548 erat
1035 476 1457 565 hujusmodi,
1496 487 1573 547 ut
1599 478 1749 568 igni
1786 498 1904 548 eos
1931 475 2249 546 mandari
2264 476 2576 566 jusserit.
2616 475 2914 546 Lictores
2942 499 3098 547 vero

550 587 710 640 cum
767 567 897 637 hoc
959 566 1292 636 vidissent
1346 566 1791 648 miraculum,
1844 586 1918 635 se
1977 567 2047 634 in
2099 564 2332 666 fugam
2382 565 2848 666 conjecerunt.
2905 566 3099 638 Multi

551 665 781 728 autem
815 677 896 726 ex
943 655 1030 727 iis
1076 654 1198 744 qui
1244 653 1388 724 illic
1436 654 1744 737 aderant,
1798 677 1958 724 cum
2011 659 2298 724 Domino
2349 653 2828 737 credidissent,
2881 665 2947 724 et
2992 678 3103 725 er-

550 745 690 816 rori
738 744 1261 826 renunciatum,
1307 757 1373 814 et
1418 744 1716 835 cooptati
1765 754 1927 815 sunt
1972 743 2044 812 in
2096 764 2465 813 numerum
2519 743 3093 814 Christianorum.

550 836 680 918 Qui
727 857 887 905 cum
939 833 1118 902 duos
1165 832 1313 903 dies
1375 832 1445 901 in
1508 832 1657 903 loco
1717 831 2160 913 mansissent,
2213 844 2279 901 et
2328 836 2461 901 Deo
2522 832 2781 902 multas
2861 855 3097 923 preces

549 923 918 1004 fudissent,
955 932 1349 994 sanctorum
1384 943 1674 1013 corpora
1708 934 1986 1011 repente
2031 934 2208 991 terra
2242 920 2539 990 reddidit
2572 920 3098 1003 admirabiliter,

549 1012 756 1103 longo
784 1010 1047 1100 optimo
1093 1010 1303 1081 odore
1351 1009 1578 1100 plena.
1615 1014 1803 1092 Quae
1841 1032 2002 1080 cum
2045 1009 2514 1091 sustulissent,
2566 1021 2632 1080 et
2672 1009 3107 1081 honorabilia

552 1101 929 1173 honorifice
959 1099 1466 1189 deposuissent,
1506 1099 1607 1170 eis
1644 1100 1839 1189 justa
1869 1098 2232 1189 splendide
2261 1111 2327 1168 et
2368 1098 2735 1188 magnifice
2764 1097 3096 1169 fecerunt.

548 1196 641 1260 Ex
687 1189 788 1259 eis
835 1201 1063 1259 autem
1124 1188 1312 1257 horis
1360 1187 1657 1279 singulis
1735 1187 2129 1258 scaturiunt
2189 1187 2580 1258 curationes
2610 1242 2627 1270 ,
2679 1199 2746 1257 et
2806 1189 3101 1280 gratiam

550 1278 813 1349 donant
853 1278 963 1360 iis,
1016 1277 1138 1365 qui
1165 1276 1472 1347 veniunt.
2949 1357 2954 1362 Ὗ

636 1370 675 1455 §
721 1370 861 1440 18.
916 1371 1268 1436 Caeterum
1341 1365 1591 1456 punire
1635 1387 1718 1436 ea
1770 1387 1948 1454 quae
1996 1365 2154 1434 fecit
2203 1376 2670 1456 transgressor
2701 1420 2717 1447 ,
2780 1387 2919 1436 non
2982 1366 3106 1437 diu

550 1454 822 1527 distulit
861 1455 1159 1546 justitia:
1193 1454 1312 1525 sed
1362 1454 1653 1524 celerem
1702 1467 1767 1525 et
1813 1475 2089 1545 gravem
2147 1453 2231 1522 de
2270 1475 2349 1524 eo
2399 1475 2693 1544 poenam
2760 1457 3095 1555 sumpsit,

549 1566 729 1632 quae
776 1544 847 1613 in
898 1548 1261 1614 Persarum
1323 1542 1497 1613 fines
1535 1543 1842 1623 deduxit,
1903 1553 1969 1612 et
2013 1542 2280 1623 effecit,
2344 1555 2420 1614 ut
2467 1541 2611 1613 illic
2659 1543 2809 1644 ejus
2850 1565 3104 1613 misera

551 1643 943 1723 erumperet
1001 1631 1258 1701 anima.
1313 1637 1481 1704 Nam
1535 1654 1695 1703 cum
1752 1637 1891 1703 Rex
1938 1637 2301 1702 Persarum
2381 1653 2632 1733 m‘agna
2679 1654 2752 1700 m
2791 1654 2951 1702 eum
2998 1633 3138 1701 ira-

552 1734 893 1792 aestuaret
930 1734 1207 1812 propter
1254 1743 1418 1792 suos
1465 1720 1882 1803 interfectos,
1935 1733 2011 1790 ut
2048 1720 2172 1808 qui
2210 1731 2387 1790 esset
2433 1733 2738 1807 mJustus
2777 1733 2841 1791 et
2888 1719 3105 1790 foedi-

553 1811 815 1900 fragus,
872 1822 938 1880 et
976 1810 1167 1901 pacis
1198 1809 1552 1891 inimicus,
1608 1823 1673 1880 et
1706 1810 1832 1882 iste
1877 1832 2038 1880 cum
2072 1830 2327 1898 magna
2376 1809 2771 1900 arrogantia
2816 1821 2881 1880 et
2912 1810 3106 1880 exul-

553 1899 809 1970 tatione
858 1898 1481 1991 appropinquasset
1511 1898 1798 1980 Persidi,
1851 1909 1917 1969 et
1950 1897 2209 1968 bellum
2247 1899 2422 1968 inter
2467 1920 2584 1968 eos
2632 1898 2998 1999 erupisset,
3040 1909 3106 1968 et

551 1988 816 2079 impius
865 1988 1157 2079 turpiter
1187 1999 1367 2058 esset
1397 1987 1645 2070 victus,
1689 1989 1876 2079 juste
1906 1987 2182 2079 plagam
2216 1986 2409 2057 illam
2451 1988 2717 2078 accepit
2764 2009 2833 2056 m
2891 1987 3105 2058 visce-

553 2077 795 2148 ribus:
852 2077 1035 2147 risus
1082 2076 1360 2165 quidem
1411 2099 1449 2146 a
1499 2075 1982 2158 daemonibus,
2016 2076 2138 2165 qui
2171 2075 2403 2166 ipsum
2437 2076 2871 2166 deceperant:
2919 2076 3104 2147 risus

553 2178 780 2236 autem
840 2188 879 2235 a
928 2165 1331 2236 Christianis
1379 2186 1653 2253 quoque
1684 2222 1699 2248 ‚
1751 2165 2009 2253 quibus
2064 2187 2134 2235 se
2198 2187 2345 2237 esse
2406 2164 2749 2236 facturum
2799 2166 3104 2256 pessima

552 2267 697 2325 erat
745 2254 1049 2325 minatus
1082 2255 1184 2324 vir
1233 2254 1886 2344 perniciosissimus.
1939 2254 2274 2338 Quocirca
2303 2276 2429 2344 par
2474 2267 2598 2336 est,
2651 2266 2730 2324 ut
2779 2276 2904 2325 nos
2935 2276 3100 2342 quo·

552 2363 687 2430 que
736 2348 947 2413 Deum
1005 2342 1499 2435 glorificemus,
1548 2343 1669 2431 qui
1719 2364 1855 2413 non
1916 2341 2121 2434 longo
2180 2356 2486 2433 tempore
2528 2343 2778 2414 emittit
2835 2343 3097 2434 virgam

553 2453 765 2525 super
793 2444 1042 2503 sortem
1083 2433 1461 2533 Justorum,
1500 2432 1619 2503 sed
1649 2431 1940 2503 celerem
1972 2432 2092 2504 dat
2139 2432 2431 2503 salutem
2487 2444 2554 2504 et
2601 2454 2740 2524 spe.
2773 2433 3099 2525 majorem

556 2521 641 2592 iis
687 2522 809 2610 qui
855 2543 1015 2592 eum
1046 2520 1373 2612 diligunt.

963 2792 1453 2896 H18TOR1A
1518 2793 1600 2893 S.
1670 2793 1946 2894 AVlTl
2021 2794 2669 2929 PRESBYTERI

554 3073 634 3120 Ex
688 3071 978 3120 Retinens
1043 3071 1183 3120 HSS.
1248 3070 1575 3120 conminus
1638 3072 1757 3119 PER
1822 3070 2009 3119 LAUR.
2064 3071 2303 3120 smum!
2368 3070 2620 3119 uuum
2683 3067 2844 3118 malt:
2912 3069 3107 3118 STYLO

644 3178 1007 3228 DESCRIPTA.
1042 3178 1156 3227 1:81·
1201 3179 1355 3227 xum
1385 3177 1587 3225 VALDE
1620 3177 1904 3227 OBSCURO
1953 3177 2264 3237 sxanomt,
2303 3179 2417 3227 sm)
2464 3178 2673 3228 uum
2702 3177 2866 3227 ANTE
2896 3177 3106 3225 Annos

644 3287 798 3335 PLUS
843 3286 1040 3336 umus
1087 3287 1270 3335 um
1316 3285 1627 3334 GRAVITER
1683 3285 2004 3335 commu
2049 3287 2091 3332 A
2138 3285 2395 3343 Quonim
2444 3285 2665 3335 SANCTI
2712 3286 2847 3334 vim
2908 3285 3108 3334 Pnol’ss

644 3394 945 3453 ABQUALI.

1191 3569 1380 3628 Obiit
1420 3584 1599 3628 anno
1639 3573 1770 3627 530
1810 3600 1890 3612 —
1928 3571 2083 3628 Nat.
2127 3572 2458 3629 Francus.

642 3755 680 3842 ἓ
725 3760 802 3827 1.
877 3754 1109 3825 Avitus
1155 3753 1341 3844 apud
1390 3753 1792 3824 Aurelianos
1852 3752 2118 3854 plebeJo
2167 3776 2249 3825 ex
2301 3753 2644 3856 sanguine
2690 3765 2884 3823 ortus
2914 3809 2930 3835 ,
2984 3775 3109 3844 pa-

555 3854 781 3913 rentes
828 3841 1071 3912 habuit
1110 3841 1364 3912 humili
1405 3842 1554 3913 loco
1584 3855 1804 3912 natos.
1859 3848 2054 3912 Matri
2093 3842 2246 3934 ejus
2298 3855 2520 3933 patria
2557 3841 2688 3915 fuit
2716 3841 3104 3912 virdunum

551 3930 905 4022 (Verdun),
957 3931 1073 4001 cui
1107 3930 1617 4021 ingenuitatem
1655 3931 1871 4001 virtus
1918 3943 1983 4002 et
2032 3931 2357 4002 meritum
2391 3930 2807 4001 conciliavit.
2858 3935 2942 4000 Ut
2986 3953 3114 4001 au-

555 4032 690 4090 tem
739 4019 1084 4091 Aureliam
1129 4019 1689 4120 proficisceretur
1722 4075 1738 4102 ,
1799 4019 2036 4112 inopia
2093 4033 2160 4091 et
2218 4033 2488 4110 egestas
2543 4041 2696 4090 eam
2738 4018 3111 4110 compulit.-

554 4108 799 4200 Nupsit
836 4129 994 4179 vero
1041 4106 1187 4178 ilhc
1215 4108 1493 4180 cuidam
1528 4108 1924 4191 Belsicolae,
1961 4108 2079 4179 cui
2128 4108 2391 4199 peperit
2433 4108 2700 4180 Avitum
2748 4130 2786 4177 e
2838 4108 3114 4200 regium

556 4196 806 4279 filium,
841 4197 963 4285 qui
991 4196 1410 4286 quandoque
1463 4197 1720 4290 populo
1782 4219 2105 4289 magnam
2161 4208 2339 4269 esset
2387 4197 2677 4269 salutem
2740 4220 2779 4266 a
2837 4210 3111 4268 aturus.

555 4292 648 4359 Eo
682 4299 1027 4370 nascente,
1080 4286 1328 4378 ingens
1357 4286 1592 4357 lumen
1618 4287 1687 4357 in
1716 4285 2040 4358 cubiculo
2080 4287 2510 4379 apparuisse,
2548 4299 2733 4358 certa
2781 4285 3117 4357 relatione

556 4389 986 4468 compertum
1037 4389 1140 4448 est
1169 4430 1185 4459 ,
1261 4375 1356 4446 ita
1402 4388 1482 4449 ut
1537 4397 1616 4446 oo
1676 4374 2045 4467 splendore
2099 4375 2496 4447 obstetrices
2540 4375 2627 4445 ab
2693 4373 2923 4446 officio
2972 4375 3116 4444 sint

3205 4588 3357 4912 t
