3357 4995
698 273 824 337 598
1325 290 1405 337 na
1451 286 1508 335 s,
1560 289 1894 339 Amantio
1941 287 2174 337 natue.
2227 244 2433 337 nerse.
2793 265 3006 337 JUNII
3054 271 3149 337 26

701 377 738 460 ξ
800 377 944 446 21.
1026 377 1208 442 Inter
1277 373 1562 443 virtutes
1637 396 1804 444 sane
1876 373 2265 465 praeclaras
2329 373 2587 461 quibus
2653 384 2798 443 erat
2871 394 3031 463 egre
3081 373 3154 443 ie

614 464 1019 542 instructuS,
1054 483 1192 531 non
1228 461 1660 533 mediocriter
1705 484 1865 533 eum
1913 462 2441 532 commendabat
2488 461 2801 532 studium
2849 476 2916 532 et
2951 484 3026 531 ze
3058 484 3151 531 us

613 551 911 621 invictus
958 549 1334 621 catholicae
1379 552 1687 633 unitatiS,
1722 551 2010 641 ejusque
2039 550 2367 620 adversus
2416 550 2891 621 schismaticos
2928 549 3155 620 virilis

614 654 680 711 et
725 651 1047 710 constans
1081 640 1563 731 propugnatio.
1608 644 1775 710 Cum
1824 640 2011 709 enirn
2060 643 2406 710 Romanae
2448 639 2682 708 curiae
2730 640 3051 728 Episcopi
3083 652 3157 708 et

616 727 1010 799 cardinales
1038 782 1053 809 ,
1107 738 1380 815 totaque
1437 729 1631 799 curia
1682 728 2138 798 Alexandrum
2185 726 2608 819 Apostolicae
2657 727 2812 798 Sedi
2866 741 2932 799 et
2989 728 3158 797 uni-

616 839 850 890 versae
905 816 1246 887 Ecclesiae
1293 838 1648 888 summum
1698 816 2094 887 Pontificem
2145 816 2481 887 Canonice
2537 816 2828 887 electum
2881 816 3154 906 praefe-

616 908 893 987 cissent,
945 916 1010 975 et
1067 906 1481 977 Octavianus
1525 906 1583 987 ⁴,
1634 907 1757 993 qui
1808 907 2076 997 primus
2140 926 2299 975 eum
2347 905 2667 996 elegerat,
2731 904 2913 974 malo
2982 905 3154 975 dae-

572 1080 575 1083 l
616 1017 818 1065 mone
884 993 1279 1083 impellente
1323 1006 1389 1063 et
1460 994 1833 1064 ambitione
1893 994 2345 1075 obcaecante,
2400 994 2631 1064 sedem
2681 993 3154 1085 Apostolicam

616 1083 1043 1173 arripuisset,
1094 1095 1181 1162 et,
1232 1082 1418 1170 quod
1457 1094 1558 1151 est
1610 1083 2085 1163 execrabiliuS,
2140 1082 2510 1152 Ecclesiam
2564 1081 2755 1151 illam
2793 1082 2867 1150 in
2917 1087 3156 1174 Impe-

616 1172 861 1242 ratoris
907 1171 1236 1240 ditionem
1285 1170 1591 1271 redigere
1640 1193 1777 1240 non
1825 1184 2000 1242 esset
2048 1172 2303 1241 veritus
2347 1170 2748 1261 (eratenim
2790 1182 3037 1260 potens
3089 1185 3158 1240 et

617 1261 872 1331 illustri
921 1258 1205 1340 familia,
1262 1258 1499 1330 multis
1546 1259 1932 1331 fautoribus
1978 1259 2213 1342 fretus,
2266 1281 2427 1329 cum
2463 1258 2807 1329 Catholico
2832 1259 3156 1329 Pontifici

614 1350 822 1440 pauci
867 1346 1172 1436 quidem,
1213 1346 1329 1417 sed
1381 1347 1719 1427 meliores,
1749 1349 2150 1435 studerent),
2193 1361 2260 1417 at
2308 1369 2397 1417 ue
2443 1369 2524 1418 ea
2562 1350 2774 1419 causa
2821 1347 3156 1417 universa

618 1460 791 1528 pene
837 1434 1138 1506 Ecclesia
1174 1457 1428 1525 anceps
1476 1434 1859 1507 vacillaret:
1904 1436 2083 1508 Ordo
2132 1441 2282 1506 Cart
2336 1438 2631 1508 usianus
2678 1436 2948 1527 primus
2987 1450 3157 1506 ante

614 1547 852 1596 omnes
893 1526 963 1593 in
1012 1523 1315 1593 Ecclesia
1344 1524 1783 1602 occidentali,
1817 1525 2402 1613 quemadmodum
2453 1526 2619 1595 satis
2666 1536 2956 1606 constat,
3002 1525 3157 1595 Ale-

612 1613 955 1684 xandrum
1006 1634 1130 1771 Em
1170 1612 1511 1684 Catholico
1538 1626 1604 1683 et
1651 1635 1807 1683 vero
1841 1613 2165 1684 Pontifice
2214 1614 2648 1694 babendum,
2702 1613 2902 1700 eique
2951 1636 3158 1702 prae-

615 1702 929 1772 standam
969 1722 1009 1769 o
1061 1701 1427 1770 edientiam
1477 1702 1929 1771 confirmavit.
1983 1703 2233 1789 Ecquis
2280 1715 2512 1772 autem
2563 1703 2713 1792 ejus
2763 1702 2863 1770 rei
2908 1712 3160 1772 auctor

612 1791 788 1860 fuit?
816 1790 1154 1860 Nimirum
1194 1789 1616 1871 Anthelmus,
1650 1804 1717 1860 et
1763 1812 1922 1861 cum
1960 1813 2039 1860 eo
2065 1791 2471 1870 Gaufredus,
2526 1790 2804 1879 sapiens
2853 1802 2916 1859 et
2947 1812 3153 1881 egre·

612 1881 720 1969 gia
758 1878 1082 1948 facundia
1121 1878 1244 1959 vir,
1281 1890 1485 1965 atque
1522 1880 1590 1949 in
1626 1878 1880 1951 divinis
1912 1879 2275 1970 scripturis
2311 1879 2850 1950 eruditissimus.
2885 1884 3157 1949 Horum

614 1968 865 2049 studi0,
921 1967 1150 2037 labore
1187 1980 1252 2036 et
1298 1971 1505 2057 opera
1550 1967 1865 2037 effectum
1913 1979 2036 2049 est,
2090 1980 2166 2037 ut
2212 1968 2333 2038 diu
2385 1980 2706 2038 nutantes
2753 1967 3156 2039 confirmati

614 2057 900 2135 PrioreS,
957 2056 1338 2143 caeterique
1385 2056 1817 2126 Carthusiani
1852 2056 2144 2127 instituti
2182 2056 2446 2137 fratreS,
2502 2056 2817 2126 Pontifici
2858 2056 3154 2126 Alexan-

612 2145 736 2214 dro
774 2144 1233 2214 obedientiam
1267 2145 1759 2233 promitterent.
1788 2151 1999 2232 Atque
2023 2145 2074 2213 ii
2106 2145 2240 2235 ipsi
2272 2145 2653 2236 permultos
2684 2145 3156 2216 Ecclesiastici

614 2234 890 2303 Ordinis
988 2232 1276 2302 raelatos
1321 2247 1386 2303 et
1434 2234 1745 2303 subditos
1785 2233 2087 2313 illorum,
2142 2234 2210 2302 in
2253 2235 2556 2303 schisma
2605 2234 3148 2325 propendenteS,

611 2336 730 2392 aut
777 2334 941 2391 nuta
997 2321 1217 2391 undos
1264 2335 1328 2391 et
1372 2322 1645 2401 dubios,
1700 2322 1787 2391 ab
1816 2343 2044 2391 errore
2091 2334 2519 2403 revocarunt,
2556 2336 2622 2392 et
2667 2324 2734 2391 in
2766 2345 2936 2394 sana
2987 2345 3151 2393 sen-

614 2412 824 2480 tentia
870 2409 1390 2490 confirmarunt,
1447 2410 1903 2480 Alexandrum
1934 2411 2349 2481 catholicum
2401 2410 2794 2502 probanteS,
2831 2413 3150 2481 Octavia-

611 2523 781 2570 num
832 2501 1201 2590 reprobum
1253 2500 1714 2589 reprobanteS,
1771 2521 1961 2569 reum
2012 2501 2574 2581 condemnantes
2621 2513 2699 2571 ,et
2750 2502 3154 2572 schismati-

610 2611 771 2658 cum
819 2611 979 2658 cum
1029 2589 1182 2675 ejus
1214 2587 1597 2659 fautoribus
1643 2601 2058 2658 execrantes.
2122 2594 2498 2679 Imperator
2548 2590 2780 2680 igitur,
2833 2590 2958 2676 qui
3009 2613 3151 2659 non

614 2677 743 2745 nisi
783 2700 909 2747 sua
957 2677 1300 2747 voluntate
1338 2690 1403 2746 et
1450 2678 1848 2748 auctoritate
1895 2677 2291 2748 Pontificem
2332 2679 2549 2747 creari
2585 2678 2876 2757 volebat,
2941 2679 3154 2768 cujus

612 2765 1016 2834 administer
1061 2778 1225 2844 erat,
1279 2787 1413 2835 non
1465 2766 1814 2845 dominus,
1867 2766 2094 2835 isthuc
2143 2766 2227 2834 de
2275 2767 2634 2836 Anthelmo
2678 2767 2971 2848 rescivit,
3033 2789 3152 2836 ve-

614 2876 867 2941 raeque
913 2853 1073 2922 fidei
1104 2853 1433 2923 cultorem
1464 2868 1530 2924 et
1576 2853 1998 2924 defensorem
2041 2876 2175 2924 non
2239 2854 2465 2923 solum
2499 2856 2656 2925 odio
2704 2856 2970 2936 habuit,
3030 2856 3156 2926 sed

613 2943 819 3012 etiam
866 2942 1382 3022 condemnavit,
1429 2966 1591 3013 curn
1635 2942 1823 3012 illius
1880 2964 2003 3011 nec
2066 2943 2472 3012 maledicere
2519 2956 2719 3024 esset,
2777 2965 2900 3013 nec
2942 2944 3157 3014 bene·

613 3031 863 3100 dicere.
904 3031 1182 3100 Interim
1212 3053 1367 3100 vero
1417 3032 1906 3120 praeeuntibus
1938 3032 2407 3101 carthusianis
2446 3054 2525 3101 ac
2551 3033 3150 3116 cisterciensibuS,

613 3119 986 3188 Alexander
1033 3119 1333 3189 Pontifex
1381 3142 1420 3188 a
1468 3119 1701 3200 Gallis,
1766 3120 2112 3210 Hispanis,
2181 3120 2526 3189 Britannis
2581 3122 2768 3190 brevi
2824 3133 3151 3211 receptus

616 3220 738 3276 est.
795 3213 977 3289 Quae
1022 3207 1302 3293 quidem
1339 3209 1515 3277 inter
1562 3221 1827 3278 caetera
1874 3230 1997 3278 nos
2038 3208 2284 3278 referre
2332 3208 2701 3288 voluimus,
2758 3223 2832 3279 ut
2877 3211 3155 3301 perspi-

616 3318 824 3365 cuum
875 3296 1086 3376 fieret,
1132 3310 1389 3383 quanto
1441 3298 1657 3366 animi
1706 3297 1963 3366 fervore
2004 3297 2342 3384 justitiam
2392 3311 2459 3366 et
2506 3298 2852 3368 veritatem
2904 3320 3154 3370 aemu-

618 3385 798 3453 latus
833 3385 919 3454 sit
967 3384 1211 3453 Christi
1243 3407 1478 3455 servus
1517 3385 1942 3466 AnthelmuS,
1988 3391 2300 3473 Deusque
2344 3386 2662 3456 laudetur
2700 3400 2766 3456 et
2801 3386 3152 3477 glorifice-

611 3486 742 3553 tur,
781 3475 901 3559 qui
950 3486 1220 3544 sanctos
1254 3496 1416 3544 suos
1454 3474 1866 3562 adjuvandO,
1904 3474 2125 3544 claros
2165 3488 2229 3544 et
2267 3474 2569 3544 celebres
2618 3475 2861 3545 reddit.

695 3564 729 3646 ξ
782 3566 938 3633 22.
985 3563 1308 3644 Quamvis
1348 3575 1571 3633 autem
1611 3576 1689 3632 ut
1739 3563 2064 3642 diximus,
2118 3563 2489 3633 solitudine
2535 3577 2600 3633 et
2640 3565 2910 3635 silentio
2960 3564 3153 3634 dele·

610 3660 927 3731 ctaretur,
983 3649 1407 3738 libenterque
1453 3653 1683 3721 carnis
1724 3652 2097 3730 afflictioni,
2155 3653 2441 3741 spiritus
2488 3653 2920 3734 contritioni,
2981 3676 3150 3723 san-

610 3751 891 3826 ctaeque
941 3739 1367 3808 meditationi
1438 3754 1764 3831 perpetuo
1813 3753 2115 3820 vacaret,
2174 3761 2308 3809 non
2372 3754 2598 3811 tamen
2681 3741 2875 3812 licuit
2921 3741 2982 3811 ei
3027 3741 3150 3810 diu

612 3848 887 3895 manere
936 3827 1113 3896 intra
1163 3828 1457 3898 Cellulae
1511 3829 1772 3899 amicos
1820 3851 2151 3909 recessuS,
2211 3829 2495 3898 Domino
2544 3829 2828 3909 volente,
2896 3842 3149 3900 uttam

611 3914 903 3986 illustris
952 3915 1233 3986 lucerna
1282 3939 1416 3985 non
1453 3919 1582 3986 sub
1619 3916 1847 3987 modio
1893 3917 2149 3998 lateret,
2205 3918 2322 3987 sed
2415 3920 2588 3988 osita
2636 3941 2846 4009 super
2891 3919 3148 3988 cande-

617 4002 910 4083 labrum,
960 4004 1214 4074 luceret
1260 4007 1330 4073 in
1371 4005 1577 4075 domo
1615 4007 1753 4076 Dei.
1801 4005 2058 4075 Accidit
2090 4019 2237 4075 tum
2275 4012 2360 4076 Be
2393 4007 2720 4082 licensem
2780 4006 3149 4077 ecclesiam

612 4092 842 4160 orbari
892 4105 1160 4181 pastore
1216 4116 1381 4165 suo:
1419 4108 1484 4163 et
1533 4116 1696 4165 cum
1743 4094 1828 4163 de
1860 4117 2256 4166 successore
2304 4109 2640 4186 ageretur,
2697 4118 2857 4186 pars
2907 4110 3150 4186 poten-

610 4183 739 4249 tior
785 4180 1155 4267 quemdam
1206 4182 1409 4272 elegit
1458 4183 1986 4264 adolescentem,
2033 4206 2280 4272 genere
2317 4185 2641 4263 nobilem,
2705 4185 2904 4271 eique
2944 4185 3150 4253 aedes

610 4270 928 4360 Episcopi
962 4270 1245 4340 traditae
1292 4285 1476 4340 sunt.
1523 4273 1650 4340 Sed
1687 4294 1845 4362 pars
1875 4272 2089 4341 altera
2129 4273 2197 4341 in
2231 4273 2382 4363 eJus
2411 4273 2808 4342 electionem
2858 4273 3149 4343 minime

657 4397 682 4421 ²·
710 4396 939 4447 antipapa
957 4394 1039 4446 qui
1062 4395 1265 4438 Victoris
1282 4397 1352 4437 111
1371 4397 1545 4439 temere
1568 4407 1736 4440 nomen
1762 4400 2032 4447 assumpsit.
