3357 4995
213 330 437 396 JUNII
490 329 570 392 ’13
946 346 1025 393 ΒΕ
1074 346 1130 392 s.
1184 335 1457 395 amomo
1508 347 1547 392 A
1597 346 1805 395 vanua
1853 347 2037 396 mero
2558 332 2685 397 297
2794 321 2815 336 '

219 428 619 498 animarum
645 417 904 517 passim
930 426 1367 505 discurreret,
1403 449 1819 515 omnemque
1845 429 2153 515 requiem
2181 428 2315 498 sibi
2342 451 2628 519 prorsus
2653 432 2781 499 vel-

219 517 317 586 let
360 515 818 594 interdictam,
865 516 1151 603 contigit
1178 538 1337 584 eum
1391 517 1505 585 Dei
1553 529 1731 587 nutu
1779 518 2166 588 Ariminum
2217 519 2622 609 pervenire:
2656 520 2779 590 ubi

219 628 385 676 cum
434 603 691 675 multos
736 615 1044 673 cerneret
1092 604 1359 673 haeresi
1406 619 1778 696 correptos,
1836 627 1992 675 mox
2022 607 2249 699 ‘totius
2309 607 2552 697 oppidi
2603 631 2772 678 con-

219 706 460 765 vocato
492 693 771 783 popu10,
826 693 1107 761 ferventi
1141 694 1390 784 spiritu
1437 695 1524 763 ad
1572 717 1689 765 eos
1721 695 2121 765 concionari
2168 697 2413 786 coepit,
2469 700 2777 767 versuta-

215 805 358 871 que
405 783 902 852 haereticorum
956 782 1279 871 dogmata
1329 783 1713 852 luculenter
1768 783 2165 853 confutavit.
2234 790 2362 855 Eas
2419 797 2651 855 autem
2706 787 2774 854 in

216 873 615 942 auditorum
655 871 1045 960 pectoribus
1078 871 1316 940 efficax
1347 894 1571 942 sermo
1620 885 1686 940 et
1735 873 2048 942 doctrina
2098 872 2422 944 salutaris
2473 874 2620 942 fixit
2667 897 2778 944 ra-

218 962 433 1038 dices,
474 974 550 1029 ut
584 960 966 1060 profligatis
1015 961 1202 1030 tetris
1235 962 1608 1040 erroribus,
1651 983 1787 1029 non
1832 962 2034 1052 pauci
2085 961 2170 1030 ad
2223 961 2383 1031 fidei
2427 963 2780 1053 integrita-

221 1063 358 1119 tem
384 1051 525 1119 sint
546 1049 832 1119 reducti.
869 1055 941 1116 ln
971 1049 1227 1134 quibus
1252 1051 1458 1119 etiam
1489 1050 1902 1118 Bonivillum
1954 1050 2535 1130 haeresiarcham,
2567 1075 2775 1138 quem

221 1140 506 1229 triginta
534 1139 739 1207 annis
776 1159 1085 1207 errorum
1140 1140 1458 1208 tenebrae
1504 1140 2065 1217 obcaecaverant,
2120 1139 2206 1208 ad
2254 1141 2618 1210 sanitatem
2670 1164 2778 1210 re-

219 1229 507 1306 vocavit,
536 1228 894 1313 effecitque
941 1242 1018 1296 ut
1066 1249 1287 1313 usque
1335 1228 1420 1297 ad
1477 1240 1763 1297 mortem
1802 1229 2144 1302 Ecclesiae
2196 1230 2542 1299 mandatis
2575 1230 2777 1298 devo-

222 1328 336 1386 tus
386 1317 665 1386 steterit.

309 1408 346 1492 §
392 1410 539 1478 12.
599 1410 829 1474 Postea
886 1425 1060 1482 vero,
1113 1405 1373 1493 privato
1395 1406 1714 1491 ¹quodam
1756 1406 2027 1495 negotio
2056 1419 2363 1494 urgente,
2400 1430 2439 1476 a
2470 1408 2777 1478 Ministro

223 1494 501 1563 Ordinis
552 1499 838 1562 Romam
893 1494 1147 1562 missus
1176 1508 1315 1562 est:
1352 1495 1471 1563 ubi
1513 1507 1772 1563 tantam
1820 1495 2213 1593 principum
2252 1496 2592 1565 Ecclesiae
2618 1519 2780 1586 erga

222 1605 296 1653 se
344 1582 885 1651 benevolentiam
937 1595 1257 1672 expertus
1305 1596 1430 1658 est,
1469 1596 1544 1653 ut
1594 1596 1659 1651 et
1694 1584 1781 1651 ab
1814 1605 1967 1673 ipso
2016 1584 2342 1653 Pontifice
2394 1586 2683 1654 Maximo
2717 1599 2780 1653 et

221 1672 511 1741 caeteris
556 1671 884 1740 omnibus
923 1671 1163 1740 concio
1214 1672 1404 1740 illius
1454 1671 1851 1741 incredibili
1893 1672 2119 1741 studio
2150 1696 2226 1741 ac
2276 1672 2632 1742 devotione
2658 1696 2779 1742 au-

223 1760 519 1831 scultata
567 1760 676 1828 sit.
717 1765 878 1827 Tam
921 1760 1105 1828 enim
1160 1760 1549 1829 sublimiter
1595 1759 1895 1829 facundo
1937 1783 2053 1829 ore
2107 1762 2501 1850 scripturae
2525 1775 2779 1850 myste—

225 1850 330 1917 ria
380 1849 846 1939 depromebat,
886 1862 962 1917 ut
1002 1848 1301 1917 Pontifex
1335 1850 1669 1918 Maximus
1701 1850 2040 1938 singulari
2067 1849 2368 1935 quadam
2411 1873 2773 1942 praeroga—

221 1938 360 2007 tiva
399 1942 557 2006 euin
610 1961 838 2004 aream
910 1940 1305 2006 Testamenti
1349 1937 1747 2028 appellaret.
1810 1938 2119 2008 Habebat
2165 1939 2294 2006 hoc
2344 1941 2448 2008 vir
2500 1941 2635 2018 Dei,
2704 1954 2778 2010 ut

219 2047 449 2095 sermo
503 2027 678 2114 ejuS,
733 2046 856 2114 pro
911 2048 1139 2095 rerum
1197 2026 1467 2095 diversa
1530 2028 1829 2106 ratione,
1885 2049 2159 2117 semper
2206 2028 2276 2095 in
2343 2031 2563 2118 gratia
2634 2030 2775 2098 sale

220 2115 657 2185 discretionis
706 2128 882 2183 esset
929 2114 1282 2184 conditus:
1333 2129 1742 2201 noveratque
1777 2117 2028 2204 pariter
2052 2129 2116 2185 et
2169 2117 2522 2206 placidum
2564 2133 2627 2186 et
2669 2141 2774 2186 se-

222 2226 458 2273 verum
492 2225 565 2272 se
610 2204 970 2273 exhibere:
1028 2225 1162 2289 qua
1216 2227 1284 2271 re
1334 2205 1538 2274 fiebat
1586 2219 1663 2274 ut
1712 2227 1938 2274 sermo
1985 2207 2134 2295 ejus
2182 2218 2245 2273 et
2295 2228 2531 2274 amore
2579 2221 2643 2275 et
2697 2209 2775 2275 ti-

223 2313 414 2360 more
468 2291 766 2361 afficeret
813 2293 1183 2361 auditores,
1240 2293 1662 2362 Mirabantur
1713 2295 1781 2360 in
1848 2294 1967 2364 illo
2024 2295 2149 2362 viri
2203 2295 2450 2363 literati
2503 2308 2770 2364 tantum

222 2380 483 2471 ingenii
523 2383 839 2460 acumen,
897 2394 1294 2468 tantamque
1345 2382 1833 2468 eloquentiam,
1893 2384 2324 2452 mirabantur
2356 2383 2554 2452 illum
2611 2406 2684 2452 er
2735 2408 2774 2453 a

221 2491 464 2540 omnes
499 2471 672 2539 miro
719 2470 1018 2558 quodam
1067 2471 1470 2560 prudentiae
1501 2485 1565 2540 et
1596 2471 2031 2541 discretionis
2062 2471 2360 2561 pondere
2397 2495 2527 2542 sua
2572 2408 2775 2543 uei-fia

218 2559 611 2629 librantem.
668 2561 952 2649 Maj0res
1004 2582 1137 2628 non
1191 2562 1339 2629 sine
1388 2561 1845 2630 admiratione
1887 2562 2352 2639 attendebant,
2394 2562 2774 2650 spirituali-

219 2650 354 2718 bus
386 2649 776 2739 spiritualia
825 2662 1383 2737 comparantem:
1425 2652 1726 2720 minores
1753 2651 2122 2739 stupebant
2164 2651 2487 2718 vitiorum
2526 2673 2773 2722 causas

216 2749 284 2805 et
341 2738 734 2807 occasiones
783 2739 1126 2827 sapienter
1186 2750 1631 2813 resecantem,
1686 2752 1751 2807 et
1801 2740 2083 2807 virtutes
2131 2761 2210 2807 ac
2262 2739 2478 2808 bonos
2541 2761 2767 2810 mores

217 2848 380 2895 cum
416 2826 630 2895 multa
658 2826 974 2895 cautione
1017 2828 1451 2896 inserentem.
1494 2828 1792 2913 Denique
1823 2849 2061 2896 omnes
2087 2829 2402 2896 omnium
2434 2840 2761 2908 aetatum,

217 2914 572 2994 ordinum,
611 2914 1083 2984 conditionum
1149 2915 1467 2985 mortales
1516 2915 2069 2985 accommodatas
2121 2917 2251 2985 sibi
2305 2917 2655 2986 doctrinas
2704 2932 2769 2986 et

219 3004 684 3072 institutiones
748 3024 827 3072 ex
881 3003 996 3072 illo
1055 3026 1126 3073 se
1175 3005 1524 3093 suscipere
1576 3004 2028 3073 laetabantur.
2078 3011 2207 3073 Nec
2272 3006 2615 3075 immerito
2668 3006 2765 3074 illi

220 3092 553 3161 tributum
607 3092 734 3161 fuit
787 3110 825 3161 a
874 3092 1221 3172 Pontifice‚
1260 3108 1333 3162 ut
1375 3115 1532 3162 arca
1573 3094 1986 3162 Testamenti
2037 3093 2402 3163 diceretur.
2450 3099 2546 3162 Ita
2578 3095 2766 3163 enim

215 3180 586 3267 utriusque
612 3181 1020 3250 Testamenti
1066 3183 1352 3271 paginas
1388 3182 1759 3250 memoriae
1810 3182 2013 3271 plane
2048 3183 2282 3253 affixas
2318 3183 2635 3263 habebat,
2690 3198 2768 3252 ut

217 3270 438 3339 instar
487 3270 735 3338 Esdrae
784 3271 1102 3358 potuerit,
1157 3271 1214 3338 si
1274 3271 1369 3340 sic
1422 3292 1527 3339 res
1578 3271 2014 3361 postulasset,
2071 3293 2311 3340 omnes
2384 3273 2770 3360 scripturas

221 3357 493 3427 divinas
543 3358 611 3425 in
654 3358 997 3447 integrum
1040 3359 1123 3426 de
1185 3382 1312 3428 sua
1364 3361 1718 3438 memoria,
1773 3361 1978 3428 etiam
2030 3360 2389 3429 codicibus
2438 3361 2769 3431 omnibus

219 3467 504 3535 prorsus
552 3447 850 3525 abolitis,
909 3448 1280 3516 restituere.
1349 3454 1712 3517 Testantur
1776 3449 1928 3528 hoc,
1982 3449 2102 3535 qui
2150 3449 2301 3537 ejus
2359 3449 2768 3535 quotidiano

217 3534 537 3603 convictu
584 3548 648 3604 et
682 3535 1009 3604 familiari
1054 3536 1555 3606 consuetudine
1605 3537 1729 3607 diu
1775 3537 1883 3605 usi
1937 3536 2147 3606 suere.
2203 3544 2333 3606 Nec
2368 3540 2458 3617 ei
2507 3538 2767 3607 defuis-

219 3635 320 3693 set
367 3623 681 3703 facultas,
735 3625 794 3693 si
844 3646 951 3694 res
993 3625 1436 3714 poposcisset,
1493 3626 1727 3694 omnia
1785 3627 2041 3715 scripta
2095 3626 2330 3695 divina
2381 3626 2769 3697 luculenter

216 3724 283 3782 et
333 3712 706 3803 multiplici
757 3714 1015 3782 ratione
1062 3715 1448 3803 exponendi
1488 3727 1552 3783 et
1603 3714 2124 3804 interpretandi.

302 3803 340 3888 ξ
387 3805 532 3872 18.
589 3801 798 3870 Multa
831 3823 983 3870 vero
1015 3801 1318 3891 insignia
1365 3803 1641 3873 Ordinis
1670 3804 1780 3872 sui
1820 3804 2232 3872 monasteria
2272 3804 2755 3895 praelegendo,

215 3889 661 3980 disputando,
725 3891 1200 3959 concionando
1248 3890 1640 3960 illustravit=
1680 3904 1746 3960 et
1806 3893 2098 3971 ornavit,
2155 3892 2363 3979 idque
2413 3906 2558 3963 tum
2625 3893 2766 3963 zelo

214 3978 379 4048 fidei
411 3990 476 4048 et
504 3977 765 4047 fervore
814 3979 1076 4048 Christo
1125 3980 1393 4048 animas
1441 3979 1859 4060 adducendi,
1919 3994 2064 4050 tum
2116 3982 2345 4051 studio
2396 3982 2635 4053 fratres
2663 3983 2767 4050 in-

214 4067 569 4147 sumendi,
602 4080 750 4137 tum
778 4089 1052 4154 quoque
1099 4068 1440 4137 desiderio
1488 4069 1983 4139 cohonestandi
2033 4071 2426 4141 institutum
2477 4072 2617 4143 sive
2648 4074 2767 4140 Or-

213 4154 450 4225 dinem
510 4177 742 4236 suum,
794 4157 916 4242 qui
967 4177 1087 4246 per
1139 4157 1205 4226 id
1258 4168 1532 4247 tempus
1582 4170 1863 4247 propter
1918 4159 2339 4250 imperitiam
2388 4182 2424 4227 a
2481 4159 2573 4229 ud
2619 4160 2765 4249 ple-

214 4265 465 4345 rosque
494 4244 562 4313 in
595 4256 996 4335 contemptu
1026 4260 1193 4315 erat.
1249 4250 1327 4315 Et
1372 4259 1551 4316 certe
1595 4246 1723 4315 fuit
1778 4248 2048 4337 primus
2097 4248 2215 4318 ille
2266 4270 2429 4339 prae
2458 4260 2643 4319 ector
2693 4249 2760 4316 in

214 4333 467 4403 Ordine
514 4356 665 4415 su0,
725 4334 1190 4404 consentiente
1251 4335 1646 4405 beatissimo
1698 4348 1887 4425 patre
1942 4337 2350 4417 Francisco,
2406 4337 2766 4407 institutus

217 4421 585 4505 Bononiae,
622 4434 697 4492 ut
748 4435 1089 4513 praeesset
1118 4422 1266 4494 suis
1291 4425 1362 4494 in
1399 4423 1782 4516 theologica
1809 4424 2152 4497 facultate.
2191 4430 2268 4495 ln
2320 4426 2761 4495 Cismontana
2867 4456 2875 4469 ·
