3357 4995
263 340 482 405 JUNII
533 341 615 405 ⁴5
1090 360 1168 406 DE
1216 361 1273 407 s.
1326 358 1676 408 LANDELINO
1724 361 1964 407 Anaua
2598 342 2727 408 357

271 449 335 514 S.
390 444 567 513 Petri
623 442 1098 535 Apostolorum
1162 444 1498 534 principis
1563 444 1869 526 condens
1919 445 2305 525 ecclesiam,
2360 445 2537 514 inter
2598 446 2811 534 ips08,

269 545 348 602 ut
393 532 487 601 ita
533 532 784 614 dicam,
840 553 1177 623 supernos
1226 533 1638 623 Angelorum
1691 534 1959 613 chorOS,
1999 535 2125 603 etsi
2171 533 2467 603 necdum
2498 555 2808 623 corpore,

269 622 521 690 mentis
568 634 795 712 tamen
833 622 1412 711 contemplatione
1443 624 1867 702 versabatur,
1914 624 2007 691 ita
2054 635 2129 690 ut
2163 634 2390 711 posset
2443 624 2591 711 ipse
2643 644 2817 708 quo-

265 732 404 796 que
437 709 663 778 dicere
701 732 860 780 cum
911 711 1272 802 Apostolo:
1314 715 1553 780 Nostra
1603 725 1833 780 autem
1860 712 2295 781 conversatio
2328 713 2396 779 in
2449 710 2657 779 coelis
2686 724 2813 780 est.

356 801 392 885 ξ
440 802 520 870 8.
577 799 811 869 Visum
854 812 1084 868 autem
1119 814 1219 869 est
1252 822 1498 890 operae
1539 801 1839 890 pretium
1884 800 2079 878 beato
2122 800 2288 878 viro,
2324 813 2401 869 ut
2432 799 2818 889 discipulos

267 910 433 957 suos
481 887 842 957 Adelinum
891 901 956 957 et
996 888 1458 959 Domitianum
1496 912 1535 958 a
1585 911 1656 959 se
1690 889 1772 974 ad
1821 902 2135 979 separata
2161 912 2199 956 a
2235 911 2304 959 se
2340 888 2632 957 invicem
2667 889 2819 958 loca

266 976 636 1077 ablegaret,
690 989 767 1045 ut
815 977 946 1066 ipsi
995 998 1267 1064 quoque
1334 978 1716 1047 ministerio
1780 980 1964 1047 verbi
2034 978 2145 1046 Dei
2213 978 2496 1045 Domino
2546 977 2818 1046 animas

268 1065 772 1144 lucrifacerent,
822 1078 888 1134 et
920 1066 1006 1134 ad
1042 1089 1112 1137 se
1148 1066 1511 1137 invitarent
1551 1067 1893 1155 quotidie:
1939 1088 2138 1157 porro
2177 1067 2320 1154 ipse
2348 1066 2623 1134 divinae
2662 1066 2817 1155 phi—

270 1153 625 1243 losophiae
674 1153 1162 1235 avidissimuS,
1217 1155 1615 1226 coelestium
1673 1156 2240 1246 contemplationi
2293 1154 2580 1223 liberius
2635 1177 2819 1223 vaca-

270 1256 393 1311 ret.
443 1248 676 1330 Itaque
711 1248 775 1311 S.
812 1242 1247 1316 Adelinuma
1273 1267 1398 1314 suo
1449 1246 1865 1315 monasterio
1899 1246 1986 1314 ad
2025 1267 2243 1313 unum
2274 1244 2571 1312 milliare
2606 1266 2819 1331 prope

271 1331 562 1400 fluvium
635 1337 821 1413 Hon,
907 1333 1370 1403 Domitianum
1435 1356 1588 1402 vero
1653 1335 1736 1402 ad
1797 1333 1936 1403 duo
1996 1333 2153 1423 plus
2210 1334 2442 1402 minus
2495 1332 2821 1401 milliaria

259 1421 459 1509 juxta
507 1421 791 1490 fluvium
849 1426 942 1490 Ha
1001 1443 1208 1510 naum
1253 1444 1526 1491 manere
1584 1423 1816 1492 voluit.
1874 1423 1995 1491 His
2044 1423 2137 1491 ita
2188 1421 2520 1511 peractis.
2580 1432 2819 1490 sancta

267 1521 333 1578 et
394 1509 837 1579 immaculata
903 1516 946 1580 C
1004 1511 1168 1579 risto
1236 1510 1506 1588 hostia,
1583 1511 1951 1601 multiplici
2028 1510 2435 1580 contusione
2504 1523 2568 1578 et
2636 1511 2818 1599 ignis

269 1599 778 1668 examinatione
829 1599 1045 1670 instar
1076 1599 1458 1669 holocausti
1496 1614 1965 1690 praeparatus,
2024 1605 2154 1668 Deo
2200 1600 2456 1689 dignus
2497 1599 2818 1669 sacerdos

271 1686 714 1768 LandelinuS,
751 1688 884 1778 ipsi
924 1690 1069 1777 jam
1121 1688 1395 1757 coelesti
1446 1711 1602 1758 arae
1653 1689 2182 1778 propinquabat.
2241 1694 2405 1757 Cum
2456 1688 2640 1756 enim
2669 1711 2819 1756 om-

272 1776 593 1865 nipotens
644 1781 820 1845 Deus
855 1799 978 1866 pro
1014 1776 1388 1858 laboribuS‚
1425 1801 1597 1864 quos
1647 1800 1771 1868 pro
1810 1779 2089 1847 nomine
2121 1781 2270 1867 ejus
2319 1776 2625 1862 quotidie
2664 1799 2818 1865 per-

272 1864 556 1938 ferebat,
594 1865 742 1954 jam
793 1866 1218 1934 remunerari
1260 1866 1458 1935 illum
1526 1867 1744 1946 vellet,
1801 1867 2110 1936 membra
2158 1867 2426 1946 senilia,
2481 1866 2816 1934 diuturno

273 1954 509 2023 labore
539 1953 868 2034 confecta,
911 1954 1085 2024 lenis
1130 1955 1471 2041 quaedam
1506 1955 1840 2025 febricula
1887 1956 2243 2044 corripuit.
2295 1961 2463 2023 Tum
2539 1954 2651 2022 ille
2704 1977 2817 2022 ac—

271 2042 539 2112 cersitis
569 2042 879 2130 undique
912 2043 1266 2123 fratribus,
1321 2043 1579 2114 indicat
1628 2068 1699 2114 se
1761 2067 1797 2113 e
1850 2045 2157 2133 corporis
2197 2043 2543 2132 ergastulo
2594 2042 2819 2111 abitu-

274 2152 458 2224 rum.
512 2136 654 2199 Mox
693 2131 935 2202 fratres
969 2153 1208 2202 omnes
1239 2132 1514 2223 lugubri
1553 2155 1716 2203 voce
1763 2134 2037 2203 dicunt:
2080 2133 2272 2215 Quod
2316 2132 2593 2200 domine
2632 2144 2822 2221 pater

275 2220 405 2287 erit
439 2220 638 2289 nobis
668 2220 996 2310 deinceps
1045 2221 1408 2301 auxilium,
1442 2223 1495 2290 si
1549 2235 1622 2292 tu
1658 2222 1889 2311 pastor
1921 2244 2078 2291 oves
2119 2221 2383 2290 Christo
2416 2220 2816 2306 acquisitas,

281 2308 426 2396 lupi
461 2310 732 2377 tartarei
767 2309 1089 2379 dentibus
1139 2311 1540 2380 lacerandas
1593 2312 1980 2398 relinquis?
2029 2311 2150 2379 His
2203 2309 2482 2388 auditiS‚
2543 2309 2644 2375 vir
2708 2308 2823 2376 Dei

279 2396 869 2485 lacrymabundus
898 2399 1103 2486 dixit:
1139 2405 1296 2478 «Ne,
1342 2422 1597 2486 quaeso
1629 2424 1746 2470 vos
1771 2400 2164 2474 charissimi
2199 2398 2463 2472 fratres,
2500 2397 2824 2466 decessus

279 2508 474 2555 meus
525 2509 830 2557 moerore
877 2487 1151 2558 afficiat.
1216 2489 1422 2558 Plane
1481 2512 1615 2559 non
1665 2490 1881 2558 deerit
1916 2489 2137 2558 'vobis
2191 2499 2421 2577 pastor
2466 2499 2810 2565 aeternuS‚

275 2576 608 2645 Dominus
638 2578 951 2647 omnium
984 2585 1187 2647 jesus
1235 2578 1568 2658 ChristuS,
1604 2580 1659 2649 si
1693 2580 1844 2667 ejus
1876 2578 2093 2646 amori
2133 2577 2489 2645 inhaerere
2539 2575 2820 2644 studue-

274 2663 451 2732 ritis.
508 2666 760 2734 Servite
806 2687 968 2755 ergo
1000 2668 1061 2735 ei
1097 2667 1164 2734 in
1220 2667 1484 2747 timore,
1522 2681 1586 2736 et
1610 2668 1904 2737 exultate
1943 2668 2004 2734 ei
2052 2688 2210 2735 cum
2267 2678 2576 2733 tremore.
2625 2663 2827 2731 Nulla

177 2792 182 2797 -
278 2753 471 2821 vobis
524 2775 763 2823 nocere
826 2756 1071 2845 poterit
1117 2754 1517 2836 adversita5‚
1571 2757 1633 2845 si
1698 2756 1890 2825 nulla
1937 2755 2332 2824 dominetur
2391 2752 2744 2839 iniquitas.
2788 2775 2823 2819 »

277 2842 400 2911 His
457 2853 661 2929 atque
706 2843 857 3000 effus
904 2844 1176 2933 generis
1233 2844 1388 2913 aliis
1456 2845 1895 2915 sermonibus
1956 2843 2358 2912 adhortatus
2426 2840 2694 2917 fratres,
2752 2840 2823 2909 in

275 2932 506 2999 cinere
554 2945 619 3000 et
666 2932 727 3001 ci
764 2932 892 3001 icio
921 2933 1185 3022 jacens,
1240 2933 1650 3012 astantibus,
1734 2955 1909 3020 quos
1964 2932 2426 3020 undequaque
2485 2931 2571 2999 ad
2630 2929 2824 2998 Chri-

282 3031 466 3088 stum
535 3020 932 3100 adduxerat,
1007 3022 1438 3092 charissimis
1488 3022 1675 3102 filiis,
1730 3022 2063 3101 animam,
2120 3022 2458 3089 bonorum
2534 3040 2825 3108 operum

279 3107 569 3177 floribus
602 3109 1013 3189 redimitam,
1069 3110 1330 3181 Christo
1382 3111 1703 3191 reddidit,
1757 3111 1974 3180 beatis
2022 3110 2430 3200 angelorum
2465 3108 2829 3197 spiritibus

279 3197 708 3268 sociandam.
750 3198 1081 3288 Discipuli
1129 3212 1358 3269 autem
1412 3199 1798 3270 venerabile
1843 3222 2097 3288 corpus
2137 3200 2288 3289 eJus
2337 3196 2714 3266 honorifice
2754 3195 2826 3263 in

279 3285 519 3354 eodem
554 3288 968 3357 monasterio
998 3288 1479 3368 condiderunt,
1534 3290 1656 3359 ubi
1707 3289 1858 3378 ejus
1915 3288 2176 3358 meritis
2228 3300 2293 3356 et
2339 3286 2828 3355 intercessione

276 3374 496 3444 multa
544 3395 622 3443 ac
671 3376 1012 3467 stupenda
1082 3376 1261 3445 fiunt
1318 3377 1698 3448 miracula:
1778 3383 2167 3447 Praestante
2231 3375 2518 3445 Domino
2592 3384 2827 3449 nostro

274 3467 440 3531 Jesu
489 3463 776 3546 Christo,
812 3465 925 3534 cui
973 3478 1073 3535 est
1122 3466 1340 3535 honor
1368 3479 1434 3535 et
1472 3466 1695 3557 gloria
1743 3467 1814 3535 in
1859 3488 2036 3537 saec.
