3357 4995
755 342 836 406 84
1218 357 1559 405 TRANSLAT.
1613 358 1706 406 ss,
1763 354 1880 404 Mn.
1928 359 2106 405 Parni
2157 359 2233 405 nr
2279 358 2656 407 uacuum
2896 342 3109 409 JUNII
3151 344 3184 406 2

667 440 754 509 ad
804 439 1170 507 fenestram
1205 437 1537 518 cubiculi,
1573 436 1643 506 in
1685 458 1822 525 quo
1860 460 1988 530 ego
2013 451 2181 508 tunc
2211 459 2425 520 eram,
2470 439 2778 510 celeriter
2805 461 3180 520 accurrens,

666 548 913 615 meque
958 525 1384 616 compellans
1413 581 1428 606 ,
1484 525 1906 598 miraculum
1954 527 2137 615 quod
2190 527 2454 598 viderat
2523 528 2895 609 indicavit,
2949 530 3186 620 gratias
3231 544 3302 621 ῃ

669 640 709 687 a
758 638 881 687 ens
914 620 1046 684 Deo
1092 615 1215 702 qui
1265 635 1384 704 per
1417 627 1755 705 martyres
1786 623 1951 686 suos
1981 627 2169 686 tanta
2198 616 2536 688 miracula
2574 617 2661 686 ad
2693 617 2986 688 salutem
3022 639 3187 688 mor-

671 640 912 776 tzfiium
961 702 1233 793 operari
1281 702 1610 803 dignatus
1658 716 1783 774 est.
1851 707 1916 759 ὅ*

755 797 792 881 ξ
837 798 925 864 5.
981 797 1146 862 Cum
1196 813 1276 861 ex
1326 793 1434 861 his
1482 791 1778 880 aliisque
1797 793 2305 884 *compluribus
2332 792 2663 863 virtutum
2689 797 3187 885 operationibus

716 904 790 952 er
818 881 1349 971 circumpositos
1381 880 1563 950 vicos
1610 894 1676 951 et
1726 903 1938 972 pagos
1970 882 2295 954 salutaris
2325 881 2510 952 fama
2536 884 3018 966 crebresceret,
3052 907 3188 954 rnu-

667 906 794 1041 lier
828 969 1171 1058 quaedam
1221 969 1305 1039 de
1339 991 1525 1060 pago⁷
1565 969 1982 1043 Ribuarensi
2022 971 2241 1041 multo
2295 970 2428 1040 'am
2478 983 2784 1061 tempore
2831 995 3055 1055 caeca,
3099 975 3187 1041 vi-
3298 975 3303 1024 ἲ

666 1082 823 1131 sum
877 1056 1253 1149 recipiendi
1283 1071 1350 1128 et
1389 1057 1815 1129 desiderium
1864 1059 2073 1130 simul
2123 1072 2188 1130 et
2226 1059 2273 1128 fi
2325 1058 2558 1129 uciam
2610 1059 2896 1143 habens,
2936 1063 3020 1132 ad
3068 1084 3189 1132 me-

665 1161 1012 1218 moratum
1052 1146 1428 1217 oratorium
1462 1167 1533 1216 se
1563 1148 1831 1237 rogavit
1875 1148 2154 1218 adduci.
2196 1153 2504 1235 Cumque
2552 1147 2671 1218 illo
2710 1152 3029 1233 venisset,
3070 1162 3188 1221 tres

666 1250 842 1307 totos
890 1236 1062 1317 dies,
1102 1234 1520 1322 totidemque
1561 1240 1794 1307 noctes
1840 1237 2098 1306 ibidem
2139 1237 2402 1307 orando
2447 1249 2514 1308 et
2549 1238 2948 1327 jejunando.
2986 1241 3187 1310 conti·

668 1326 930 1395 nuavit.
986 1323 1111 1394 Sed
1163 1346 1321 1392 cum
1387 1324 1489 1393 ad⁴
1535 1347 1864 1414 praesens
1913 1324 2188 1396 nullum
2249 1326 2318 1394 in
2370 1346 2445 1395 se
2489 1341 2845 1418 exoptatae
2893 1329 3188 1399 sanitatis

667 1416 999 1486 sensisset
1057 1411 2111 1494 indicium,’domum'reducta
2170 1427 2293 1484 est.
2355 1416 2737 1503 Paucisque
2770 1417 3190 1509 ,interpositis

666 1503 940 1582 diebuS,
979 1525 1012 1571 s
1065 1523 1102 1571 e
1151 1502 1528 1592 recipiendi
1569 1503 1858 1593 luminis
1891 1503 2078 1573 haud
2123 1524 2296 1574 vane
2325 1516 2681 1593 concepta,
2727 1506 2977 1577 iterum
3013 1528 3081 1576 se
3114 1505 3187 1575 ad

667 1612 900 1662 sacras
935 1611 1006 1660 re
1038 1591 1263 1679 iquias
1296 1590 1566 1661 deduci,
1590 1613 1663 1660 ro
1717 1592 1875 1662 avit.
1921 1596 2069 1674 Quo
2116 1614 2275 1662 cum
2303 1593 2391 1662 ab
2420 1615 2562 1662 uno
2601 1614 2817 1683 puero
2845 1595 3191 1670 duceretur

665 1682 861 1770 (nam
910 1679 1031 1768 qui
1082 1681 1275 1770 prius
1322 1701 1470 1749 eam
1504 1679 1624 1750 illo
1668 1615 2129 1762 deduxerunt,
2175 1702 2369 1782 spem
2404 1682 2555 1770 ejus
2594 1682 2779 1752 velut
2816 1684 3087 1754 inanem
3125 1705 3192 1752 ac

666 1789 1171 1859 supervacuam
1199 1768 1618 1858 judicantes,
1668 1851 1674 1858 ο
1771 1770 1960 1840 erius
1992 1791 2154 1839 cum
2214 1769 2336 1838 illa
2382 1770 2483 1840 ire
2531 1771 2941 1861 noluerunt)
2984 1786 3047 1843 et
3087 1771 3190 1843 ubi
3300 1808 3303 1813 ·

667 1858 755 1928 ad
790 1858 1275 1928 coemeterium
1324 1857 1662 1945 Aquensis
1813 1859 1958 1939 atii,
2010 1859 2195 1946 quod
2246 1859 2315 1926 in
2361 1872 2592 1930 monte
2638 1861 2759 1947 qui
2806 1862 3032 1932 eidem
3065 1860 3191 1929 vico

668 1947 758 2016 ab
805 1945 1120 2017 orientali
1171 1957 1362 2035 parte
1425 1934 1783 2039 imminet}
1835 1948 2044 2018 situm
2094 1960 2236 2028 est,
2305 1947 2542 2017 eodem
2593 1949 2967 2021 comitante
3012 1963 3193 2038 atque

667 2035 961 2104 ducente
1012 2035 1338 2126 pervenit,
1378 2035 1502 2114 ibi,
1538 2036 1746 2122 quasi
1790 2035 2109 2105 obviante
2158 2036 2293 2106 sibi
2326 2036 2562 2107 divina
2593 2039 2835 2128 gratia,
2878 2040 3004 2111 diu
3032 2039 3191 2109 desi-

668 2124 984 2193 deratum
1032 2122 1266 2193 lumen
1316 2123 1592 2199 recenit.
1625 2125 2091 2199 TumJnirans
2128 2138 2334 2212 atque
2365 2128 2649 2197 attonita
2683 2129 3017 2209 constitit,
3047 2148 3191 2219 pue-

667 2234 882 2300 roque
929 2212 1209 2283 ducenti
1241 2225 1303 2280 ut
2001 2214 2207 2283 ravit:
2264 2218 2634 2297 Hactenus,
2689 2216 3037 2304 inquiens,
3072 2236 3190 2304 quo

670 2314 747 2370 tu
795 2301 1213 2390 praecedens
1259 2301 1302 2369 d
2001 2326 2071 2372 n:
2127 2302 2330 2373 modo
2378 2317 2606 2374 autem
2657 2318 2773 2375 tuo
2820 2306 3037 2377 ductu
3073 2326 3187 2374 non

666 2411 870 2480 egeo:
925 2390 1088 2477 quia
1128 2390 1303 2458 viam
2001 2415 2013 2461 3
2062 2391 2281 2472 vide0,
2326 2391 2627 2462 et.hunc
2676 2394 2911 2464 vicum
2960 2398 3025 2464 in
3073 2414 3189 2482 quo

668 2502 906 2550 sacrae
952 2476 1287 2566 reliqifiae
1335 2513 1521 2561 sum,
1555 2513 1640 2549 au
1782 2482 2113 2563 asa-venire
2136 2480 2475 2571 disposui,
2508 2483 2795 2553 Domino
2849 2484 3191 2575 adjuvante
3300 2537 3303 2547 .

666 2569 1043 2660 conspicio.
1077 2575 1176 2638 Tu
1225 2581 1520 2639 tantum*
1546 2570 1701 2640 vide
1788 2583 1813 2638 t
1857 2592 2048 2649 cura,
2088 2582 2164 2639 ut
2205 2591 2313 2639 me
2340 2584 2520 2642 recta
2562 2573 2670 2640 via
2710 2572 2795 2640 ad
2830 2574 3189 2644 oratorium

664 2671 1051 2749 martyrum
1105 2659 1172 2726 in
1227 2658 1380 2747 ipso
1431 2660 1576 2727 vico
1617 2654 1948 2727 adducas.
1986 2660 2107 2729 His
2135 2658 2338 2729 dictis
2367 2661 2453 2729 ad
2482 2661 2860 2731 oratorium
2896 2661 3186 2754 perrexit,

718 2749 924 2817 ratias
971 2748 1155 2837 egit,
1227 2746 1527 2834 factique
1576 2747 1648 2816 in
1700 2768 1771 2817 se
1820 2747 2142 2817 miraculi
2191 2748 2392 2818 nobis
2458 2749 2799 2820 indicium
2850 2751 3049 2832 fecit,
3113 2748 3191 2816 vi-

666 2770 976 2923 gensque
1005 2849 1070 2905 ct
1102 2834 1416 2926 gaudens
1449 2836 1534 2904 ad
1588 2836 1869 2927 propria
1918 2837 2264 2905 remeavit.

755 2927 793 3009 ξ
838 2930 932 2995 θ.
986 2923 1409 2993 Ascuilarem
1477 2938 1724 2995 vocant
1771 2923 2068 2995 fundum
2120 2925 2413 3020 regium·
2456 2926 2542 2994 ab
2591 2930 2894 3014 Aquensi
2963 2925 3191 3021 palatio

665 3025 965 3099 quatuor
1032 3010 1388 3082 leucarum
1429 3014 1661 3104 spatio
1700 3014 2099 3084 distantem.
2171 3019 2246 3083 In
2296 3034 2435 3100 quo
2482 3016 2765 3102 quidem
2816 3018 3025 3090 homo
3068 3027 3192 3086 erat

666 3100 938 3170 diutina
987 3100 1550 3190 praecordiorum
1592 3102 1993 3173 infirmitate
2023 3101 2341 3173 detentus
2388 3116 2593 3191 atque
2632 3104 3000 3178 laborans:
3028 3108 3192 3197 jam·

665 3210 801 3276 que
840 3211 878 3257 a
927 3189 1077 3259 suis
1122 3210 1201 3258 eo
1253 3188 1454 3259 modo
1486 3190 1916 3280 desperatus,
1954 3204 2030 3262 ut
2079 3213 2214 3260 non
2251 3191 2447 3261 aliter
2473 3193 2608 3263 nisi
2641 3198 2952 3267 cauterio
2984 3193 3192 3267 curari

663 3298 868 3435 posse
915 3276 1282 3354 videretur.
1324 3280 1692 3360 Quaeritur
1730 3278 1997 3350 adhoc
2060 3279 2398 3361 medicuS,
2446 3293 2511 3352 et
2557 3283 2818 3352 ustioni
2868 3306 3002 3357 non
3054 3303 3194 3375 pro·

697 3380 939 3437 uturae
968 3366 1116 3435 dies
1145 3367 1608 3436 constituitur.
1648 3371 1914 3438 Interea
1944 3368 2222 3440 cuidam
2251 3369 2592 3440 foeminae
2617 3372 2687 3440 in
2723 3372 2968 3444 eodem
2998 3370 3193 3443 fundo

665 3455 1005 3525 habitanti
1047 3456 1117 3523 in
1169 3455 1439 3525 somnio
1482 3455 1853 3526 revelatum
1885 3470 2009 3539 est,
2050 3480 2186 3527 non
2215 3457 2465 3528 debere
2503 3460 2705 3529 illum
2746 3461 2832 3530 ad
2870 3472 3193 3534 suamcu-

666 3546 1002 3615 rationem
1043 3543 1387 3633 ejusmodi
1438 3544 1776 3616 medelam
1826 3546 2187 3617 admittere
2233 3569 2411 3634 quae
2456 3561 2523 3617 et
2571 3571 2694 3639 pro
2742 3552 2852 3619 sui
2904 3548 3195 3620 molestia

665 3634 777 3702 vix
846 3632 1121 3703 tolerari
1171 3645 1443 3723 posset,
1509 3648 1575 3703 et
1621 3635 1787 3722 quia
1836 3657 2267 3725 supervacua
2314 3649 2516 3718 esset,
2571 3639 2864 3709 salutem
2928 3635 3192 3730 patienti

665 3743 803 3791 non
855 3722 1148 3791 afferret.
1190 3727 1544 3792 Caeterum·
1593 3724 1652 3793 si
1689 3745 1902 3794 sanus
1952 3724 2102 3794 fieri
2135 3724 2360 3806 vellet,
2401 3725 2486 3795 ad
2522 3731 2834 3813 Aquense
2874 3727 3193 3818 palatium

666 3811 817 3890 iret,
858 3811 1234 3881 oratorium
1270 3826 1582 3881 nostrum
1619 3812 2021 3900 inquireret,
2068 3814 2278 3901 inque
2324 3836 2407 3884 eo
2454 3836 2527 3884 se
2558 3815 2883 3886 collocari
2933 3817 3187 3892 faceret,
3293 3902 3295 3904 ‚

665 3913 730 3967 et
762 3912 921 3968 ante
960 3899 1269 3969 triduum
1315 3901 1737 3991 completum
1788 3901 1952 3971 inde
2000 3924 2139 3972 non
2198 3902 2581 3973 recederet:
2646 3905 2774 3975 hoc
2816 3905 3017 3976 modo
3065 3902 3195 3995 ple-

667 3988 934 4057 nariam
985 4009 1143 4058 eum
1176 4003 1716 4059 consecuturum
1767 3992 2156 4062 sanitatem.
2211 3992 2404 4074 Quod
2454 3993 2578 4063 ubi
2611 3994 2676 4063 ei
2722 3995 3193 4065 annuntiatum

665 4088 792 4157 est,
846 4077 1236 4146 convocatis
1284 4078 1526 4148 amicis
1567 4101 1647 4148 ac
1698 4081 2053 4169 proximis,
2101 4081 2296 4170 petiit
2334 4094 2411 4151 ut
2456 4103 2619 4173 erga
2668 4105 2739 4152 se
2787 4084 2979 4153 illius
3027 4099 3197 4151 reve-

667 4165 946 4236 lationis
983 4166 1187 4255 jussa
1232 4167 1678 4258 complerent.
1735 4170 1867 4250 Qui
1919 4189 2073 4238 mox
2111 4170 2431 4260 jumento
2471 4171 2900 4261 impositum,
2936 4172 3021 4241 ad
3057 4189 3195 4240 ora-

667 4254 924 4325 torium
973 4254 1379 4337 adducunt,
1433 4269 1636 4345 atque
1685 4258 1756 4325 in
1822 4279 1900 4327 eo
1970 4270 2048 4327 ut
2084 4259 2366 4347 jussum
2415 4258 2637 4330 fuerat
2670 4316 2685 4341 ,
2749 4260 3191 4331 collocanteS.

667 4343 926 4413 abeunt
972 4357 1124 4434 post
1174 4344 1480 4415 triduum
1527 4347 1891 4416 reversuri.
1934 4346 2057 4416 Ille
2104 4361 2335 4419 autem
2398 4348 2658 4419 ibidem
2702 4350 3035 4419 dimissus
3086 4366 3195 4438 per

669 4445 807 4504 tres
854 4434 1002 4504 dies
1049 4445 1113 4504 et
1161 4446 1393 4505 noctes
1444 4435 1730 4505 Domino
1779 4458 1904 4525 pro
1953 4435 2197 4508 salutis
2244 4459 2411 4527 suae
2455 4439 2970 4529 recuperatione
3019 4433 3190 4507 haud
