3357 4995
712 328 841 394 600
1339 348 1419 394 na
1466 344 1523 393 s.
1572 340 1904 396 ammaum
1949 344 2184 394 nnuc.
2236 345 2437 395 amsc.
2794 328 3002 394 ,mm
3056 328 3147 394 26

620 429 906 518 obsequi
954 429 1326 512 voluntati,
1379 430 1564 519 quod
1614 431 1913 502 necdum
1962 443 2391 521 compertum
2427 430 2707 500 haberet
2754 451 2956 500 rema
3003 435 3145 502 Deo

705 520 787 589 ri.
853 519 1326 607 Perquirentes
1374 531 1602 590 autem
1650 520 1916 601 fratreS,
1974 530 2338 610 postquam
2396 540 2557 589 eum
2617 531 3052 610 repererint,
3105 543 3146 590 e

645 608 897 678 atebris
942 619 1345 689 extractum,
1400 609 1508 678 vix
1555 608 1627 677 in
1674 617 2088 679 conventum
2137 606 2512 698 perducere
2606 620 2862 678 otuere.
2914 612 3147 699 Expo-

618 709 795 768 nunt
830 697 894 766 ei
939 695 1288 767 Pontificis
1320 696 1748 777 mandatum,
1792 697 2115 768 exhibent
2162 696 2415 776 literas,
2462 695 2548 765 ad
2603 696 2653 764 it
2700 696 2893 766 Prior
2922 698 3144 768 etiam

619 807 826 857 suum
875 796 1317 876 praeceptum
1346 840 1366 866 ,
1423 798 1666 877 rogant
1714 786 1920 875 legati
1968 784 2246 855 nomine
2293 785 2502 855 totius
2563 784 2904 855 Ecclesiae
2933 786 3148 856 Belli-

618 875 867 955 censiS,
912 875 1272 944 hortantur
1318 873 1583 956 fratreS,
1636 886 1714 945 ut
1762 874 2186 966 provinciam
2219 873 2554 944 divinitus
2586 873 2721 963 ipsi
2767 873 3144 944 demtnda-

619 975 758 1033 tam
805 962 1159 1053 suscipiat,
1205 984 1328 1032 nec
1377 985 1578 1034 suam
1613 963 2030 1034 voluntatem
2081 984 2295 1033 ausus
2343 962 2431 1032 sit
2477 961 2751 1031 divinae
2782 963 3135 1033 anteferre.

621 1050 878 1140 Ecquid
931 1072 1085 1121 vero
1119 1052 1204 1121 iis
1252 1053 1578 1122 omnibus
1606 1053 1925 1123 effectum
1972 1055 2117 1122 est?
2148 1050 2269 1121 Ille
2305 1072 2589 1141 prorsus
2628 1051 2878 1132 renuit,
2916 1052 3142 1142 palam

622 1151 1027 1232 protestans,
1071 1162 1144 1210 se
1189 1152 1377 1210 extra
1428 1141 1616 1210 illam
1669 1162 1979 1211 eremum
2029 1161 2389 1227 nunquam
2451 1161 2915 1231 egressurum.
2958 1145 3146 1210 Tan-

622 1228 779 1299 dem
877 1230 943 1300 ia
987 1228 1289 1317 quadam
1337 1242 1403 1299 et
1441 1228 1696 1300 callida
1743 1229 2246 1299 machinatione
2296 1241 2691 1320 proponunt
2736 1229 2822 1310 ei,
2854 1228 3143 1299 altarum

622 1340 661 1389 e
687 1252 959 1388 duossus
1006 1329 1082 1388 ut
1101 1317 1343 1407 eligat:
1396 1331 1516 1388 aut
1538 1318 1886 1389 Pontificis
1917 1317 2239 1388 mandato
2262 1317 2664 1407 impositum
2693 1316 3146 1408 amplectatur

622 1407 1108 1486 ministerium,
1162 1418 1280 1476 aut
1326 1406 1559 1498 ipsum
1609 1406 2004 1477 Pontificem
2053 1407 2276 1486 adeat,
2321 1427 2528 1493 quern
2577 1408 2775 1496 ajunt
2818 1407 2972 1496 ejus
3014 1429 3139 1476 co-

674 1497 813 1564 nita
863 1494 1245 1576 voluntate,
1302 1517 1661 1582 nunquam
1712 1495 1824 1566 illi·
1863 1495 1997 1564 vim
2061 1495 2564 1567 adhibiturum.
2631 1500 2722 1564 Ea
2772 1495 2970 1586 igitur
3013 1518 3144 1588 spe

622 1518 872 1654 §uetus
906 1583 1043 1662 ille,
1101 1584 1226 1651 iter
1273 1583 1627 1674 ingressus
1664 1597 1786 1659 est.
1827 1582 2069 1675 legatis
2115 1606 2273 1654 eum
2326 1605 2460 1654 non
2512 1584 2990 1654 deserentibus.

709 1673 747 1759 ξ
795 1676 948 1743 25.
1006 1677 1085 1741 Ut
1117 1684 1344 1741 autem
1382 1674 1688 1764 pervenit
1733 1671 1820 1743 ad
1870 1673 2290 1754 Pontificem,
2327 1675 2413 1744 ab
2464 1672 2611 1762 ipso
2660 1686 2725 1742 et
2773 1685 2909 1743 tota
2955 1673 3142 1743 :uria

622 1759 999 1830 honorifice
1036 1772 1359 1852 acceptus
1404 1773 1527 1830 est.
1565 1762 1929 1851 (Noveram
1959 1762 2146 1831 enim
2194 1762 2421 1831 virum
2453 1783 2603 1831 esse
2651 1763 2887 1852 magni
2925 1761 3137 1831 ueriti

622 1859 688 1919 et
733 1848 1020 1917 eximiae
1053 1849 1374 1938 virtutis).
1428 1855 1795 1938 Postquam
1836 1861 2066 1920 autern
2114 1850 2202 1920 ad
2250 1849 2670 1937 colloquium
2708 1862 2964 1920 ventun
2995 1862 3128 1931 est,

624 1937 794 2006 dixit
831 1936 1255 2019 AnthelmuS,
1310 1960 1382 2008 se
1431 1960 1568 2008 non
1617 1939 1752 2009 alia
1776 1943 1988 2010 causa
2035 1960 2114 2008 eo
2161 1939 2566 2018 accessisse,
2623 1939 2758 2009 nisi
2809 1952 2883 2009 ut
2929 1954 3137 2027 posset

624 2025 971 2097 Pontificis
1002 2027 1295 2117 experiri
1346 2027 1914 2109 misericordiam,
1969 2049 2053 2096 ne
2098 2028 2250 2117 ejus
2296 2028 2697 2097 auctoritate
2744 2027 2829 2097 ad
2890 2027 2935 2095 i‹
2984 2026 3140 2098 adi-

626 2127 919 2206 geretur,
1027 2114 1161 2184 uod
1213 2137 1434 2202 neque
1487 2116 1643 2196 sibi,
1684 2138 1904 2204 neque
1952 2115 2332 2196 Ecclesiae,
2388 2138 2428 2185 a
2482 2138 2620 2203 qua
2674 2127 3082 2207 expetentur
3112 2172 3127 2196 ,

625 2136 1060 2273 conducibiie
1084 2202 1275 2273 foret.
1330 2203 1539 2274 Multa
1586 2217 1733 2275 tum
1783 2206 1854 2274 in
1904 2205 2211 2294 seipsum
2262 2205 2484 2295 coepit
2512 2206 2775 2296 jactare
2811 2204 3126 2285 corvicia,

627 2291 1049 2373 illiteratum,
1088 2291 1396 2373 idiotam,
1450 2294 1873 2384 imperitum,
1929 2293 2368 2384 improbum,
2427 2293 2743 2364 inutilem
2794 2316 2865 2365 se
2908 2292 3135 2362 zlami-

626 2391 802 2461 tans,
858 2393 1060 2467 atque
1105 2381 1193 2452 iis
1240 2381 1531 2470 aliisque
1561 2382 1629 2451 id
1665 2396 2006 2473 postremo
2056 2382 2418 2471 adjicienS,
2471 2405 2543 2452 se
2591 2394 2823 2452 votum
2873 2402 3127 2451 mucu-

626 2491 825 2561 passe
874 2473 1029 2549 Deo,
1072 2491 1432 2558 nunquam
1483 2472 1569 2542 ab
1607 2494 1834 2542 eremo
1883 2494 1954 2543 se
1988 2492 2448 2553 recessurum,
2484 2484 2686 2559 atque
2734 2471 2966 2542 idcico
3016 2471 3128 2540 in-

628 2560 840 2628 vitum
892 2559 1044 2650 cogi
1093 2581 1228 2629 non
1278 2559 1548 2629 debere.
1584 2562 1789 2630 Enixe
1828 2561 2040 2651 igitur
2070 2559 2187 2630 illo
2229 2573 2516 2650 petente,
2562 2574 2639 2631 ut
2686 2561 2959 2631 Pontiex
2992 2560 3132 2650 ipsi

628 2660 957 2736 parceret,
1023 2647 1138 2716 ille
1187 2648 1581 2739 respondit:
1638 2649 1872 2730 «Noli,
1956 2649 2094 2730 fili,
2177 2649 2320 2719 noli
2381 2650 2610 2719 calvas
2680 2648 3132 2720 excuationes

628 2749 1037 2824 praetexere,
1090 2757 1313 2824 neque
1358 2737 1543 2806 enim
1592 2750 1656 2806 te
1704 2737 1961 2838 fingere
2007 2737 2218 2808 decet.
2253 2738 2580 2807 Novimus
2618 2760 2752 2826 qua
2803 2739 2862 2807 si
2917 2735 3129 2806 indu-

630 2825 817 2904 stria,
875 2824 992 2894 ubi
1027 2825 1343 2894 animum
1376 2824 1669 2914 adjicere
1717 2839 1783 2895 et
1817 2826 2166 2896 intendere
2191 2827 2316 2896 vis.
2356 2826 2533 2910 Quid
2584 2826 2677 2896 ita
2726 2847 2880 2896 nun
2915 2825 3127 2895 inerti

630 2912 1196 3002 pusillanimitate
1273 2915 1742 2984 contraheris?
1811 2914 2103 2986 Obedias
2172 2928 2459 3017 oportet.
2512 2920 2649 3006 Ego
2719 2915 2870 2985 enin
2934 2915 3128 3000 quod

630 3001 764 3071 scri
817 3002 898 3082 si,
953 3001 1222 3092 scripsi.
1279 3004 1667 3074 Memineris
1716 3003 2104 3093 Scripturae
2165 3003 2495 3084 dicentiS,
2548 3005 2746 3091 quasi
2800 3013 3131 3093 pecatum

631 3089 773 3159 ario
804 3090 968 3158 andi
1014 3112 1204 3171 esse,
1266 3113 1689 3182 repugnare:
1741 3103 1806 3161 et
1869 3093 2068 3180 quasi
2125 3093 2353 3163 scelus
2426 3092 2865 3170 idololatriae,
2936 3089 3128 3161 nolle

628 3178 1058 3264 acquiescere
1085 3179 1225 3268 (Eoe
1273 3185 1334 3248 1.
1373 3185 1532 3270 Req.
1584 3203 1660 3249 xv
1700 3235 1715 3248 .
1765 3179 1982 3250 Simul
2038 3181 2524 3262 animadverte,
2552 3193 2812 3268 quanta
2834 3180 2911 3250 sit
2963 3179 3130 3249 obe—

630 3266 927 3336 dientiae
974 3268 1220 3349 virtus;
1264 3290 1472 3355 quam
1510 3290 1632 3360 pro
1663 3290 1860 3338 essus
1898 3268 2021 3340 diu
2067 3269 2364 3340 coluisti.
2419 3271 2550 3353 Qui
2599 3269 2860 3360 teipsun
2899 3266 3123 3337 abne-

628 3377 812 3446 gare,
856 3367 922 3425 et
944 3354 1286 3426 Christum
1322 3358 1518 3445 sequi
1548 3357 1718 3428 velle
1765 3357 2228 3447 professuses‚
2277 3381 2409 3428 non
2438 3359 2645 3429 debes
2673 3355 3126 3444 tuaeobsequi

628 3443 983 3544 voluntati,
1039 3443 1155 3515 sed
1197 3444 1282 3514 ad
1325 3446 1572 3516 Christi
1596 3445 1986 3536 exemplum
2016 3460 2079 3517 et
2120 3448 2569 3518 imitationem
2604 3458 2666 3516 te
2712 3465 3115 3533 conponere,

622 3553 745 3619 qui
790 3531 1011 3603 factus
1056 3545 1159 3604 est
1192 3535 1370 3603 Patri
1416 3535 1745 3606 obediens
1790 3556 2013 3621 usque
2039 3536 2124 3605 ad
2159 3549 2444 3606 mortem
2479 3535 2736 3606 Crucis:
2777 3554 2961 3619 aqua
2990 3534 3123 3603 etsi

622 3643 746 3713 pro
794 3621 1103 3693 humana
1149 3622 1540 3693 conditione
1608 3623 2054 3702 abhorreret,
2108 3636 2176 3695 at
2249 3637 2479 3694 tamen
2545 3632 2900 3695 constater
2947 3620 3123 3692 dixit

624 3711 838 3779 Patri:
892 3716 1094 3780 Pater
1122 3713 1238 3791 mi,
1278 3714 1343 3780 si
1366 3735 1495 3782 non
1531 3724 1748 3803 potest
1799 3713 1905 3780 hic
1937 3715 2130 3782 calist>
2160 3717 2470 3794 transire,
2503 3716 2639 3783 nisi
2672 3716 2855 3783 bibon
2880 3713 3104 3791 illum,

620 3801 743 3888 fiat
780 3804 1088 3868 voluntas
1127 3810 1318 3868 tua.»
1354 3801 1475 3872 His
1522 3813 1727 3888 atque
1758 3799 1827 3868 id
1877 3823 2097 3890 genus
2143 3801 2299 3871 aliis
2346 3797 3121 3874 sermonibusPontifice

621 3908 781 3956 eum
830 3886 1282 3967 demulcente,
1339 3888 1452 3959 ille
1520 3888 1927 3979 pudefactus
1975 3890 2340 3970 conticuit,
2406 3903 2472 3959 et
2523 3912 2645 3981 pro
2693 3887 2819 3961 tati
2897 3889 3119 3958 Patris

621 3976 996 4045 reverentia
1043 3997 1179 4045 non
1213 3975 1344 4046 fuit
1374 3999 1590 4047 ausus
1637 3977 1930 4048 ulterius
1966 3977 2310 4049 reluctari.
2366 3984 2771 4051 consecratu
2819 3975 2984 4045 inde
3012 3989 3120 4047 est

622 4063 1018 4134 solemniter
1049 4063 1136 4134 ab
1185 4064 1335 4153 ipso
1381 4066 1809 4157 Apostolicae
1844 4065 2037 4136 Sedis
2086 4067 2412 4137 Pontifice
2450 4067 2786 4139 Alexando
2825 4064 2994 4155 ipsis
3021 4065 3118 4135 fe-

621 4153 747 4224 riis
794 4153 1166 4223 nativitatis
1216 4168 1583 4244 perpetuae
1611 4154 1937 4246 Virginis,
1967 4176 2143 4242 quae
2192 4168 2355 4227 tunc
2403 4156 2471 4225 in
2502 4157 2891 4226 Domimum
2927 4153 3116 4224 diem

622 4239 1028 4324 inciderant,
1082 4241 1459 4330 eodemque
1504 4243 1883 4315 Pontificei
1937 4265 2091 4315 sum
2141 4245 2498 4326 retinente,
2552 4244 2638 4313 ad
2697 4245 2800 4340 des
2847 4240 3118 4329 aliquot

622 4331 877 4401 mansit
909 4331 980 4399 in
1030 4330 1255 4401 Curia:
1305 4343 1371 4402 et
1416 4353 1579 4402 cum
1615 4332 1833 4403 multa
1910 4353 1947 4402 e
1995 4333 2201 4404 rebus
2248 4332 2456 4405 variis
2499 4331 2884 4420 familinter
2931 4329 3115 4399 inter

623 4441 694 4491 se
739 4419 1311 4509 colloquerentur,
1363 4432 1429 4490 et
1473 4421 1877 4493 Anthelmus
1922 4421 2161 4493 crebro
2206 4443 2287 4492 ex
2336 4420 3105 4512 scripturisppportuna
