3357 4995
646 284 770 349 664
1275 300 1352 347 on
1399 301 1454 348 s.
1508 297 1730 348 CAssm
1777 299 2119 349 manumissi
2166 298 2365 347 muse.
2741 282 2959 347 JUNII
3013 283 3101 346 30

555 385 887 456 exteriora
950 395 1184 455 nostra
1252 406 1461 475 opera
1516 385 1586 454 in
1638 384 2046 455 rectitudine
2110 406 2488 454 servamus.
2543 389 2709 453 Nam
2778 385 2905 453 etsi
2945 385 3102 474 jam

554 474 829 545 luxuria
874 472 1103 542 carnis
1159 473 1465 545 abscissa
1511 485 1648 554 est,
1708 487 1936 544 tamen
1985 473 2216 542 adhuc
2263 496 2305 541 a
2350 471 2555 542 corde
2603 471 2922 543 funditus
2970 474 3104 543 ab·

555 564 767 634 scissa
818 585 954 632 non
989 575 1112 632 est.
1158 562 1283 632 Ille
1311 576 1541 633 autem
1590 563 1712 649 qui
1741 562 2186 653 judicaturus
2240 562 2447 642 venit,
2502 563 2836 631 exteriora
2889 562 3105 631 simul

553 666 619 722 et
664 651 990 721 interiora
1027 651 1321 740 judicat,
1375 651 1553 722 sacta
1586 652 1839 741 pariter
1876 665 1942 720 et
1973 650 2424 741 cogitationes
2457 664 2719 740 pensat.
2769 657 2939 721 Cum
2974 651 3109 720 du-

556 741 670 832 plo
694 761 856 830 ergo
879 740 1182 810 exercitu
1227 753 1467 810 contra
1508 741 1844 830 simplum
1879 740 2084 820 venit,
2118 739 2240 827 qui
2292 761 2418 811 nos
2468 740 2575 808 vix
2610 740 2677 807 in
2712 738 2856 808 solo
2892 762 3110 830 opere

556 841 1020 920 pracparatOS,
1074 828 1283 899 simul
1325 830 1409 899 de
1456 851 1659 919 opere
1707 842 1773 899 et
1825 829 2235 919 cogitatione
2282 827 2586 898 discutit.
2649 829 2826 911 Quid
2887 830 3114 919 igitur

556 919 903 1009 agendum
953 931 1077 999 est,
1142 917 1384 987 fratres
1422 918 1841 998 charissimi,
1897 918 2030 986 nisi
2087 931 2165 987 ut
2226 916 2395 986 dum
2448 939 2573 986 nos
2637 939 2791 987 cum
2846 917 3112 1007 simplo

555 1007 859 1077 exercitu
896 1020 1136 1076 contra
1184 1006 1481 1096 duplum
1534 1007 1724 1076 illius
1771 1006 2087 1076 sufficere
2144 1028 2279 1074 non
2349 1027 2548 1096 posse
2596 1007 3102 1095 conspicimus,

557 1096 725 1166 dum
786 1095 1015 1165 adhuc
1064 1094 1266 1186 longe
1313 1108 1436 1175 est,
1501 1096 1911 1185 legationem
1965 1096 2344 1174 mittamus,
2402 1116 2723 1184 rogemus
2778 1118 2855 1163 ea
2918 1117 3110 1181 quae

559 1185 751 1274 pacis
800 1188 1008 1254 sunt?
1056 1189 1280 1274 Longe
1310 1186 1492 1253 enim
1544 1206 1694 1254 esse
1727 1185 2005 1263 dicitur,
2044 1184 2166 1271 qui
2214 1183 2445 1252 adhuc
2479 1205 2801 1274 praesens
2843 1206 2963 1271 per
2980 1185 3110 1273 ju-

561 1273 821 1343 dicium
872 1295 1008 1342 non
1051 1272 1342 1341 videtur.
1383 1273 1733 1343 Mittamus
1771 1273 1853 1342 ad
1895 1273 2081 1342 hunc
2134 1272 2567 1362 legationem,
2610 1272 2950 1360 lacrymas
2983 1295 3112 1341 no-

560 1368 759 1444 straS,
811 1363 1167 1431 mittamus
1218 1362 1728 1430 misericordiae
1776 1374 2023 1451 opera':
2082 1373 2464 1430 mactemus
2516 1362 2582 1428 in
2634 1384 2752 1429 ara
2800 1363 2949 1451 ejus
2974 1362 3109 1430 ho-

559 1452 727 1520 stias
776 1450 1208 1541 placationiS,
1255 1471 1756 1540 cognoscamus
1808 1473 1932 1519 nos
1977 1472 2136 1518 cum
2187 1472 2265 1518 eo
2308 1451 2375 1517 in
2418 1449 2688 1539 judicio
2720 1473 2853 1519 non
2902 1472 3109 1539 posse

558 1540 993 1610 contendere.
1050 1545 1423 1610 Pensemus
1460 1540 1780 1609 virtutem
1809 1541 1960 1629 ejus
1990 1538 2438 1620 fortitudiniS,
2473 1560 2797 1639 rogemus
2822 1561 2899 1607 ea
2926 1561 3111 1625 quae

556 1630 747 1718 pacis
796 1634 981 1697 Sunt.
1037 1633 1216 1696 Haec
1265 1641 1368 1697 est
1417 1641 1648 1697 nostra
1677 1628 1924 1718 legatio
1958 1649 2135 1714 quae
2169 1650 2398 1718 regem
2430 1642 2812 1696 venientem
2846 1628 3127 1717 placat.·

555 1722 840 1786 Pensate
887 1716 1133 1786 fratres
1180 1739 1388 1803 quam
1442 1718 1820 1807 benignum
1884 1718 2002 1797 sit,
2060 1717 2242 1803 quod
2306 1717 2407 1796 is,
2460 1716 2576 1802 qui
2630 1739 2756 1786 suo
2804 1717 3112 1786 adventu

553 1806 730 1876 valet
776 1807 1193 1896 opprimere,
1250 1806 1473 1874 tardat
1518 1807 1775 1875 venire.
1832 1807 2181 1875 Mittamus
2238 1805 2322 1873 ad
2376 1806 2586 1883 hunc,
2641 1818 2717 1873 ut
2769 1805 3103 1886 diximuS,

553 1895 968 1986 legationem
1021 1907 1320 1965 nostram
1374 1894 1627 1975 ssendn,
1668 1895 2059 1975 tribuendo,
2116 1916 2350 1963 sacras
2407 1894 2665 1964 hostias
2726 1894 3102 1964 offerendo.

555 1983 1012 2074 Singulariter
1077 2005 1376 2070 namque
1424 1984 1508 2053 ad
1560 1984 2064 2054 absolutionem
2115 1995 2460 2063 nostram,
2515 1982 2758 2052 oblata
2789 2005 2951 2051 cum
3004 1983 3109 2052 la-

553 2074 814 2161 crymis
860 2086 925 2142 et
959 2072 1383 2162 benignitate
1426 2074 1673 2144 mentis
1716 2073 1893 2147 sacri
1919 2072 2157 2142 altaris
2185 2072 2408 2141 hostia
2448 2072 2906 2161 suffragatur:
2938 2074 3107 2158 quia

556 2161 775 2247 quiin
811 2184 881 2232 se
914 2182 1280 2261 resurgens
1329 2184 1367 2230 a
1418 2161 1732 2241 mortuiS,
1762 2162 1908 2249 jam
1960 2182 2093 2230 non
2134 2161 2449 2240 moritur,
2504 2159 2733 2228 adhuc
2769 2182 2890 2250 per
2923 2161 3105 2230 hanc

561 2251 630 2318 in
683 2271 809 2320 suo
852 2263 1177 2340 mysterio
1206 2272 1326 2339 pro
1359 2251 1556 2320 nobis
1591 2252 1836 2320 iterum
1864 2250 2142 2340 patitur.
2189 2255 2356 2319 Nam
2389 2250 2657 2335 quoties
2704 2249 2764 2318 ei
2800 2249 3103 2319 hostiam

559 2360 725 2409 suae
774 2339 1117 2428 passionis
1164 2340 1540 2420 offerimuS,
1596 2340 1790 2410 toties
1841 2340 2039 2409 nobis
2087 2338 2174 2407 ad
2203 2338 2707 2408 absolutionem
2761 2352 3095 2417 nostram,

565 2428 952 2519 passionem
1004 2428 1193 2495 illius
1253 2450 1675 2518 reparamus.

647 2520 684 2604 ξ
735 2522 822 2589 2.
880 2516 1145 2597 Multos,
1200 2530 1276 2587 ut
1309 2517 1624 2598 arbitror,
1672 2531 1994 2597 vestrum,
2043 2516 2284 2585 fratres
2332 2516 2750 2595 charissimi,
2806 2518 3101 2606 contigit

560 2628 761 2675 nosse
809 2606 961 2679 hoc.
1013 2605 1192 2691 quod
1248 2607 1396 2675 volo
1444 2606 1528 2675 ad
1569 2606 1968 2677 memoriam
2020 2618 2314 2674 vestram
2367 2605 2711 2674 narrando
2748 2627 3095 2676 revocare.

557 2700 700 2764 Non
752 2694 953 2785 longe
1001 2717 1039 2763 a
1091 2696 1342 2765 nostris
1382 2696 1593 2764 fertur
1640 2695 2065 2784 temporibus
2106 2694 2388 2774 factum,
2427 2694 2609 2780 quod
2662 2694 2951 2781 quidam
3007 2695 3097 2764 ab

559 2783 874 2854 hostibus
930 2797 1196 2875 captus,
1254 2784 1452 2872 longe
1513 2784 1870 2854 traductus
1918 2798 2040 2853 est.
2098 2788 2405 2870 Cumque
2452 2784 2575 2852 diu
2628 2796 2975 2853 teneretur
3028 2784 3100 2858 if.

556 2872 872 2954 vinculis,
928 2895 1090 2941 cum
1139 2893 1304 2941 uxor
1336 2895 1460 2941 sua
1507 2895 1663 2942 eum
1702 2895 1782 2942 ex
1814 2871 2053 2942 eadem
2103 2871 2493 2961 captivitate
2545 2893 2679 2940 non
2731 2874 3124 2959 reciperet!

555 2961 931 3030 extinctum
986 2961 1269 3050 putavit.
1325 2966 1449 3030 Pro
1496 2983 1634 3048 quo
1658 2961 1807 3050 jam
1846 2961 2029 3030 velut
2079 2974 2370 3041 mortuo,
2407 2961 2664 3030 hostias
2716 2961 3097 3030 hebdoma-

554 3049 763 3118 dibus
810 3049 1108 3138 singulis
1162 3050 1469 3129 curabat,
1525 3050 1791 3118 offerre.
1844 3052 2053 3139 Cujus
2089 3050 2283 3118 toties
2319 3050 2593 3119 vincula
2643 3049 3095 3120 solvebantur

556 3138 625 3205 in
681 3138 1092 3227 captivitate,
1164 3139 1430 3224 quoties
1479 3140 1565 3208 ab
1613 3139 1763 3227 ejus
1814 3139 2109 3228 conjuge
2172 3139 2433 3208 hostiae
2480 3138 2776 3209 fuissent
2824 3138 3100 3208 oblatae

556 3247 676 3317 pro
725 3225 998 3295 animae
1028 3227 1177 3313 ejus
1227 3226 1680 3296 absolutione.
1737 3232 1899 3296 Nam
1939 3227 2144 3317 longa
2191 3239 2344 3316 post
2378 3239 2686 3316 tempora
2744 3250 3090 3307 reversuS,

559 3315 915 3386 admirans
949 3315 1165 3395 valde,
1222 3316 1549 3385 indicavit
1594 3316 1790 3385 uxori
1840 3338 2029 3397 suae,
2081 3315 2264 3402 quod
2318 3316 2563 3386 diebus
2602 3316 2809 3386 certis
2844 3316 3105 3385 hebdo-

558 3403 781 3472 madis
815 3403 1110 3493 singulis
1158 3406 1308 3492 ejus
1358 3404 1631 3478 vincula
1680 3403 2140 3475 solvebantur.
2181 3410 2364 3487 Quos
2413 3405 2728 3475 videlicet
2759 3405 2908 3474 dies
2943 3405 3102 3493 ejus

555 3515 729 3564 uxor
748 3505 951 3580 atque
979 3493 1182 3562 horas
1212 3493 1613 3570 discutiens,
1650 3504 1813 3562 tunc
1846 3495 2232 3584 recognovit
2272 3515 2428 3563 eum
2465 3494 2891 3574 absolutum,
2930 3515 3096 3563 cum

558 3603 681 3671 pro
729 3602 806 3650 eo
856 3582 1274 3652 sacrificium
1344 3582 1750 3651 meminerat
1796 3582 2129 3654 oblatum.
2185 3583 2359 3652 Hinc
2407 3605 2570 3670 ergo
2617 3582 2862 3651 fratres
2933 3582 3105 3650 cha-

550 3669 833 3750 rissimi,
888 3670 1051 3739 hinc
1099 3684 1282 3740 certa
1310 3670 1860 3740 consideratione
1908 3671 2066 3741 colli
2124 3671 2234 3751 ite,
2291 3671 2520 3740 oblata
2554 3694 2595 3741 a
2637 3672 2836 3742 nobis
2873 3670 3100 3738 hostia

552 3764 747 3830 sacra
784 3771 1123 3846 quantum
1161 3759 1230 3828 in
1284 3760 1482 3831 nobis
1532 3759 1790 3830 solvere
1824 3760 2038 3830 valeat
2102 3762 2119 3829 i
2173 3774 2443 3829 aturam
2492 3760 2744 3840 cordiS,
2786 3760 2843 3830 si
2869 3757 3103 3828 oblata

551 3848 638 3918 ab
687 3847 923 3927 altero,
973 3848 1192 3938 potuit
1241 3849 1309 3916 in
1361 3848 1574 3919 altero
1608 3848 1872 3918 solvere
1920 3850 2126 3918 vincu
2157 3871 2194 3917 a
2242 3850 2577 3939 corporiS.

642 3937 679 4023 ξ
726 3940 818 4008 8.
874 3937 1067 4006 Multi
1099 3949 1425 4018 vestrum,
1477 3937 1721 4006 fratres
1753 3937 2170 4016 charissimi,
2212 3937 2521 4007 Cassium
2559 3937 2960 4008 Narniensis
2985 3957 3108 4004 ur-

551 4025 661 4095 bis
695 4025 1101 4115 episcopum
1154 4037 1512 4107 noverunt,
1566 4026 1681 4096 cui
1716 4048 1864 4095 mos
1909 4038 2053 4096 erat
2081 4026 2522 4114 quotidianas
2572 4026 2833 4097 hostias
2860 4025 3107 4095 offerre

558 4119 716 4196 De0,
756 4114 956 4183 itaut
1004 4136 1177 4205 pene
1226 4114 1464 4184 nullus
1512 4114 1660 4184 dies
1710 4116 1884 4185 vitae
1922 4117 2072 4205 ejus
2120 4115 2537 4195 abscederet,
2589 4137 2734 4201 quo
2784 4136 2919 4182 non
2956 4135 3107 4182 om-

561 4202 902 4359 nipotenti
950 4207 1083 4273 Deo
1132 4202 1429 4272 hostiam
1462 4202 1872 4294 placationis
1912 4203 2323 4274 immolaret.
2379 4205 2501 4274 Cui
2546 4225 2704 4272 cum
2761 4202 3103 4274 sacrificio

561 4313 641 4360 va
673 4289 758 4360 de
804 4291 1009 4361 etiam
1060 4292 1525 4363 concordabat
1556 4292 1716 4373 vita,
1759 4314 1919 4362 nam
1969 4306 2219 4364 cuncta
2258 4315 2433 4381 quac
2461 4291 2778 4372 habebat,
2827 4292 2897 4360 in
2926 4291 3106 4361 elee-

565 4380 876 4470 mosynis
934 4380 1286 4463 tribuenS‚
1349 4403 1509 4452 cum
1559 4380 1642 4449 ad
1706 4382 1946 4451 horam
2009 4382 2338 4452 offerendi
2385 4380 2709 4454 sacrificii
2762 4381 3096 4460 venisset,
