3357 4995
717 325 845 389 580
1464 340 1543 386 nn
1590 339 1648 387 s.
1698 337 2060 386 Amneni-o
2107 337 2329 386 mvn».
2814 319 2851 382 J
2861 318 2965 384 UN
2973 318 3036 383 11
3086 319 3180 383 25

630 425 993 505 obstinata,
1035 422 1220 511 quod
1268 423 1501 493 animo
1538 433 2020 513 conceperant,
2063 444 2135 492 re
2167 422 2318 512 ipsa
2338 420 2792 512 perfecerunt,
2844 433 3182 510 perrupto

631 515 692 581 vi
754 534 1002 605 aggere
1057 510 1478 582 monasterii.
1546 518 1717 582 Tum
1768 533 1927 582 vero
1969 510 2352 582 Adalardus
2391 510 2724 581 scrinium
2776 507 2953 579 illud
3005 531 3183 579 cum

632 603 852 672 sancti
900 601 1118 692 patris
1160 600 1503 671 Adalberti
1555 600 2210 672 commemoratione
2253 599 2457 687 aquis
2492 597 2863 689 imposuit:
2901 610 2968 668 et
3014 619 3183 668 ecce

633 694 789 761 aere
820 703 1219 781 tempestate
1255 688 1617 771 concitato,
1664 687 1931 780 grando
1962 703 2028 762 et
2071 690 2184 759 nix
2227 710 2268 758 e
2318 687 2511 759 coelo
2539 699 2776 769 ruunt,
2828 709 3051 774 aquae
3102 686 3178 755 in

632 782 893 871 seipsas
941 790 1459 859 convertuntur,
1504 799 1629 848 nec
1663 778 1923 849 audent
1970 777 2056 849 ad
2106 778 2253 848 loca
2289 776 2666 848 humiliora
2687 797 2760 846 se
2789 775 3174 846 effundere.

633 870 798 959 Ejus
860 867 1181 937 miraculi
1240 867 1537 937 novitate
1584 867 1782 937 fracti
1830 879 1895 937 et
1950 866 2296 960 pudefacti
2341 866 2836 947 CastrikenseS,
2883 864 3182 936 domum

633 958 885 1028 abiere.

721 1049 758 1133 ξ
804 1048 944 1119 18.
998 1045 1311 1115 Frisones
1348 1044 1560 1114 vicini
1608 1043 1851 1126 nostri,
1903 1042 2489 1132 quemadmodum
2541 1042 2742 1113 nobis
2789 1040 3025 1111 retulit
3070 1041 3183 1111 vir

633 1133 915 1223 quidam
951 1134 1202 1203 eximia
1235 1135 1506 1225 pietate,
1541 1133 1628 1202 ad
1660 1132 2166 1203 solemnitatem
2206 1132 2426 1202 sancti
2460 1130 2804 1203 Adalberti
2843 1143 3183 1231 perpetua

633 1223 935 1312 quadam
982 1221 1484 1294 consuetudine
1528 1243 1689 1292 curn
1739 1221 2209 1293 oblationibus
2255 1221 2650 1309 frequentes
2709 1241 2940 1290 venire
3000 1219 3182 1290 sole·

635 1313 820 1382 bant.
859 1317 1043 1381 Inter
1086 1330 1203 1381 eos
1251 1311 1434 1380 venit
1478 1310 1894 1398 quandoque
1939 1311 2143 1380 etiam
2192 1310 2448 1380 mulier
2476 1331 2618 1380 uno
2650 1309 2851 1379 oculo
2889 1308 3175 1380 orbata:

634 1422 812 1488 quae
849 1422 1010 1469 cum
1059 1399 1319 1470 sedulis
1359 1399 1682 1490 precibus
1730 1400 1799 1468 in
1852 1399 2030 1469 beati
2084 1398 2210 1468 viri
2242 1398 2533 1469 ecclesia
2588 1409 2879 1479 vacaret,
2933 1396 3177 1467 lumen

638 1490 971 1559 amissum
1024 1489 1298 1578 recepit.
1342 1492 1631 1558 Curatus
1663 1500 1766 1558 est
1795 1488 2000 1557 etiam
2033 1487 2321 1576 quidam
2354 1487 2708 1579 presbyter
2738 1506 3010 1558 coecus.
3050 1492 3181 1556 Te·

640 1590 909 1647 stantur
947 1598 1103 1646 vero
1150 1577 1467 1647 homines
1507 1576 1642 1646 fide
1672 1576 2093 1668 dignissimi,
2132 1588 2230 1647 tot
2275 1598 2348 1646 se
2385 1597 2589 1667 saepe
2629 1597 2918 1646 numero
2967 1576 3182 1644 mira-

637 1665 792 1735 cula
825 1666 1284 1755 conspexisse,
1339 1666 1742 1767 praesertim
1782 1665 1851 1733 in
1889 1664 2078 1735 feriis
2126 1664 2346 1736 sancti
2401 1664 2766 1744 malberti,
2822 1675 3181 1764 uteertus

639 1776 879 1823 eorum
942 1775 1276 1825 numerus
1338 1753 1499 1823 iniri
1550 1776 1686 1823 non
1734 1767 1984 1844 posset.
2057 1759 2296 1825 Nostra
2339 1775 2479 1841 quo
2531 1775 2614 1823 ue
2654 1755 2983 1822 memoria
3036 1775 3182 1822 non

588 1892 595 1897 -
644 1864 798 1912 raro
847 1841 1171 1925 vidimus,
1222 1842 1625 1912 hominibus
1689 1864 1854 1912 curn
1903 1842 2118 1912 multa
2181 1842 2318 1912 side
2363 1854 2428 1911 et
2525 1842 2833 1912 evotione
2878 1840 2965 1911 ad
3023 1842 3181 1931 ejus

637 1931 817 2000 diem
869 1930 1120 2001 festum
1188 1931 1723 2010 confluentibus,
1777 1930 2065 2000 diversis
2115 1931 2376 2002 morbis
2422 1942 2487 1999 et
2551 1928 3014 2000 incommodis
3077 1928 3182 1998 af·

639 2019 868 2103 fectoS,
922 2032 1126 2107 atque
1162 2020 1365 2090 etiam
1402 2019 1886 2090 daemoniacos
1925 2017 2263 2110 templum
2309 2018 2685 2108 gemitibus
2738 2031 2803 2088 et
2847 2018 3180 2088 clamori-

637 2109 771 2178 bus
803 2108 1117 2195 implere,
1170 2108 1682 2198 permultosque
1728 2131 1808 2177 ex
1859 2108 1943 2177 iis
1978 2107 2360 2177 incolumes
2407 2108 2621 2177 abire.

728 2201 765 2284 ξ
812 2201 965 2269 19.
1019 2196 1407 2278 Petronilla,
1449 2218 1623 2267 uxor
1649 2197 2002 2284 quondam
2040 2196 2362 2266 Florentii
2401 2196 2624 2267 Crassi
2685 2195 2964 2265 Comitis
3017 2194 3180 2265 Hol-

644 2286 938 2367 landiae,
976 2286 1219 2356 marito
1265 2285 1610 2365 defuneto,
1671 2308 1829 2355 cum
1875 2297 2010 2355 tres
2049 2285 2329 2355 haberet
2375 2284 2555 2357 filios
2605 2297 2873 2355 tenerae
2905 2284 3176 2365 aetatiS,

640 2374 1050 2445 comitatum
1123 2389 1400 2445 strenue
1477 2374 2027 2445 administrabat.
2094 2377 2262 2443 Cum
2331 2374 2471 2443 sint
2540 2385 2770 2444 autem
2837 2372 3182 2443 foeminae

604 2462 906 2545 ,molles‚
963 2463 1366 2555 possintque
1412 2462 1609 2534 facile
1656 2464 1727 2533 in
1771 2463 2083 2534 fraudem
2130 2462 2422 2554 impelli,
2478 2462 2658 2534 male
2738 2483 3020 2533 ersuasa
3057 2467 3178 2532 Pe-

640 2552 915 2622 tronilla
945 2576 984 2622 a
1031 2553 1451 2640 quibusdam
1505 2553 1900 2643 potentibus
1947 2551 2408 2622 familiaribus
2433 2553 2606 2634 suiS,
2644 2575 2684 2622 a
2779 2551 3181 2643 Egmunda-

642 2643 752 2709 nis
798 2641 1126 2711 fratribus
1176 2642 1367 2732 petiit
1413 2640 1797 2711 Asselinum
1859 2639 2304 2732 Capellanum
2352 2663 2561 2712 suum
2612 2642 2682 2711 in
2754 2641 3179 2710 monachum

639 2730 876 2820 recipi,
912 2743 989 2800 ut
1021 2730 1138 2820 illo
1185 2753 1337 2801 mox
1386 2731 1637 2800 Abbate
1685 2744 1933 2811 creato,
1974 2732 2124 2820 ipsa
2164 2728 2249 2799 de
2299 2730 2698 2800 monasterii
2746 2731 2957 2800 rebus
3003 2728 3181 2799 libe·-

640 2820 788 2889 rius
836 2832 1224 2909 usurparet.
1282 2823 1525 2889 Factus
1556 2830 1658 2888 est
1705 2818 1820 2888 ille
1857 2819 2264 2899 monachus,
2317 2832 2385 2888 et
2444 2818 2602 2889 lieet
2647 2817 2950 2909 simplici
3000 2831 3184 2888 esset

643 2908 945 2998 ingenio,
1001 2907 1339 2997 planeque
1379 2907 1573 2977 rudis
1609 2909 1972 2977 monastici
2000 2907 2319 2988 instituti,
2363 2907 2571 2978 etiarn
2605 2906 2849 2988 Abbas,
2885 2906 3004 2979 sed
3031 2906 3184 2977 solo

643 2996 946 3077 nomine,
999 2997 1280 3066 effectus
1310 3008 1434 3066 est.
1488 3001 1659 3065 Tum
1709 3017 1867 3065 vero
1902 3018 2009 3068 res
2058 2995 2457 3067 monasterii
2488 2996 2608 3067 alii
2648 2995 2781 3066 sibi
2812 2995 3184 3066 vendicare

640 3097 1037 3175 coeperunt,
1090 3097 1369 3172 eratque
1420 3084 1650 3154 videre
1703 3085 2004 3164 miseria,
2067 3085 2267 3156 nobis
2313 3087 2678 3176 penuriam
2729 3084 3175 3175 patientibuS,

643 3173 817 3244 alios
865 3173 1076 3243 nostri
1115 3175 1559 3265 oppressione
1606 3172 1914 3263 gloriari.
1971 3178 2182 3244 Fuere
2215 3186 2362 3244 tum
2411 3174 2643 3254 etiam,
2681 3175 2801 3262 qui
2857 3171 3181 3244 consule-

643 3273 795 3330 rent
840 3261 1269 3343 Petronillae,
1322 3261 1608 3332 avaritia
1645 3284 1762 3331 eos
1791 3264 2045 3352 potius,
2096 3284 2306 3351 quam
2342 3263 2466 3332 reli
2521 3263 2697 3342 ione,
2749 3261 3178 3343 stimulante,

641 3362 721 3419 ut
763 3346 957 3420 vetu's
1003 3350 1312 3431 ecclesia,
1371 3362 1699 3438 tanquam
1735 3364 2032 3441 angusta
2075 3364 2142 3421 et
2189 3372 2439 3443 parum
2517 3352 2738 3432 ecbra,
2794 3350 3184 3421 destruere-

644 3450 780 3508 tur.
836 3444 1071 3527 ltaque
1120 3451 1253 3509 tres
1300 3438 1457 3510 laici
1489 3439 1642 3530 ejus
1680 3439 2009 3516 ecclesiae
2105 3439 2341 3510 raelati
2378 3439 2731 3510 constituti
2784 3452 2971 3519 sunt,
3027 3439 3184 3531 lupi

641 3527 871 3597 verius
930 3550 1138 3616 quam
1191 3540 1519 3619 pastores,
1575 3527 1930 3618 Folpertus
1984 3529 2049 3598 al
2103 3551 2225 3610 us,
2279 3527 2592 3686 Eiligerus
2646 3539 2713 3597 et
2760 3528 3177 3619 Stephanus.

644 3616 773 3699 Qui
803 3638 954 3687 eam
995 3617 1177 3687 nacti
1210 3617 1817 3708 opportunitatem,
1858 3617 1987 3688 sub
2019 3617 2350 3689 consulen
2405 3639 2425 3685 ι
2470 3629 2845 3708 praetextu,
2882 3618 3067 3687 clam
3095 3616 3185 3688 de

643 3704 917 3861 peculio
964 3717 1196 3776 nostro
1256 3706 1547 3797 praedas
1594 3706 1912 3797 agebant,
1964 3705 2390 3793 domumque
2436 3706 2554 3775 Dei
2601 3705 2939 3797 paulatim
2987 3726 3070 3775 ex
3125 3706 3186 3774 i-

671 3804 885 3874 antes,
941 3794 1394 3883 hominesque
1438 3794 1766 3865 ecclesiae
1813 3794 1884 3863 in
1929 3817 2128 3865 suam
2186 3794 2520 3866 ditionem
2568 3793 2999 3887 redigentes,
3105 3816 3183 3866 o-

644 3903 794 3951 mos
823 3904 985 3952 suas
1015 3884 1332 3974 pecuniis
1371 3883 1853 3974 impleverunt.
1915 3883 2218 3954 Vidisses
2269 3895 2417 3954 tum
2467 3905 2710 3955 eorum
2809 3883 3011 3965 roleS‚
3066 3905 3183 3954 co-

646 3982 889 4060 gnatos
919 3985 985 4040 et
1008 3971 1253 4042 affines
1284 3972 1461 4042 inire
1492 3972 1954 4055 matrimonia,
1981 3972 2173 4044 dotes
2199 3971 2334 4043 sibi
2366 3994 2610 4064 parare
2631 3994 2713 4042 ex
2761 3972 3182 4043 acultatibus

643 4059 919 4139 nostris,
974 4072 1039 4130 et
1085 4061 1181 4130 ita
1240 4061 1429 4133 brevi
1479 4083 1769 4153 magnas
1817 4082 1982 4153 opes
2027 4061 2357 4133 ecclesiae
2404 4072 2676 4132 nostrae
2715 4061 2799 4132 ad
2853 4082 3179 4153 magnam

648 4148 1046 4219 tenuitatem
1094 4148 1337 4241 redigi.
1378 4149 1506 4220 Sed
1540 4171 1676 4220 non
1725 4171 1998 4244 semper
2049 4149 2374 4222 dormitat
2432 4150 2571 4232 ille,
2614 4151 2734 4239 qui
2780 4151 2992 4221 dicit:
3058 4151 3187 4236 Qui

644 4239 939 4328 tetiyerit
978 4261 1114 4320 υοε,
1157 4241 1380 4330 tanqit
1421 4241 1765 4332 pupillam
1821 4241 2007 4310 oculi
2045 4241 2184 4311 mei
2230 4239 2464 4329 (Zach.
2507 4239 2610 4330 11).
2664 4243 2832 4310 Cum
2878 4238 3187 4310 facerent

643 4348 807 4417 ergo
858 4325 958 4397 illi
1014 4348 1191 4415 quae
1239 4327 1526 4398 minime
1585 4328 1877 4410 deceret,
1945 4328 2040 4400 ita
2102 4327 2437 4400 divinitus
2486 4327 2800 4400 mulctati
2847 4340 3055 4411 sunt,
3111 4338 3188 4398 ut

644 4435 884 4488 omnes
945 4420 1128 4486 a'nno
1182 4438 1325 4488 uno
1394 4415 1751 4508 inopinata
1795 4428 1862 4487 et
1905 4416 2284 4489 immatura
2329 4428 2547 4488 morte
2617 4417 2982 4510 perierint,
3056 4439 3186 4489 suo
