3357 4995
217 298 253 361 J
268 298 436 363 UNII
486 300 569 362 25
969 320 1045 365 na
1093 320 1146 366 s.
1202 320 1441 367 mxmo
1488 320 1744 368 ranam.
1799 319 1993 366 EPISC.
2530 303 2646 367 56⁴

232 395 408 465 laico
441 398 563 483 qui
612 418 734 465 sua
783 397 954 486 ipsis
1001 411 1274 488 peccata
1322 400 1796 480 confiteretur,
1861 422 1991 468 non
2034 400 2357 489 juberent
2388 411 2465 470 ut
2514 402 2751 492 resipi-

227 497 466 565 sceret,
521 496 732 573 utque
765 486 1057 556 crimina
1088 510 1216 558 sua
1260 490 1705 559 detestaretur
1742 501 1946 576 atque
1984 488 2282 568 defleret;
2315 489 2431 558 sed
2482 502 2750 559 tantum

221 575 556 662 pecuniae
613 573 698 642 ad
768 576 1240 645 remissionem
1311 577 1725 667 imperarent
1771 591 2108 664 quantum
2160 587 2532 647 statuerent
2582 577 2753 648 solvi

228 676 563 761 oportere.
601 668 691 732 Ne
735 685 885 732 vero
918 664 988 732 hi
1022 686 1439 753 quemquam
1475 665 1810 744 fallerent,
1853 665 2188 735 Maximus
2234 666 2557 735 advocata
2586 688 2750 736 con—

224 772 443 830 cione,
482 751 900 838 quibusdam
938 755 1335 842 praemissis
1364 754 1449 823 de
1499 768 1830 844 proventu
1856 778 1895 823 a
1921 753 2242 824 fidelibus
2274 777 2353 823 ex
2386 755 2750 825 haeresum

222 842 587 910 tentatione
614 839 949 920 faciendo;
985 856 1313 933 «oportet,
1340 844 1598 923 dicem,
1624 866 1773 914 esse
1791 843 2193 912 Christianis
2225 842 2383 912 fidei
2415 865 2744 934 pugnam,

222 942 299 997 ut
346 929 433 998 sit
468 929 771 1020 probatis
802 944 984 999 certa
1045 931 1325 1001 victoria
1353 961 1377 994 ›>
1432 932 1525 1002 ita
1578 932 1920 1021 ejusmodi
1971 930 2359 1022 pestiferam
2417 933 2751 1002 simoniae

223 1018 555 1086 rationem
610 1018 945 1107 reprobat:
1003 1044 1037 1084 «
1222 1021 1551 1090 dicuntur
1600 1020 1731 1090 tale
1780 1021 2030 1090 habere
2080 1020 2477 1090 mandatum
2508 1075 2527 1100 ,
2569 1033 2643 1090 ut
2690 1021 2750 1089 si

220 1106 377 1191 quis
428 1107 652 1176 fassus
700 1105 901 1176 fuerit
941 1109 1201 1179 crimen
1253 1109 1673 1188 admissum,
1731 1131 1866 1178 non
1920 1109 2099 1178 dicat
2141 1107 2283 1176 illi:
2337 1133 2461 1200 age
2523 1109 2753 1199 poeni-

219 1196 523 1277 tentiam,
584 1196 864 1284 deplora
911 1196 1085 1267 facta
1143 1211 1282 1280 tua,
1335 1198 1508 1268 defle
1550 1212 1864 1288 peccata,
1932 1198 2090 1267 sed:
2155 1219 2275 1286 pro
2325 1200 2612 1267 crimine
2660 1198 2748 1266 da

219 1295 483 1354 tantum
537 1285 705 1353 mihi
739 1298 804 1354 et
837 1286 1236 1376 indulgetur
1285 1288 1428 1357 tibi.
1484 1293 1714 1358 Vanus
1749 1287 1950 1376 plane
1984 1300 2048 1356 et
2079 1286 2415 1376 insipiens
2465 1287 2748 1376 presby-

222 1385 342 1451 ter,
382 1374 692 1458 quicum
746 1374 1066 1462 praedam
1133 1376 1471 1466 accipiat,
1539 1389 1731 1465 putat
1783 1375 1962 1462 quod
2039 1389 2387 1466 peccatum
2442 1375 2749 1445 Christus

226 1461 597 1552 indulgeat.
640 1463 863 1532 Nescit
888 1464 1051 1550 quia
1083 1464 1385 1536 Salvator
1411 1465 1582 1535 solet
1614 1478 1890 1554 peccata
1918 1464 2196 1543 donare,
2234 1478 2298 1534 et
2339 1487 2461 1554 pro
2500 1464 2749 1533 delicto

224 1572 550 1636 quaerere
585 1551 913 1650 pretiosas
948 1553 1289 1641 lacrymas
1321 1576 1453 1622 non
1496 1553 1825 1644 pecunias
1877 1576 2299 1624 numerosas.
2356 1553 2546 1622 Unde
2602 1554 2748 1642 ipse

219 1641 333 1719 ait,
371 1651 629 1730 «qr-ates
674 1643 1042 1730 ac'cepz’ste's,
1103 1644 1321 1731 qratia
1353 1644 1508 1711 date
1538 1643 1567 1731 (
1596 1644 1832 1712 Mateta.
1885 1666 1948 1724 x,
2002 1643 2175 1731 8)...
2232 1642 2522 1731 suscipit
2567 1642 2749 1710 dona

221 1729 598 1818 presbyter,
650 1741 716 1797 et
747 1730 1062 1818 pactione
1093 1731 1393 1817 quadam
1429 1731 1930 1821 indulgentiam
1957 1731 2039 1800 de
2090 1730 2432 1801 Salvatore
2462 1730 2747 1820 promit-

224 1817 322 1884 tit.
381 1818 722 1906 [nsipiens
771 1817 1127 1907 placitum,
1185 1820 1253 1888 in
1291 1841 1427 1907 quo
1465 1819 1718 1890 dicitur
1768 1821 2000 1891 minus
2043 1819 2413 1906 deliquisse
2465 1819 2750 1889 Domino

218 1907 337 1991 qui
378 1906 533 1996 plus
580 1907 946 1977 contulerit
978 1908 1337 1978 sacerdoti.
1381 1908 1573 1998 Apud
1624 1908 2027 1998 hujusmodi
2071 1919 2538 1998 praeceptores
2571 1930 2748 1976 sem-

222 2016 345 2083 per
385 1995 624 2064 divites
703 1995 1131 2078 innocenteS,
1213 2019 1484 2087 semper
1546 2019 1884 2087 pauperes
1948 1997 2326 2067 criminosi.
2396 1996 2751 2079 Quomodo

219 2104 484 2174 pauper
539 2083 912 2154 satisfaciat
960 2107 1081 2175 pro
1143 2085 1439 2166 delictO,
1492 2088 1611 2174 qui
1661 2108 1796 2155 non
1849 2086 2051 2155 habet
2111 2085 2290 2172 quod
2341 2085 2577 2154 offerat
2626 2106 2747 2175 pro

218 2186 494 2259 peccato
512 2177 580 2240 ⁶³»
628 2173 851 2260 (Hom.
891 2195 1016 2255 civ,
1044 2199 1119 2265 p.
1175 2179 1301 2244 346
1350 2188 1409 2244 et
1443 2176 1636 2267 δρψ).

304 2265 339 2346 ξ
389 2266 517 2332 11.
574 2261 772 2331 Haud
823 2285 1021 2334 secus
1051 2264 1384 2335 Maximus
1431 2264 1759 2335 adversus
1798 2274 2099 2333 caeteras
2133 2255 2446 2332 haereses
2497 2283 2749 2351 magna

215 2349 361 2418 suis
410 2372 489 2418 ac
538 2351 740 2420 firma
807 2351 1158 2421 doctrinae
1208 2351 1549 2442 praesidia
1610 2354 1892 2441 paravit.
1959 2357 2121 2421 Nam
2175 2363 2377 2441 prout
2421 2363 2748 2439 opportu-

218 2437 397 2507 nitas
446 2439 735 2522 monuit‚
794 2441 995 2511 modo
1027 2441 1431 2512 Arianorum
1469 2441 1569 2532 (in
1606 2441 2056 2511 Sei-monibus
2094 2440 2177 2510 de
2210 2438 2628 2528 Pentecoste)
2673 2439 2745 2507 in

215 2527 578 2598 subdolam
629 2530 1074 2620 impietatem,
1115 2531 1198 2600 de
1242 2532 1561 2619 mysterio
1592 2531 1962 2609 Trinitatis,
1997 2551 2423 2617 quamquam
2474 2527 2748 2597 brevius

212 2616 428 2686 multo
468 2639 675 2705 quam
726 2619 1158 2693 Athanasius.
1215 2620 1519 2691 Hilarius
1557 2632 1714 2700 etc.,
1769 2632 1836 2688 at
1877 2641 2090 2706 aeque
2137 2618 2354 2688 solide
2400 2629 2747 2686 accurate-

215 2726 349 2791 que
382 2706 713 2796 disputat;
758 2707 960 2777 modo
1001 2708 1068 2778 in
1120 2708 1557 2778 Helvidianos
1602 2722 1667 2778 et
1712 2708 2233 2778 Jovinianenses
2290 2718 2570 2805 strenue
2619 2727 2748 2795 pu-

265 2808 400 2875 nat,
456 2809 521 2864 et
566 2817 728 2865 cum
784 2797 854 2866 in
906 2801 1103 2867 Hom.
1164 2821 1201 2863 v
1256 2798 1505 2866 Mariae
1554 2797 1854 2867 vindicat
1900 2796 2306 2887 originalem
2340 2806 2633 2884 gratiam
2686 2806 2752 2863 et

211 2817 541 2963 divinam,
581 2885 965 2973 virginitate
1013 2897 1453 2976 permanente
1497 2885 1713 2975 (plur.
1750 2886 1818 2954 in
1873 2884 2122 2955 Homil.
2168 2885 2256 2954 ab
2306 2906 2416 2952 vm
2467 2882 2551 2952 ad
2601 2905 2748 2951 xxix

210 2986 276 3042 et
325 2973 871 3062 Serm.xxx-v11)‚
928 2976 1323 3064 praesertim
1373 2975 1703 3044 adversus
1734 2974 2172 3044 Jovinianum
2222 2974 2290 3041 in
2342 2994 2498 3041 xxn.
2553 2971 2748 3041 Modo

213 3062 281 3130 in
338 3062 808 3153 vigilantium,
878 3068 1281 3134 Sanctorum
1334 3064 1683 3152 Reliquias
1743 3062 2176 3132 honorandas
2235 3083 2382 3131 esse
2433 3062 2749 3151 negantis

209 3150 536 3239 (Sermon.
582 3173 756 3231 1.x111,
814 3175 1049 3221 Lxxxm
1098 3165 1159 3222 ec
1186 3157 1378 3223 Hom.
1406 3152 1646 3240 Lxx11);
1693 3152 1895 3222 modo
1928 3152 2509 3227 Nestorianorum,
2545 3148 2748 3219 modo

218 3240 801 3328 Eutychianorum
851 3240 1293 3332 dogmatibus
1354 3241 1650 3312 ostendit
1687 3252 2023 3327 quantum
2072 3238 2327 3308 erroris
2374 3238 2624 3307 inesset
2669 3260 2750 3306 ac

218 3329 596 3418 pravitatis;
653 3350 871 3415 neque
902 3331 1132 3401 minus
1165 3344 1483 3401 accurate
1517 3330 1853 3399 Maximus
1882 3350 2089 3415 quam
2125 3326 2417 3417 Cyrillus
2466 3325 2750 3395 Alexan-

215 3415 485 3498 drinus,
523 3440 731 3504 quam
767 3423 895 3487 Leo
944 3424 1257 3509 MagnuS,
1311 3441 1521 3507 quam
1562 3418 1684 3489 alii
1737 3418 1858 3505 qui
1896 3416 2171 3486 saeculo
2223 3416 2466 3502 quinto
2513 3427 2752 3484 contra

214 3507 598 3578 Nestorium
640 3518 706 3577 et
733 3506 1084 3597 Eutychen
1133 3506 1649 3579 haeresiarchas
1699 3529 1823 3597 pro
1861 3506 2179 3595 dogmate
2211 3503 2583 3602 orthodoxo
2636 3503 2750 3571 de-

217 3610 641 3686 pugnarunt,
694 3595 993 3686 scripsit.
1049 3596 1211 3667 Vide
1242 3596 1494 3667 Homil.
1551 3619 1612 3666 v1
1658 3617 1838 3685 quae
1877 3608 1979 3664 est
2027 3600 2088 3661 t.
2149 3593 2233 3663 de
2289 3597 2499 3662 Natlv.
2552 3597 2745 3693 Doni.

217 3706 296 3753 ac
346 3707 483 3767 vm,
537 3709 600 3769 x,
654 3708 745 3767 ιι,
796 3708 924 3765 x1v‚
976 3708 1080 3767 xx,
1118 3708 1235 3755 xxv
1282 3697 1348 3756 et
1379 3685 1574 3767 aliaS,
1630 3685 1699 3753 in
1741 3684 1995 3772 quibus
2044 3682 2449 3760 luculenter,
2511 3680 2754 3752 distm-

217 3785 345 3854 cte,
398 3773 825 3865 argumentis
853 3795 933 3843 ex
982 3796 1174 3845 sacra
1206 3774 1451 3865 Script.
1490 3773 1940 3864 depromptiS‚
1965 3771 2163 3862 juxta
2194 3769 2505 3869 Synodos
2533 3768 2752 3859 Ephe-

222 3860 445 3932 sinam
473 3875 537 3934 et
568 3862 1189 3933 Chalcedonensem
1229 3885 1266 3933 a
1320 3863 1371 3933 it
1397 3863 1483 3932 de
1515 3863 1772 3933 unione
1804 3862 1873 3930 in
1907 3881 2198 3962 persona
2223 3856 2422 3928 Verbi
2450 3858 2752 3928 duarum

222 3961 650 4033 naturarum,
694 3953 785 4022 ita
820 3964 901 4022 ut
933 3974 1074 4022 una
1121 3951 1191 4022 in
1237 3886 1501 4022 Cffiristo
1542 3972 1832 4052 persona
1865 3962 1976 4031 sit,
2015 3949 2194 4020 duae
2239 3969 2395 4017 vero
2436 3958 2747 4028 naturae,

221 4036 456 4109 divina
494 4041 754 4113 scilicet
791 4052 858 4111 et
904 4039 1236 4111 humana.
1304 4045 1780 4111 Nestorlanum
1841 4040 2098 4109 interea
2151 4036 2404 4139 dogma
2470 4057 2755 4137 prorsus

216 4128 474 4209 evertit,
521 4151 600 4199 ac
648 4130 1248 4220 planeoeortmnei
1276 4131 1675 4201 Genitricem
1721 4127 2071 4199 affirmant
2102 4149 2361 4218 passim
2387 4136 2453 4195 et
2483 4146 2754 4216 egregle

217 4215 688 4317 demonstrant
726 4219 1071 4311 Virginem
1137 4219 1417 4289 Mariam
1475 4217 1722 4289 allatae
1773 4222 1970 4288 Hom.
2026 4227 2093 4288 et
2139 4220 2500 4286 Sermones
2556 4235 2755 4314 prae-

219 4326 424 4395 cipue
471 4329 682 4390 xxxvl,
725 4331 889 4389 nvi,
941 4319 1006 4378 et
1051 4329 1194 4396 seq.
1237 4329 1316 4378 ac
1350 4330 1408 4388 L,
1460 4330 1563 4377 1.v1
1594 4319 1659 4378 et
1715 4328 1855 4394 seq.
1908 4317 2118 4393 atque
2163 4325 2272 4387 cn,
2318 4326 2443 4375 nec
2493 4324 2631 4373 non
2681 4323 2753 4371 1n

219 4399 440 4465 Tract.
478 4417 550 4472 11.
603 4397 683 4467 de
719 4400 1081 4490 BaptismO,
1124 4409 1189 4467 et
1234 4420 1271 4464 v
1312 4407 1541 4466 contra
1585 4396 1897 4466 Judaeos.

380 4508 620 4564 Sarius
651 4538 667 4550 ·
704 4506 866 4567 Vitae
888 4507 997 4570 88.
1024 4539 1045 4551 -
1075 4504 1201 4566 Vol.
1234 4505 1334 4567 VI.
2442 4500 2518 4561 36
