3357 4995
240 339 451 405 IUNII
503 342 543 403 8
1071 357 1151 404 na
1190 358 1245 405 s.
1301 358 1593 407 maniano
1642 357 1940 407 EPISCOPO
2557 341 2672 404 211

234 441 613 511 diabolicas
659 440 1128 511 infestationes
1155 443 1628 513 benedictione
1662 443 1949 525 muniri,
1979 455 2042 512 et
2073 442 2556 512 intercessione
2582 441 2770 532 apud

233 530 535 599 divinam
560 531 979 621 majestatem
1007 531 1460 601 reconciliari.
1485 537 1647 602 Cum
1678 554 1840 623 ergo
1860 532 1931 600 in
1964 533 2091 600 hac
2118 531 2330 622 regali
2356 532 2767 614 visitatione,

230 620 298 689 in
350 634 731 710 conspectu
776 620 1083 708 ejusdem
1145 634 1210 690 et
1252 620 1644 712 principum
1705 621 1790 689 de
1838 619 2194 711 sepultura
2226 619 2588 711 pontificis
2630 635 2767 689 tra-

229 720 554 788 ctaretur,
592 730 874 779 suorum
928 730 1217 780 assensu
1263 708 1593 791 filiorum,
1654 732 1780 779 sua
1828 731 1900 778 se
1959 710 2028 777 in
2074 709 2232 779 sede
2282 714 2571 779 Sanctus
2620 711 2770 799 ipse

231 797 744 888 praeordinavit
776 795 1273 886 sepeliendum.
1308 799 1517 899 Cujus
1557 798 1934 868 sententiae
1970 799 2171 867 firmo
2220 820 2334 866 rex
2380 798 2614 867 animo
2667 819 2771 866 re-

225 887 504 966 sistenS,
559 886 947 957 Suessionis
986 908 1144 956 eum
1196 887 1553 960 consumit
1600 886 2152 958 transferendum
2203 907 2516 957 asserens
2549 908 2620 955 se
2654 909 2771 955 su-

229 997 347 1066 per
394 996 653 1065 corpus
681 976 840 1076 ejus
880 974 1240 1045 basilicam
1291 976 1611 1046 decenter
1656 974 2211 1056 aedificaturum,
2247 987 2312 1044 et
2357 974 2443 1043 ad
2494 974 2771 1044 laudem

225 1077 288 1133 et
335 1063 631 1165 gloriam
668 1064 942 1134 divinae
991 1064 1367 1151 majestatis
1413 1064 1883 1134 coenobialem
1920 1086 2269 1134 servorum
2316 1063 2427 1134 Dei
2460 1064 2769 1154 regulam

226 1152 735 1222 ordinaturum.
792 1153 1001 1222 Cessit
1050 1153 1259 1243 igitur
1318 1154 1763 1225 beatissimus
1823 1152 2126 1244 pontifex
2188 1153 2415 1244 regiae
2477 1152 2772 1243 disposi-

229 1242 423 1322 tioni,
486 1254 552 1311 et
600 1241 935 1312 indefesse
985 1264 1057 1312 se
1104 1264 1402 1328 suosque
1455 1242 1743 1312 Domino
1790 1242 2311 1323 commendanS,
2374 1241 2569 1311 finita
2618 1264 2771 1310 ora-

230 1330 433 1410 tione,
479 1330 826 1419 spiritum'
853 1330 1216 1399 exhalavit.
1256 1334 1307 1401 Ο
1341 1331 1499 1401 felix
1548 1353 1826 1422 corpus,
1862 1331 2375 1418 felicioremque
2423 1330 2766 1399 animam!

229 1424 373 1488 Mox
423 1440 661 1488 eorum
712 1419 1097 1489 certissimo
1136 1420 1257 1506 qui
1300 1421 1607 1500 aderant,
1663 1421 2076 1500 testimonio,
2114 1419 2286 1488 coeli
2319 1419 2535 1510 aperti
2578 1431 2763 1499 sunt,

224 1522 290 1576 et
322 1508 559 1576 divina
595 1507 969 1577 luminaria
1004 1508 1141 1578 fere
1229 1530 1303 1579 er
1333 1509 1628 1580 duarum
1670 1509 1996 1579 horarum
2030 1508 2328 1597 spatium
2357 1521 2514 1578 ante
2549 1508 2771 1577 sancti

227 1615 613 1696 apparuere
648 1598 1127 1686 praesentiam,
1216 1621 1253 1668 e
1295 1598 1593 1668 tenebris
1624 1621 1784 1668 eum
1835 1597 2250 1668 transitoriis
2275 1596 2361 1665 ad
2404 1597 2626 1667 lucem
2657 1597 2773 1665 de-

229 1686 577 1776 signantia
629 1707 754 1774 pro
820 1699 1002 1756 certo
1067 1687 1394 1757 transisse
1459 1699 1885 1788 perpetuam.
1940 1691 2080 1755 Hoc
2149 1698 2333 1754 tanto
2390 1686 2774 1755 beatissimi

230 1773 572 1862 praesulis
620 1775 903 1844 animati
945 1775 1304 1857 miraculo,
1345 1776 1614 1865 majori,
1658 1788 1737 1846 ut
1781 1798 1938 1845 eum
1992 1773 2459 1855 transferrent,
2499 1775 2773 1844 accensi

229 1877 390 1933 sunt
439 1863 805 1933 desiderio.
843 1869 1135 1953 Corpore
1183 1865 1412 1952 itaque
1462 1876 1698 1935 sancto
1745 1864 2125 1953 composito
2165 1884 2245 1931 ac
2276 1863 2500 1932 delato
2549 1863 2633 1932 ad
2665 1884 2772 1932 ec·

229 1951 537 2109 clesliam‚
583 1965 772 2022 nocte
816 1951 932 2020 illa
962 1954 1386 2040 exequialem
1413 1976 1573 2022 cum
1611 1952 1830 2022 multa
1861 1952 2218 2022 devotione
2252 1951 2775 2022 celebraverunt

229 2064 364 2131 vigi
403 2062 561 2109 iam.

314 2132 352 2216 ξ
400 2133 572 2201 19:
610 2136 803 2199 Mane
835 2151 992 2199 vero
1033 2130 1234 2210 facto,
1277 2153 1435 2200 cum
1480 2131 1825 2221 Episcopi,
1864 2130 2121 2218 quibus
2183 2130 2510 2199 interesse
2556 2131 2775 2199 conti-

225 2231 442 2309 gerat,
488 2241 694 2288 suum
748 2218 1071 2288 defuncto
1117 2219 1578 2289 celebrassent
1626 2218 1959 2299 officium,
2028 2218 2475 2308 inopinabilis
2537 2218 2772 2288 multi-

228 2306 395 2376 tudo
443 2309 761 2377 convenit
811 2307 1174 2389 nobilium,
1222 2308 1305 2377 de
1351 2306 1652 2378 castellis
1712 2322 1776 2376 et
1837 2308 2253 2388 civitatibuS,
2317 2306 2402 2376 de
2459 2307 2645 2398 agris
2709 2321 2775 2376 et

231 2394 635 2484 municipiis
683 2396 1158 2485 adjacentibus
1209 2395 1737 2480 inaestimabilis
1796 2397 2097 2466 accurrit
2158 2408 2577 2465 conventus:
2652 2397 2770 2464 alii

228 2485 380 2572 ejus
428 2483 666 2555 devote
713 2484 1180 2556 desiderantes
1231 2486 1556 2555 interesse
1603 2485 1997 2572 obsequiiS,
2070 2484 2185 2553 alii
2282 2484 2615 2554 dmodum
2669 2484 2774 2554 lu-

225 2588 465 2663 gentes
519 2588 777 2663 patrem
828 2575 1134 2664 separari
1173 2598 1212 2643 a
1261 2574 1449 2644 filiis.
1505 2580 1628 2643 Per
1680 2574 1941 2644 medias
1989 2596 2154 2663 ergo
2198 2596 2239 2663 p
2271 2574 2618 2643 orantium
2675 2574 2771 2641 la-

225 2684 503 2751 crymas
556 2685 668 2731 rex
720 2662 1114 2753 irrumpens
1162 2686 1321 2732 cum
1375 2663 1730 2752 Episcopis
1774 2677 1838 2732 et
1885 2663 2358 2752 optimatibuS‚
2398 2662 2774 2749 suisipsius

224 2750 537 2819 humeris
585 2773 839 2842 corpus
888 2752 1170 2821 sustulit
1217 2752 1762 2832 sanctissimum,
1809 2750 2222 2831 SuessioniS,
2271 2751 2451 2819 sicut
2500 2750 2772 2840 praedi-

222 2851 434 2918 xerat,
495 2839 733 2910 efferre
785 2840 1015 2910 volens
1062 2839 1143 2909 ad
1201 2839 1719 2930 sepeliendum..
1758 2845 1926 2907 Tum
1979 2860 2103 2940 per
2152 2852 2359 2909 totam
2423 2838 2769 2908 civitatem

222 2940 284 2995 et
325 2929 394 2996 in
449 2928 809 3009 suburbiO,
845 2951 1052 2998 unam
1092 2942 1157 2997 et
1204 2927 1516 2998 eamdem
1564 2949 1793 2997 vocem
1829 2928 2071 2998 audire
2099 2941 2266 3008 erat,
2300 2927 2766 3016 plorantium;

225 3016 619 3086 recolebant
650 3017 992 3104 siquidem
1030 3017 1224 3088 urbis
1260 3016 1449 3087 illius
1482 3016 1850 3107 indigenae
1901 3018 2116 3107 patris
2148 3018 2589 3097 sanctissimi,
2635 3040 2775 3104 qua

226 3109 513 3175 eatenus
562 3105 912 3175 informati
961 3105 1251 3187 fuerant,
1288 3106 1862 3196 benignissimam
1918 3106 2541 3196 praedicationem:
2594 3105 2774 3175 dole·

226 3195 390 3264 bant
437 3217 593 3263 vero
641 3208 706 3263 et
757 3195 1187 3264 vehementer
1234 3195 1691 3286 angebantur,
1755 3195 1921 3281 quia
1983 3218 2142 3264 cum
2197 3209 2455 3285 patrem
2500 3196 2774 3266 amisis-

223 3296 397 3367 sent,
449 3282 660 3372 patris
707 3284 912 3352 etiam
947 3283 1304 3372 sepultura
1356 3285 1537 3374 regis
1583 3297 1648 3353 et
1691 3305 2053 3373 procerum
2105 3283 2428 3353 violentia
2480 3283 2769 3353 frustra-

226 3371 503 3441 bantur.
546 3374 1149 3461 compatiebantur
1177 3374 1295 3458 qui
1348 3385 1888 3462 supervenerant
1917 3373 1999 3440 ad
2033 3385 2300 3442 tantum
2336 3372 2556 3463 plebis
2582 3372 2774 3443 illius

224 3461 595 3549 gemitum;
651 3482 889 3530 verum
938 3462 1101 3547 quia
1139 3462 1323 3550 regia
1360 3483 1445 3530 ur
1495 3462 1650 3530 ebat
1681 3460 2009 3551 dignitas,
2050 3461 2134 3530 ad
2169 3462 2589 3532 sanctissimi
2618 3484 2771 3550 cor-‚-

223 3549 413 3637 poris
476 3550 730 3619 intente
795 3549 1216 3618 insudabant
1280 3562 1467 3618 trans
1499 3550 1825 3618 ationem.
1894 3550 2011 3618 Vix
2069 3571 2143 3618 er
2193 3573 2232 3619 o
2291 3564 2355 3618 et
2422 3572 2557 3619 non
2620 3553 2769 3619 sine

220 3638 438 3708 multo
489 3638 741 3719 labore,
781 3651 972 3729 patre
1021 3637 1487 3707 moerentibus
1533 3651 1598 3707 et
1648 3637 2049 3727 lugentibus
2076 3638 2138 3707 -si
2171 3639 2255 3707 iis
2285 3652 2539 3729 ereptO,
2589 3640 2770 3710 sicut

220 3748 257 3792 a
309 3748 470 3817 rege
515 3741 985 3816 susceperant,
1041 3727 1168 3796 iter
1214 3726 1740 3816 aggrediuntur.

306 3817 344 3902 ξ
396 3819 566 3887 21).
621 3816 866 3886 Audita
915 3815 1363 3885 translatione
1410 3815 1830 3884 sanctissimi
1879 3815 2316 3897 confessoris,
2355 3830 2420 3885 et
2472 3840 2603 3887 non
2658 3818 2771 3887 de-

212 3906 502 3993 sperans
551 3904 636 3973 de
685 3906 854 3973 tanti
889 3904 1255 3974 clementia
1297 3904 1792 3983 intercessoris,
1830 3904 2012 3973 intra
2053 3906 2475 3994 portantium
2506 3929 2765 3985 cuneos

219 4015 471 4063 caecus
520 3993 804 4079 quidam
859 3992 1102 4063 feretro
1132 4015 1204 4062 se
1254 3992 1646 4063 humillime
1696 3993 2044 4075 submisit,
2076 4008 2141 4062 et
2177 3995 2490 4084 protinus
2523 4017 2771 4066 secun-

219 4080 388 4150 dum
442 4081 648 4151 fldem
703 4105 927 4161 suam,
966 4082 1131 4169 quia
1165 4082 1338 4151 bene
1386 4094 1798 4172 speraverat,
1840 4104 1960 4181 per
2000 4083 2218 4152 sancti
2272 4084 2569 4153 Medardi
2626 4108 2769 4153 me—

224 4170 434 4240 ritum
473 4171 698 4241 visum
749 4172 1047 4261 gratuito
1080 4193 1363 4241 munere
1414 4171 1687 4260 recepit.
1735 4170 1914 4253 Quid
1968 4173 2219 4272 plura?
2268 4174 2400 4255 Qui
2451 4174 2645 4262 prius
2697 4175 2765 4241 in

224 4259 496 4328 civitate
531 4272 785 4328 tantam
839 4260 1200 4330 audierant
1245 4259 1673 4330 devotionem
1729 4258 2144 4351 lugentium,
2210 4275 2275 4330 et
2334 4274 2499 4331 tunc
2558 4284 2769 4351 super

224 4346 353 4417 hac
401 4350 590 4419 caeci
638 4347 1149 4419 illuminatione
1198 4363 1462 4419 tantum
1535 4348 1646 4418 Dei
1694 4364 1758 4419 et
1808 4350 2022 4419 sancti
2080 4350 2427 4420 Pontificis
2499 4352 2768 4440 perspi-

226 4437 499 4508 ciebant
569 4438 981 4508 miraculum
1013 4492 1031 4518 ,
1112 4439 1314 4509 ulnas
1365 4438 1820 4509 libentissime
1868 4452 2142 4509 sanctae
2193 4440 2381 4510 illius
2431 4440 2766 4508 evectioni
