3357 4995
267 325 487 392 JUNII
542 325 623 389 ⁴8
1015 343 1094 388 nr.
1143 343 1197 388 s.
1252 341 1515 390 monuo
1562 342 1638 388 m·
1688 341 1818 389 soc.
1879 342 2070 388 MART.
2603 324 2732 388 453

270 427 498 514 quoad
533 425 871 495 Adrianus
905 432 1183 497 Praeses
1214 427 1493 496 venerit.
1534 453 1556 488 ν
1593 431 1751 495 Erat
1780 438 2010 495 autem
2051 424 2397 494 Tribunus
2425 430 2638 494 sanus
2672 427 2822 515 jam

270 517 516 597 factuS,
570 528 637 583 et
664 538 703 583 a
744 514 929 584 febre
980 515 1332 595 liberatus,
1388 538 1547 584 cum
1583 514 1830 584 visioni
1869 514 1968 584 illi
2008 513 2449 583 obedivisset.

362 608 398 693 ξ
445 610 528 677 tl.
582 609 948 689 Postquam
978 604 1192 704 igitur
1223 604 1325 673 illi
1351 603 1437 673 ad
1470 627 1828 674 summum
1864 602 2057 673 urbis
2094 602 2409 671 verticem
2457 615 2815 684 venerunt,

272 717 428 763 ecce
466 693 786 762 Leontius
820 694 964 783 ipse
1012 693 1153 762 illis
1200 694 1520 770 occurrit,
1564 694 1822 779 quibus
1879 693 2001 760 ait:
2055 691 2313 761 Salvete
2372 692 2440 760 in
2495 692 2815 772 Domin0‚

274 783 536 852 fratres.
592 781 666 849 Id
709 804 869 851 cum
919 782 1276 852 audissent
1306 781 1447 852 duo
1495 781 1596 850 illi
1648 781 1899 850 milites
1922 781 2270 850 Tribunus
2303 793 2367 849 et
2396 780 2815 849 Theodulus:

276 872 486 952 Salve,
542 870 889 956 inquiunt,
943 886 1007 938 et
1040 885 1115 940 tu
1163 873 1404 939 amice.
1450 876 1616 939 Tum
1650 871 1971 941 Leontius
2018 870 2210 938 dixit:
2265 870 2636 950 Quidnam,
2677 868 2814 937 sra-

275 975 406 1029 tres
437 1015 451 1040 ,
504 972 910 1045 quaerentes
958 960 1095 1030 huc
1147 960 1474 1030 venistis?
1522 965 1712 1029 Tunc
1764 960 2065 1029 milites:
2119 958 2392 1039 Virum,
2450 959 2815 1045 inquiunt,

270 1048 668 1136 quemdam,
724 1048 1074 1117 Leontium
1128 1050 1444 1129 nomine,
1500 1049 1778 1118 doctum
1840 1061 1905 1117 et
2005 1046 2820 1136 robatum,i1mperatori

272 1137 685 1227 Vespasiano
720 1138 845 1206 hoc
896 1137 1042 1207 loco
1076 1138 1384 1206 habitare
1432 1138 1903 1228 significatum
1983 1137 2100 1205 uit.
2174 1140 2372 1204 Hunc
2432 1136 2642 1226 igitur
2692 1158 2819 1204 nos

268 1227 634 1297 convenire
681 1227 1028 1316 cupimuS,
1086 1239 1163 1297 ut
1200 1227 1382 1315 jussi
1437 1248 1704 1296 sumus.
1762 1228 1880 1297 His
1927 1227 2111 1295 enim
2171 1224 2418 1294 diebus
2475 1224 2818 1293 Adrianus

270 1337 546 1407 praeses
597 1316 730 1384 huc
783 1330 1110 1386 venturus
1158 1330 1301 1395 est,
1359 1328 1432 1383 ut
1477 1327 1542 1383 et
1590 1316 1737 1402 ipse
1792 1315 2145 1384 Leontium
2187 1313 2459 1393 videat,
2514 1334 2814 1398 eumque

269 1417 345 1474 ut
392 1404 674 1473 deorum
726 1419 1099 1484 amantem,
1157 1405 1410 1473 honore
1462 1405 1761 1472 maximo
1799 1416 2273 1492 prosequatur,
2314 1414 2516 1488 atque
2557 1402 2640 1470 ad
2680 1407 2819 1469 lm-

272 1506 652 1582 peratorem
687 1493 943 1562 ducat:
990 1507 1170 1563 totus
1223 1493 1408 1561 enim
1474 1498 1942 1562 Romanorum
1996 1499 2284 1561 Senatus
2334 1490 2532 1560 illum
2585 1489 2815 1559 videre

269 1582 485 1672 cupit,
531 1604 690 1650 cum
740 1583 891 1670 ejus
941 1582 1291 1672 praeclara
1333 1581 1531 1661 sacta,
1584 1594 1649 1650 et
1683 1582 1751 1649 in
1791 1583 1953 1651 deos
2001 1580 2503 1651 observantiam
2537 1579 2817 1648 audive-

270 1671 380 1750 rit,
439 1672 838 1828 plraesertim
874 1693 1032 1741 cum
1084 1672 1171 1740 sit
1201 1692 1385 1739 unus
1431 1690 1467 1737 e
1498 1671 1934 1760 principibus
1970 1671 2156 1751 viris,
2187 1670 2499 1754 quisunt
2547 1669 2617 1736 in
2648 1669 2822 1737 urbe

270 1759 381 1829 Tri
438 1760 552 1828 oi.

358 1784 527 1934 §p5.
584 1852 748 1917 Cum
803 1847 968 1916 haec
1017 1848 1322 1918 audisset
1364 1848 1716 1917 Leontius:
1774 1853 1854 1917 Ut
1887 1847 2107 1927 vide0,
2166 1846 2414 1934 inquit,
2471 1846 2818 1936 peregrini

268 1939 454 2016 estis,
509 1948 574 2006 et
623 1937 831 2024 hujus
866 1937 1165 2025 regionis
1213 1938 1461 2038 ignari;
1517 1938 1737 2007 venite
1796 1937 2030 2025 igitur,
2084 1949 2148 2005 et
2194 1959 2464 2005 mecum
2518 1957 2658 2003 una
2714 1957 2818 2004 re—

269 2026 625 2112 quiescite:
656 2047 780 2115 ego
829 2026 1019 2095 vobis
1046 2032 1399 2097 Leontium
1455 2025 1650 2094 illum
1692 2026 2110 2105 monstrabo,
2151 2047 2355 2112 quem
2383 2047 2500 2092 vos
2533 2024 2819 2092 deorum

275 2116 577 2183 amicum
630 2137 777 2183 esse
817 2114 1081 2185 dicitis:
1138 2115 1251 2183 ille
1294 2136 1447 2184 vero
1498 2136 1632 2183 non
1665 2127 1768 2183 est
1816 2115 1900 2184 iis
1949 2114 2084 2183 diis
2132 2115 2423 2193 amicuS,
2477 2135 2652 2198 quos
2702 2134 2820 2182 vos

275 2201 522 2282 colitiS‚
577 2202 692 2271 sed
746 2204 884 2273 scio
944 2227 1069 2294 ego
1141 2204 1604 2273 Christianum
1658 2203 1853 2271 illum
1926 2225 2120 2282 esse,
2205 2217 2268 2272 et
2321 2201 2584 2269 Domini
2645 2203 2821 2268 Jesu

279 2291 525 2360 Christi
578 2292 781 2359 fidem
820 2303 1065 2361 tenere.
1105 2294 1225 2362 His
1274 2293 1569 2370 auditiS‚
1626 2292 1725 2360 illi
1778 2315 2010 2361 secum
2077 2292 2436 2361 dicebant:
2485 2289 2818 2371 Quisnam

280 2379 407 2447 iste
453 2392 575 2460 est,
629 2380 747 2466 qui
797 2380 985 2460 dicit,
1044 2383 1395 2451 Leontium
1450 2381 1912 2449 Christianum
1972 2382 2171 2448 esse?
2218 2386 2391 2449 Num
2441 2378 2693 2463 aliquis
2741 2399 2822 2444 ex

270 2468 422 2557 ejus
468 2469 875 2559 cognatione
913 2473 1062 2539 est?
1096 2476 1328 2558 Itaque
1362 2469 1791 2539 Theodulus:
1826 2469 2211 2552 Quodnam,
2246 2467 2496 2555 inquit,
2548 2478 2649 2536 est
2697 2487 2819 2535 no-

272 2579 428 2625 men
482 2563 726 2626 tuum?
759 2564 927 2627 Tum
964 2561 1311 2628 Leontius:
1359 2582 1395 2625 α
1429 2564 1513 2626 De
1548 2560 1853 2627 nominis
1889 2560 2020 2627 mei
2062 2558 2570 2647 significatione
2612 2556 2681 2623 in
2732 2556 2814 2623 li-

272 2646 434 2714 teris
473 2646 725 2715 divinis
776 2648 1109 2737 scriptum
1160 2663 1261 2717 est
1311 2648 1418 2716 his
1453 2648 1700 2717 verbis:
1738 2651 1954 2737 Super
2002 2649 2302 2737 aspidem
2330 2658 2386 2715 et
2427 2647 2814 2713 basiliscum

271 2736 669 2811 ambulabis,
710 2747 771 2805 et
801 2740 1216 2806 conculcabis
1252 2741 1500 2806 leonem
1552 2747 1613 2804 et
1653 2738 2028 2806 draconem.
2070 2740 2345 2826 Oportet
2379 2735 2591 2823 igitur
2638 2757 2678 2802 a
2705 2755 2814 2803 me

274 2823 671 2893 conculcari
720 2826 980 2895 leonem
1033 2839 1098 2896 et
1145 2826 1541 2895 draconem:
1587 2825 1879 2904 leonem,
1921 2826 2229 2911 inquam,
2285 2826 2547 2894 hostem
2592 2821 2818 2902 illum,

270 2912 389 2998 qui
441 2915 789 3003 corporeis
836 2915 1057 2984 oculis
1126 2937 1257 2983 non
1310 2914 1638 2984 cernitur:
1693 2928 1758 2983 et
1805 2914 2219 2995 draconem,
2276 2914 2403 2982 hoc
2452 2925 2574 2991 est,
2625 2917 2821 2979 Prae-

273 3001 490 3070 sidem
524 3003 778 3092 ipsum,
816 3016 880 3072 et
926 3005 1076 3090 ejus
1101 3004 1601 3073 consiliarium.
1631 3010 1858 3072 »Tum
1892 3004 2240 3073 Tribunus
2271 3002 2353 3071 ad
2391 2999 2820 3069 Theodulum

271 3112 666 3160 conversus:
722 3097 799 3159 Et
829 3093 1177 3178 quisnam,
1233 3093 1481 3179 inquit,
1534 3093 1661 3161 iste
1708 3105 1831 3173 est,
1886 3093 2005 3179 qui
2047 3092 2249 3162 dicit:
2306 3095 2580 3179 Oportet
2626 3112 2664 3156 a
2712 3109 2822 3157 me

271 3179 665 3269 conculcari
710 3179 971 3249 leonem
1022 3196 1084 3251 et
1133 3183 1529 3261 draconem,
1580 3194 1646 3250 et
1695 3182 2035 3250 Praesidis
2077 3180 2556 3251 consiliarios?
2607 3177 2818 3248 Dubi-

273 3268 525 3336 tatione
575 3269 787 3358 igitur
834 3269 1134 3350 detenti,
1198 3270 1644 3359 ambigebant
1690 3271 2027 3357 quidnam
2108 3269 2352 3338 facturi
2401 3278 2650 3338 essent.
2734 3271 2825 3334 Eo

271 3357 482 3436 enim,
535 3357 718 3443 quod
773 3370 903 3427 tam
965 3360 1260 3450 benigne
1310 3360 1574 3428 invitati
1624 3373 1841 3440 erant,
1901 3359 2469 3435 remorabantur,
2530 3377 2614 3424 ne
2664 3376 2824 3438 pra-

271 3467 431 3515 vum
485 3446 853 3515 consilium
887 3470 1090 3517 suurn
1119 3449 1260 3517 viro
1291 3448 1391 3516 illi
1427 3448 1810 3538 aperirent:
1852 3460 2318 3518 verumtamen
2349 3468 2508 3516 cum
2545 3442 2826 3514 Adriani

273 3533 625 3602 saevitiam
672 3551 1096 3625 perspectam
1145 3537 1500 3614 haberent,
1546 3550 1609 3606 et
1633 3559 1782 3605 eam
1819 3536 2289 3617 formidarent,
2328 3557 2547 3622 neque
2578 3532 2828 3601 vellent

270 3644 342 3691 re
393 3622 643 3692 infecta
679 3625 945 3705 reverti,
980 3625 1114 3694 -iter
1145 3625 1230 3694 ad
1274 3625 1533 3696 Leontii
1582 3625 1895 3705 domum,
1949 3626 2323 3693 amicitiam
2368 3622 2774 3693 simulantes
2804 3677 2819 3701 ,

270 3714 412 3780 una
445 3710 775 3782 fecerunt.
822 3713 1100 3794 Deinde,
1150 3719 1244 3784 En
1277 3769 1293 3795 ,
1361 3715 1733 3800 inquiunt,
1790 3714 1890 3784 vir
1936 3715 2192 3803 optime
2224 3769 2238 3793 ,
2298 3713 2581 3782 domum
2632 3722 2823 3779 tuam

271 3801 735 3887 pervenimus,
789 3815 854 3870 et
898 3804 1102 3872 rebus
1154 3803 1290 3873 tuis
1328 3803 1655 3872 omnibus
1704 3802 2028 3872 fruimur.
2071 3803 2338 3879 Festina
2376 3802 2586 3890 igitur
2624 3800 2824 3869 nobis

273 3890 622 3958 Leontium
667 3892 1073 3971 ostendere,
1130 3905 1207 3962 ut
1263 3914 1422 3961 cum
1489 3892 1750 3960 venerit
1803 3892 2142 3961 Adrianus
2201 3897 2502 3972 PraeseS,
2571 3890 2824 3958 honore

276 3978 567 4078 maximo
603 3977 861 4069 dignus
913 3981 1255 4061 habeariS,
1309 3992 1374 4049 et
1423 3984 1925 4069 Imperatorum
1959 3980 2428 4051 amicissimus
2459 3980 2527 4047 in
2579 3992 2817 4047 e‘orum

275 4063 525 4152 palatio
574 4069 889 4138 verseris.

361 4153 398 4237 ἓ
445 4159 538 4225 6.
591 4160 771 4226 Haec
820 4178 979 4227 cum
1012 4157 1115 4226 illi
1150 4157 1509 4227 dixissent.
1534 4168 1680 4226 tum
1716 4158 1962 4227 Christi
1998 4171 2280 4247 martyr:
2315 4182 2350 4224 «
2376 4164 2424 4227 E
2476 4179 2537 4238 o,
2575 4153 2820 4242 inquit,

272 4260 428 4339 sum
479 4246 798 4316 Leontius
845 4246 1006 4325 ille,
1074 4267 1278 4332 quem
1353 4268 1469 4316 vos
1544 4247 1920 4333 quaeritis:
1989 4270 2115 4337 ego
2187 4247 2508 4316 sumile
2575 4242 2827 4314 Christi

272 4327 502 4428 miles:
563 4353 687 4423 ego
739 4356 920 4413 sum,
962 4356 1167 4421 quem
1228 4335 1566 4404 Adrianus
1625 4357 1744 4425 per
1801 4357 1917 4404 vos
1966 4336 2444 4423 insequitur.»
2505 4333 2614 4402 Illi
2656 4354 2817 4400 cum

265 4416 692 4489 audivissent
739 4422 923 4510 quod
991 4424 1185 4506 dixit,
1252 4429 1389 4514 Ego
1438 4446 1619 4505 sum,
1657 4423 1728 4493 in
1793 4423 2037 4494 faciem
2094 4424 2464 4515 prostrati,
2517 4422 2827 4492 clamare
