3357 4995
218 354 254 417 J
269 353 438 418 UNII
488 352 573 415 22
910 367 988 413 ως
1036 367 1090 414 s.
1146 365 1391 414 Amano
1438 364 1557 412 sm]
1606 364 1833 411 Ammo
1881 363 2072 411 uitur.
2547 347 2664 412 48⁴

222 450 508 519 vidisset
548 447 913 528 Albanum,
968 468 1124 515 mox
1172 446 1277 514 ira
1324 466 1702 515 succensus
1750 445 2007 525 nimia,
2069 445 2249 532 quod
2303 467 2373 515 se
2421 445 2537 515 ille
2589 445 2774 516 ultro

222 561 347 629 pro
381 538 674 627 hospite,
713 557 916 623 quern
956 548 1373 624 susceperat,
1418 534 1754 604 militibus
1780 535 2023 604 offerre
2063 557 2141 603 ac
2181 534 2573 603 discrimini
2611 534 2777 607 dare

223 626 825 729 praesumpsisset,
870 623 954 693 ad
999 623 1369 693 simulacra
1421 623 1866 704 daemonum,
1903 623 2161 710 quibus
2193 624 2577 704 assistebat,
2609 646 2770 694 eum

211 717 424 807 Jussit
451 714 773 805 pertrahi:
803 713 972 796 Quia
999 711 1343 794 rebellem,
1377 713 1722 799 inquiens,
1745 734 1824 781 ac
1849 712 2265 803 sacrilegum
2291 712 2535 794 celare,
2560 734 2773 801 quam

224 803 563 874 militibus
622 801 905 872 reddere
955 801 1294 880 maluisti,
1351 815 1429 870 ut
1473 813 1904 890 contemptor
1967 801 2202 870 divum
2255 802 2567 871 meritam
2627 802 2773 872 bla-

222 893 578 983 sphemiae
627 913 794 962 suae
844 911 1133 981 poenam
1188 890 1427 971 lueret,
1472 912 1953 977 quaecumque
1994 890 2097 958 illi
2131 889 2562 960 debebantur
2610 912 2778 982 sup-

226 982 457 1072 plicia,
520 994 590 1050 tu
640 979 901 1049 solvere
941 979 1177 1059 habe-S,
1238 979 1297 1048 si
1353 1002 1393 1048 a
1446 979 1642 1048 cultu
1695 993 1966 1048 nostrae
2015 977 2375 1068 religionis
2428 980 2780 1050 discedere

223 1083 465 1140 tentas.
495 1075 572 1138 At
608 1074 673 1139 S.
709 1069 1036 1148 Albanus,
1072 1068 1192 1154 qui
1220 1090 1291 1137 se
1320 1067 1502 1137 ultro
1533 1068 2088 1157 persecutoribus
2109 1067 2272 1136 fidei
2308 1068 2775 1138 Christianum

219 1181 368 1230 esse
404 1158 838 1249 prodiderat,
885 1177 1321 1243 nequaquam
1375 1157 1600 1227 minas
1643 1157 1982 1247 principis
2022 1157 2303 1226 metuit:
2366 1156 2484 1225 sed
2542 1158 2774 1227 accin-

219 1260 371 1317 ctus
406 1248 621 1317 armis
664 1246 950 1315 militiae
997 1245 1403 1336 spiritualis,
1444 1245 1670 1335 palam
1706 1267 1777 1314 se
1816 1245 2035 1335 jussis
2086 1244 2275 1315 illius
2323 1248 2559 1335 parere
2590 1246 2773 1317 nolle

219 1337 749 1427 pronunciabat.
786 1341 956 1403 Tum
992 1335 1252 1403 Judex:
1309 1334 1540 1424 CujuS,
1578 1334 1829 1423 inquit,
1870 1333 2175 1404 familiae
2216 1334 2320 1402 vel
2357 1335 2630 1425 generis
2661 1335 2780 1406 es‘?

218 1425 525 1495 Albanus
561 1424 953 1515 respondit:
994 1445 1029 1488 «
1067 1423 1242 1506 Quid
1272 1422 1358 1491 ad
1389 1436 1449 1493 te
1484 1424 1821 1514 pertinet,
1863 1446 1996 1511 qua
2030 1423 2160 1492 sim
2207 1423 2423 1514 stirpe
2471 1424 2776 1514 genitus?

221 1514 346 1584 Sed
392 1515 451 1585 si
483 1515 829 1583 veritatem
867 1511 1222 1602 religionis
1271 1511 1513 1580 audire
1562 1511 1941 1594 desideraS,
1983 1512 2456 1582 Christianum
2484 1513 2629 1602 jam
2667 1535 2775 1583 me

219 1625 392 1683 esse,
441 1602 983 1688 christianisque
1030 1599 1276 1670 officiis
1306 1622 1546 1670 vacare
1576 1624 1934 1702 cognosce.
1973 1625 2008 1668 »
2051 1601 2154 1670 Ait
2199 1600 2460 1670 Judex:
2515 1607 2773 1671 Nomen

221 1706 417 1762 tuum
468 1713 747 1780 quaem,
799 1689 984 1778 quod
1022 1690 1168 1760 sine
1204 1711 1392 1758 mora
1431 1690 1604 1758 mihi
1660 1692 1966 1760 1nsinua.
2022 1694 2098 1759 At
2147 1689 2309 1759 ille:
2371 1715 2398 1753 «
2438 1689 2772 1772 AlbanuS,

219 1780 469 1868 inquit,
505 1804 545 1851 a
586 1779 988 1871 parentibus
1015 1800 1239 1859 vocor,
1273 1791 1338 1847 et
1372 1783 1585 1848 Deum
1614 1801 1848 1850 verum
1892 1803 1971 1849 ac
2009 1779 2264 1860 vivum,
2295 1779 2417 1866 qui
2449 1780 2777 1851 universa

220 1871 495 1949 creavit,
551 1869 759 1939 adoro
802 1890 1074 1957 semper
1121 1879 1185 1937 et
1241 1866 1485 1937 cole.»
1535 1874 1707 1941 Tum
1756 1868 1975 1938 ludex
2014 1866 2320 1958 repletus
2377 1867 2772 1951 iracundia,

220 1959 423 2028 dixit:
464 1958 530 2027 Si
584 1958 684 2028 vis
735 1957 1058 2048 perennis
1091 1957 1266 2026 vitae
1314 1955 1636 2026 felicitate
1680 1957 1964 2049 perfrui,
2002 1957 2138 2025 diis
2189 1958 2463 2047 magnis
2515 1956 2778 2028 sacrifi-

221 2070 377 2117 care
422 2069 505 2116 ne
539 2047 838 2115 differas
876 2045 1179 2117 Albanus
1211 2045 1597 2135 respondit:
1645 2070 1681 2112 «
1727 2047 2069 2117 Sacrificia
2110 2046 2276 2115 haec
2312 2067 2488 2133 quae
2513 2068 2553 2115 a
2584 2046 2777 2117 vobis

219 2136 608 2205 redduntur
654 2135 1134 2216 daemonibus,
1192 2156 1313 2204 nec
1363 2135 1684 2205 auxiliari
1733 2136 2059 2225 subjectis
2094 2146 2407 2224 possunt,
2446 2156 2569 2204 nec
2610 2156 2774 2224 sup-

223 2224 630 2316 plicantium
683 2224 815 2294 sibi
864 2223 1206 2293 desideria
1256 2222 1355 2291 vel
1408 2236 1557 2292 vota
1607 2224 1994 2315 complere:
2027 2223 2416 2310 quinimmo
2446 2223 2774 2309 quicum-

217 2335 353 2400 que
403 2314 511 2383 his
541 2311 883 2382 sacrificia
914 2312 1309 2382 simulacris
1342 2312 1690 2394 obtulerit,
1726 2327 2040 2384 aeternas
2074 2310 2327 2380 inferni
2363 2332 2622 2403 poenas
2653 2333 2775 2401 pro

219 2401 532 2471 mercede
567 2401 870 2490 recipiet.
895 2422 932 2466 »

312 2493 347 2579 ξ
381 2497 467 2564 5.
509 2490 630 2561 His
664 2488 942 2570 auditiS,
976 2490 1189 2581 judex
1237 2491 1454 2561 nimio
1495 2489 1724 2560 furore
1760 2504 2169 2571 commotuS,
2209 2488 2403 2560 caedi
2454 2502 2775 2559 sanctum

219 2582 339 2649 Dei
387 2578 848 2650 confessorem
899 2601 938 2647 a
988 2580 1358 2650 tortoribus
1452 2581 1771 2670 raecepit,
1820 2593 2193 2651 autumans
2230 2601 2299 2650 se
2341 2578 2770 2659 verberibuS,

217 2691 427 2758 quam
464 2669 687 2738 verbis
736 2689 872 2738 non
927 2681 1216 2758 poterat,
1257 2602 1486 2738 cordis
1519 2669 1671 2770 ejus
1710 2668 2021 2738 emollire
2053 2690 2251 2758 posse
2281 2668 2767 2736 constantiam.

219 2759 530 2841 Quicum
559 2757 915 2828 tormentis
936 2756 1321 2827 afficeretur
1346 2759 1726 2839 acerrimiS,
1759 2758 2095 2847 patienter
2120 2758 2286 2826 haec
2310 2777 2432 2846 pro
2456 2755 2771 2837 Domin0,

218 2848 435 2917 immo
462 2846 843 2938 gaudenter
866 2846 1147 2916 ferebat.
1185 2851 1261 2915 At
1289 2847 1406 2916 ubi
1425 2847 1641 2935 judex
1671 2846 1869 2915 illum
1899 2846 2259 2916 tormentis
2289 2845 2640 2934 superari,
2674 2843 2777 2912 vel

218 2959 261 3006 a
291 2936 486 3006 cultu
527 2935 950 3005 Christianae
981 2935 1338 3026 religionis
1379 2936 1683 3005 revocari
1720 2957 1856 3004 non
1890 2956 2090 3025 posse
2138 2934 2514 3025 persensit,
2555 2932 2781 3022 capite

217 3046 377 3094 eum
424 3024 627 3115 plecti
664 3023 898 3114 jussit.
945 3028 1251 3110 Cumque
1298 3024 1384 3094 ad
1440 3037 1729 3094 mortem
1760 3024 2153 3104 duceretur,
2196 3020 2614 3113 pervenitad
2645 3022 2780 3090 flu-

220 3135 405 3195 men,
459 3113 644 3199 quod
698 3135 898 3183 muro
931 3124 997 3183 et
1028 3117 1276 3193 arena,
1314 3114 1436 3183 ubi
1477 3102 1829 3183 feriendus
1858 3125 2026 3194 erat,
2065 3124 2297 3182 meatu
2329 3110 2779 3201 rapidissimo

222 3202 684 3271 dividebatur.
750 3202 1068 3290 Viditque
1136 3202 1233 3270 ibi
1294 3224 1429 3272 non
1492 3224 1774 3293 parvam
1837 3203 2200 3271 hominurn
2256 3199 2778 3270 multitudinem

217 3291 588 3378 utriusque
634 3312 863 3372 sexuS,
918 3291 1339 3360 conditionis
1385 3291 1698 3361 diversae
1736 3303 1801 3360 et
1847 3291 2112 3371 aetatis,
2154 3312 2331 3376 quae
2382 3289 2532 3358 sine
2566 3287 2779 3356 dubio

221 3380 603 3450 divinitatis
653 3380 985 3449 instinctu
1033 3379 1118 3449 ad
1154 3380 1567 3468 obsequium
1605 3380 1987 3450 beatissimi
2023 3377 2440 3449 confessoris
2475 3398 2555 3446 ac
2593 3398 2777 3445 mar·

219 3469 391 3558 tyris
440 3468 833 3548 vocabatur,
868 3479 933 3537 et
979 3468 1073 3537 ita
1123 3468 1437 3538 fluminis
1479 3469 1702 3558 ipsius
1734 3469 2117 3556 occupabat
2150 3480 2451 3557 pontem,
2491 3476 2569 3536 ut
2598 3464 2783 3534 intra

221 3579 580 3648 vesperam
619 3557 911 3627 transire
942 3557 1048 3625 vix
1077 3570 1328 3647 posset.
1371 3558 1675 3645 Denique
1706 3557 1975 3627 cunctis
2010 3578 2184 3647 pene
2219 3555 2540 3645 egressiS,
2565 3553 2784 3643 judex

220 3647 372 3716 sine
419 3646 752 3733 obsequio
801 3646 871 3715 in
921 3646 1195 3715 civitate
1242 3647 1669 3717 substiterat.
1727 3647 1948 3736 Igitur
1996 3650 2061 3714 S.
2117 3643 2446 3724 AlbanuS,
2486 3643 2603 3711 cui
2670 3664 2781 3711 ar-

223 3735 395 3806 dens
444 3736 665 3804 inerat
705 3735 972 3805 devotio
1023 3736 1275 3807 mentis
1337 3734 1424 3804 ad
1477 3736 1887 3823 martyrium
1937 3756 2156 3823 ocyus
2206 3730 2604 3824 pervenire,
2667 3752 2782 3799 ac-

220 3823 427 3895 cessit
473 3823 557 3893 ad
610 3836 1003 3905 torrentem,
1057 3837 1122 3892 et
1168 3823 1479 3916 dirigens
1528 3824 1613 3893 ad
1665 3823 1935 3894 coelum
1991 3821 2256 3905 oculos,
2311 3820 2473 3890 ilico
2525 3820 2783 3890 siccato

221 3910 434 3993 alveo,
492 3912 662 3982 vidit
706 3912 969 3982 undam
1020 3913 1167 3984 suis
1215 3913 1505 3984 cessisse
1551 3936 1632 3982 ac
1682 3913 1862 3991 viam
1904 3912 2175 3982 dedisse
2225 3910 2554 4001 vestigiis
2587 3907 2782 3992 Quod

224 4021 384 4099 cum
434 4001 612 4072 inter
641 4000 814 4072 alios
860 4001 1067 4072 etiam
1119 4002 1267 4091 ipse
1306 4000 1649 4081 carnifex,
1714 4000 1836 4089 qui
1882 4023 2042 4070 eum
2095 4021 2556 4092 percussurus
2602 4009 2776 4078 erat,

225 4086 530 4170 vidisset,
585 4088 934 4161 festinavit
980 4090 1084 4173 ei,
1137 4091 1260 4161 ubi
1322 4090 1406 4161 ad
1459 4090 1689 4161 locum
1758 4089 2173 4160 destinatum
2228 4088 2430 4158 morti
2480 4099 2776 4168 venerat,

224 4197 623 4248 occurrere:
655 4179 892 4250 divino
923 4178 1257 4249 nimirum
1292 4179 1690 4251 admonitus
1725 4178 2082 4259 instinctu,
2130 4178 2565 4269 projectoque
2591 4197 2777 4257 ense,

229 4287 437 4422 guem
491 4268 804 4338 strictum
856 4281 1190 4352 tenuerat,
1245 4268 1539 4360 pedibus
1587 4268 1740 4358 ejus
1786 4267 2194 4349 advolvitur,
2253 4265 2550 4336 multum
2605 4263 2784 4363 desi-

281 4375 507 4423 crans,
561 4368 638 4425 ut
691 4378 850 4426 cum
902 4370 1241 4448 martyre,
1296 4357 1398 4428 vel
1450 4380 1572 4448 pro
1623 4369 1958 4447 martyre,
2011 4378 2216 4445 quem
2272 4366 2627 4446 percutere
2673 4374 2783 4443 Ju-

233 4444 566 4526 bebatur,
619 4445 767 4536 ipse
816 4447 1043 4537 potius
1092 4458 1469 4517 mereretur
1509 4446 1798 4538 percuti.

389 4563 671 4624 surius·
700 4563 859 4624 Vitae
884 4565 993 4628 88.
1013 4595 1040 4613 ·
1058 4566 1184 4627 Vol.
1229 4563 1326 4627 v1.
2539 4561 2614 4620 31
