3357 4995
672 324 800 387 228
1306 338 1384 385 nr.
1434 339 1486 385 s.
1545 337 1808 385 rumoni
1860 335 2024 385 rme.
2078 338 2152 385 ΕΤ
2200 339 2388 386 mar.
2814 321 3034 386 JUNII
3088 325 3129 386 9

585 439 649 495 et
700 447 972 494 mensas
1023 423 1201 502 illas,
1239 444 1413 509 quae
1464 435 1623 491 sunt
1670 422 1740 490 in
1794 422 2111 512 hospitiis
2160 423 2483 513 publiciS,
2522 435 2587 493 et
2633 423 2716 492 ad
2760 423 2897 493 alia
2932 424 3130 492 inho-

581 528 776 584 nesta
809 535 1015 604 opera
1063 513 1291 581 statim
1333 532 1747 581 reversuros.
1794 513 2254 594 Quamobrem
2295 534 2538 602 precor
2584 535 2701 582 vos
2729 526 2794 582 et
2840 512 3117 592 hortor,

582 616 660 672 ut
707 623 978 691 semper
1027 612 1333 671 sanctam
1378 600 1556 670 hanc
1588 600 1921 691 virginem
1976 600 2045 668 in
2083 600 2411 671 memoria
2442 614 2506 671 et
2545 614 2769 670 mente
2793 600 3123 681 habeam,

584 713 805 779 neque
843 690 1246 760 concionem
1296 687 1474 759 hanc
1521 688 1857 758 celebrem
1910 688 2354 770 dedecoretis,
2413 711 2546 760 nou
2597 690 2897 777 denique
2947 690 3128 758 fidu-

585 781 763 849 ciam
800 790 1105 851 nostram
1138 800 1219 848 ex
1270 778 1396 846 hoc
1427 778 1536 846 die
1564 776 1733 846 festo
1781 777 1865 845 ad
1918 799 2041 847 nos
2076 777 2621 868 proficiscentem
2664 779 3122 847 imminuatiS.

584 869 846 938 Etenim
899 890 1036 937 non
1079 880 1333 936 temere
1381 889 1538 936 cum
1592 867 1866 935 Graecis
1914 866 2326 936 disserentes
2375 867 2587 955 hujus
2635 867 2772 936 diei
2825 866 2977 936 festi
3019 889 3127 936 ce-

588 957 897 1027 lebritate
946 957 1348 1048 gloriamur,
1384 975 1674 1040 eamque
1722 955 2142 1044 objicienteS,
2174 956 2577 1026 erubescere
2613 954 2766 1025 illos
2806 955 3123 1037 facimuS‚

585 1067 740 1115 cum
795 1046 1116 1126 dicimuS,
1156 1042 1744 1131 quemadmodum
1787 1044 2025 1112 urbem
2065 1045 2399 1134 integram
2442 1067 2522 1115 ac
2565 1057 2795 1126 totam,
2838 1057 3131 1114 tantum·

485 1205 503 1226 ,
585 1157 718 1222 que
767 1134 1101 1224 populum
1159 1132 1385 1222 puella
1449 1154 1590 1201 una
1639 1144 1905 1201 mortua
1957 1132 2254 1222 singulis
2309 1134 2511 1202 annis
2560 1133 2642 1202 ad
2695 1155 2766 1202 se
2806 1133 3123 1212 attrahit,

586 1223 794 1310 idque
837 1236 985 1313 post
1019 1235 1155 1290 tam
1208 1220 1459 1291 multos
1492 1242 1734 1301 annos,
1781 1243 2001 1308 neque
2035 1234 2306 1311 tempus
2335 1221 2560 1292 ullum
2604 1222 2885 1292 honoris
2916 1222 3130 1312 hujus

588 1313 829 1381 seriem
894 1309 1282 1399 interrupit.
1351 1315 1596 1378 Verum
1668 1311 1727 1378 si
1777 1310 2136 1390 senserint,
2188 1332 2365 1397 quae
2420 1311 2488 1378 in
2542 1311 2676 1402 hac·
2737 1311 3128 1381 celebritate

587 1402 1164 1477 committuntur,
1239 1399 1492 1487 maj0re
1554 1397 2026 1467 laudationum
2080 1411 2270 1489 parte
2318 1400 2561 1489 privati
2610 1400 2894 1470 erimus.
2950 1404 3129 1468 Haec

587 1490 770 1557 enim
810 1487 1204 1566 multitudo.
1307 1509 1435 1556 uae
1487 1509 1670 1556 nunc
1729 1509 2050 1576 praesens
2141 1499 2264 1568 est,
2331 1489 2388 1556 si
2443 1490 2612 1558 bene
2659 1488 2972 1557 ordinata
3042 1488 3129 1556 ad

589 1600 714 1648 nos
762 1578 1083 1646 accedere
1123 1587 1273 1665 post
1327 1597 1406 1644 ac
1455 1576 1815 1656 studuerit,
1869 1598 1949 1645 ea
2002 1599 2106 1645 res
2162 1577 2460 1646 maximo
2510 1577 2708 1647 nobis
2763 1577 2889 1646 erit
2930 1599 3133 1645 orna-

589 1680 859 1734 mento:
900 1678 967 1734 at
1015 1665 1073 1734 si
1121 1686 1276 1732 cum
1332 1664 1617 1754 segnitie
1671 1677 1735 1734 et
1800 1664 1978 1755 negli
2033 1665 2213 1734 entia
2267 1664 2481 1734 multa
2538 1665 2649 1734 hic
2692 1665 2933 1745 aderit,
2975 1688 3131 1754 pro-
3185 1685 3190 1689 ·

595 1760 791 1824 hrum
829 1767 892 1823 et
921 1753 1426 1823 accusationem
1465 1753 1661 1824 nobis
1691 1776 1770 1821 ea
1804 1775 1910 1822 res
1941 1776 1976 1821 a
2032 1767 2192 1823 eret.

678 1845 712 1929 ξ
761 1847 906 1915 18.
963 1847 1042 1911 Ut
1077 1842 1286 1942 igitur
1334 1854 1554 1910 vestra
1603 1841 2072 1923 multitudine,
2122 1843 2517 1913 charissimi
2565 1841 2939 1921 auditoreS,
3006 1864 3135 1912 nos

589 1929 890 2000 exultare
943 1952 1312 2020 possimuS,
1351 1930 1588 1999 eodem
1639 1942 1820 2001 recto
1869 1931 2111 2000 ordine
2157 1931 2444 2000 domum
2487 1932 2948 2010 revertamini,
2989 1953 3133 2018 quo

592 2042 718 2109 par
764 2034 863 2089 est
910 2041 1025 2088 eos
1074 2018 1317 2097 redire,
1371 2020 1490 2106 qui
1537 2040 1697 2089 cum
1749 2019 2001 2108 talibus
2059 2020 2477 2109 martyribus
2544 2019 2792 2089 versati
2841 2019 3125 2089 fuerint.

589 2113 754 2177 Nam
794 2110 850 2178 si
900 2108 1056 2195 quis
1106 2129 1239 2176 non
1277 2108 1365 2176 ita
1405 2108 1690 2177 domum
1725 2109 2020 2189 redierit,
2079 2130 2210 2177 non
2247 2108 2468 2186 solum
2514 2107 2683 2176 nihil
2734 2108 3124 2208 profecerit,

590 2219 829 2267 verum
880 2198 1084 2266 etiam
1138 2195 1525 2285 periculum
1591 2197 1969 2266 maximum
2038 2198 2169 2266 sibi
2219 2197 2587 2265 attraxerit.
2645 2201 2794 2266 Scio
2844 2197 3132 2266 voshoc

590 2286 833 2356 morbo
874 2307 1008 2354 non
1048 2285 1396 2354 laborare:
1452 2284 1564 2353 sed
1604 2306 1738 2352 non
1767 2286 1932 2354 satis
1960 2286 2088 2354 hoc
2124 2285 2313 2356 vobis
2345 2298 2445 2354 est
2478 2285 2560 2354 ad
2591 2286 3125 2366 excusationem,

594 2375 730 2443 nisi
778 2387 842 2443 et
889 2374 1130 2444 fratres
1182 2374 1367 2463 ipsos
1405 2373 1762 2443 inhoneste
1823 2396 1890 2444 se
1939 2388 2271 2463 gerenteS‚
2327 2373 2407 2458 ad
2458 2374 2862 2442 modestiam
2917 2375 3132 2443 maxi-

591 2484 801 2543 mam,
855 2476 922 2532 et
968 2462 1050 2532 ad
1102 2462 1614 2531 convenientem
1664 2475 1728 2531 et
1777 2464 2233 2552 compositum
2287 2475 2541 2532 statum
2594 2462 2945 2553 redigatis.
3002 2467 3131 2532 Ho-

595 2553 856 2621 n'orasti
911 2557 1270 2642 Martyrem
1323 2552 1702 2641 praesentia
1742 2555 1903 2620 tua?
1949 2552 2259 2620 eamdem
2313 2551 2501 2620 illam
2544 2564 2610 2621 et
2659 2553 3127 2641 proximorum

590 2653 866 2711 tuorum
920 2640 1396 2710 emendatione
1434 2641 1714 2708 honora.
1763 2640 1827 2708 Si
1869 2640 2050 2708 enim
2082 2641 2333 2709 videris
2363 2641 2831 2710 inordinatum
2883 2642 3125 2721 risum,

592 2743 796 2817 atque
846 2729 1283 2799 inhonestum
1322 2749 1629 2807 cursum,
1676 2740 1741 2796 et
1782 2728 2187 2799 illiberalem
2240 2730 2611 2808 incessum,
2666 2729 3131 2799 indecentem-

594 2839 728 2904 que
779 2817 1088 2887 habitum
1140 2831 1205 2887 et
1238 2817 1559 2907 figuram,
1613 2817 1883 2897 accede,
1938 2830 2002 2887 et
2050 2817 2418 2907 illosipsos‚
2454 2818 2573 2903 qui
2605 2817 2765 2886 talia
2814 2819 3132 2886 commit-

595 2919 770 2986 tunt,
810 2907 1054 2975 acerbo
1103 2917 1168 2974 et
1194 2905 1476 2974 terribili
1533 2905 1725 2975 vultu
1775 2907 2063 2975 intuere.
2101 2911 2177 2975 At
2222 2919 2664 2974 contemnent
2702 2905 2830 2984 illi,
2868 2916 2934 2974 et
2981 2906 3135 2973 irri-

591 2994 854 3064 debunt
905 2995 1147 3081 potius.
1190 2998 1397 3063 Sume
1446 3007 1667 3063 tecum
1720 2995 1896 3064 duos
1930 2994 2031 3064 vel
2084 3006 2219 3065 tres
2268 2994 2531 3073 fratreS,
2589 2994 2687 3063 vel
2743 2994 2998 3084 plures,
3059 3007 3134 3063 ut

594 3084 713 3168 qui
773 3082 938 3150 haec
1000 3082 1180 3161 facit,
1240 3082 1684 3152 multitudine
1734 3084 1884 3172 ipsa
1934 3096 2286 3173 praesente
2332 3095 2706 3164 correctuS‚
2764 3084 3136 3153 modestior

593 3172 732 3240 fiat.
772 3171 963 3253 Quod
1015 3171 1072 3239 si
1110 3191 1327 3257 neque
1362 3171 1460 3240 sic
1496 3170 1775 3241 illorum
1814 3173 2186 3240 amentiam
2220 3172 2650 3262 represseris,
2703 3173 2843 3250 eosi
2901 3195 3010 3242 sos
3045 3172 3133 3241 ad

596 3260 981 3330 sacerdotes
1020 3259 1306 3328 deferas.
1351 3258 1491 3328 Sed
1533 3259 1642 3328 vix
1692 3259 1841 3328 fieri
1891 3273 2130 3350 potest,
2171 3273 2246 3329 ut
2289 3260 2373 3330 ad
2424 3282 2573 3329 eam
2627 3261 2825 3351 impu
2875 3261 3128 3330 entiam

600 3347 702 3417 illi
750 3348 1189 3427 devenerint,
1248 3360 1322 3417 ut
1370 3348 1428 3415 si
1477 3348 1877 3437 reprehensi
1926 3370 2004 3417 ac
2055 3350 2271 3449 rogati
2320 3348 2597 3428 suerint,
2656 3370 2787 3417 non
2838 3350 3123 3429 cedant,

589 3437 1162 3517 verecundentur,
1206 3449 1270 3505 et
1318 3437 1405 3505 ab
1462 3437 1852 3506 inordinata
1899 3451 1963 3507 et
2012 3437 2280 3507 ludicra
2335 3436 2581 3507 chorea
2632 3460 2703 3507 se
2756 3440 3126 3508 retrahant.

591 3525 784 3607 Quod
849 3527 906 3594 si
953 3526 1214 3605 decem,
1291 3526 1350 3593 si
1399 3538 1555 3603 tres,
1615 3526 1668 3596 si
1731 3526 1930 3609 duOS,
1985 3526 2044 3594 si
2092 3548 2311 3596 unum
2365 3538 2628 3595 tantum
2683 3526 3126 3606 lucrifeceris,

596 3614 884 3684 multam
934 3614 1296 3683 utilitatem
1349 3610 1470 3683 tibi
1514 3615 2043 3703 comparaveris,

681 3705 718 3789 ξ
768 3708 909 3777 14.
963 3709 1038 3772 At
1087 3701 1302 3772 multa
1332 3714 1431 3772 est
1481 3703 1627 3771 viae
1659 3703 1767 3772 lon
1824 3703 2038 3773 itudo.
2096 3704 2622 3794 Longitudinem
2654 3704 2832 3773 hanc
2874 3703 2957 3773 ad
2987 3713 3163 3782 30ss

592 3812 765 3876 quos
816 3814 1028 3881 supra
1075 3790 1401 3869 diximus,
1455 3791 1746 3880 colligen
1804 3814 1880 3861 os
1915 3804 2155 3883 sponte
2204 3793 2601 3862 subeamus.
2657 3792 2864 3861 Multo
2913 3793 3136 3861 thuris

593 3901 843 3968 vapore
899 3882 1075 3949 viam
1135 3878 1531 3967 implemus.
1592 3884 1970 3951 Honestum
2020 3880 2301 3968 quidem
2344 3883 2470 3950 hoc
2518 3893 2640 3951 est.
2696 3886 2941 3950 Verum
2997 3902 3133 3949 non

594 3978 861 4037 tantum
912 3969 1016 4038 via
1062 3970 1209 4057 ipsa
1250 3966 1533 4036 honesta
1564 3970 1987 4059 apparuerit,
2028 3970 2109 4050 si,
2150 3971 2421 4059 vaporis
2469 3983 2672 4056 atque
2703 3970 2991 4039 odorum
3030 3970 3135 4037 in-

595 4057 997 4127 strumentis
1031 4078 1153 4147 per
1201 4055 1391 4124 illam
1446 4069 1649 4127 totam
1702 4057 2099 4147 dispositiss
2139 4061 2361 4127 aerem
2417 4058 2645 4147 ipsum
2696 4058 2927 4128 odoris
2977 4080 3136 4126 sua-

593 4146 797 4214 vitate
845 4144 1250 4234 perfuderis,
1290 4157 1623 4231 quantum
1659 4147 1720 4215 si
1759 4168 2023 4226 omnes,
2077 4147 2199 4233 qui
2241 4146 2443 4215 hodie
2494 4169 2613 4236 per
2662 4147 2852 4217 illam
2910 4148 3134 4237 ipsam

595 4234 776 4303 viam
810 4233 1158 4314 incedunt,
1218 4235 1529 4321 Martyris
1561 4236 1940 4304 certamina
1989 4235 2165 4304 inter
2194 4256 2266 4303 se
2297 4246 2654 4304 narrantes
2703 4235 2987 4305 domum
3026 4257 3136 4303 re-

595 4322 845 4403 deant,
903 4322 1178 4413 linguas
1225 4323 1410 4411 ipsas
1458 4323 1756 4414 singulis
1814 4347 1937 4413 pro
1987 4323 2257 4413 vaporis
2309 4324 2765 4393 instrumento
2814 4346 3139 4394 exercen-

598 4424 716 4482 tes.
772 4416 864 4481 An
920 4433 1054 4481 non
1106 4410 1346 4480 videtis
1395 4435 1552 4482 cum
1607 4418 1984 4503 Imperator
2032 4413 2099 4479 in
2152 4414 2393 4482 urbem
2446 4412 2864 4502 ingreditur,
2922 4433 3134 4501 quam
