3357 4995
257 345 467 409 JUNII
519 347 560 408 8
1096 360 1171 404 na
1220 360 1274 406 s.
1332 359 1621 411 arenauno
1670 361 1967 408 EPISCOPO
2576 345 2712 408 205

253 458 525 515 ventum
579 460 701 523 est,
741 446 1093 512 intuentur
1128 444 1556 534 diligentius,
1596 459 1660 514 et
1692 446 1873 532 quod
1912 445 2129 513 relatu
2178 445 2587 526 didicerant,
2649 447 2798 536 ipso

253 556 535 606 suorum
573 534 928 602 oculorum
983 533 1373 602 testimonio
1423 536 1751 602 veraciter
1789 535 2225 604 confitentur.
2262 539 2457 602 Pater
2486 549 2551 603 et
2583 547 2808 604 mater

250 647 461 713 super
511 623 652 692 filio
701 644 906 709 quam
962 620 1392 691 familiariter
1447 621 1997 712 illacrymantes,
2072 628 2201 692 Deo
2253 645 2542 711 puerum
2611 646 2803 692 com-

249 713 604 792 mendant,
641 735 718 780 ac
771 733 905 779 non
957 711 1104 780 sine
1155 712 1370 780 multa
1401 711 1780 790 devotione,
1827 711 2274 786 charissimae
2325 734 2488 780 suae
2544 712 2805 782 sobolis

252 802 718 870 innocentiam
774 811 1159 868 retractant.

334 894 371 976 ξ
421 895 514 960 θ.
571 895 755 957 Inter
803 890 967 957 baec
1037 888 1309 964 milites,
1377 912 1669 975 quorum
1723 910 1936 975 equos
1985 889 2328 958 custodire
2382 902 2548 968 erat,
2604 890 2802 974 equis

257 979 631 1057 recensitis,
686 1000 904 1046 unum
949 978 1180 1046 deesse
1234 979 1621 1067 reperiunt:
1676 1000 1879 1064 quem
1934 990 2007 1047 ut
2059 978 2458 1066 hujusmodi
2497 978 2797 1046 bomini-

257 1068 383 1138 bus
419 1089 566 1136 mos
614 1079 736 1145 est,
777 1089 814 1134 a
867 1089 1078 1155 puero
1118 1067 1368 1135 intente
1401 1068 1783 1153 requirunt,
1846 1066 2091 1135 blande
2140 1089 2218 1135 ac
2256 1067 2498 1135 leniter
2550 1090 2800 1156 parvu-

260 1157 400 1226 lum
455 1156 870 1228 demulcent.
929 1155 1258 1236 instanter
1312 1156 1397 1224 ab
1446 1179 1523 1223 eo
1587 1157 2031 1242 requirentes,
2087 1157 2143 1223 si
2192 1178 2399 1241 quam
2473 1178 2591 1242 per
2639 1177 2797 1224 eum

256 1247 495 1314 damni
548 1245 755 1330 buius
799 1244 1200 1312 adinvenire
1250 1256 1528 1332 possent
1581 1244 2188 1334 recuperationem.
2247 1250 2400 1312 Erat
2449 1244 2791 1330 siquidem

258 1334 690 1420 aliquantula
730 1336 874 1419 ,iam
941 1356 1148 1422 super
1197 1333 1449 1402 talibus
1509 1333 1593 1401 de
1644 1333 1760 1401 illo
1809 1334 2144 1423 suspicio:
2210 1334 2373 1418 quia
2431 1354 2589 1402 eum
2633 1355 2797 1421 erga

259 1444 600 1513 pauperes
647 1445 782 1488 non
847 1422 1238 1491 nesciebant
1291 1444 1438 1490 esse
1501 1422 1938 1500 munificum,
1994 1445 2072 1489 ac
2124 1422 2454 1507 quicquid
2520 1423 2795 1511 uspiam

260 1513 558 1601 reperire
618 1524 897 1598 poterat,
967 1512 1030 1578 in
1086 1535 1255 1579 usus
1304 1534 1459 1578 eum
1513 1511 1873 1579 audierant
1921 1510 2301 1599 expendere
2353 1513 2792 1579 miserorum.

261 1607 650 1686 Cumquea
703 1600 982 1668 famulis
1029 1623 1103 1666 ea
1155 1600 1238 1667 de
1272 1622 1481 1668 causa
1513 1614 1575 1667 et
1607 1601 1920 1689 privatim
1963 1614 2027 1669 et
2062 1599 2333 1688 publice
2364 1612 2795 1688 argueretur,

263 1690 684 1781 appropians
737 1689 933 1778 patri,
973 1711 1110 1756 rem
1163 1690 1220 1756 ei
1255 1711 1330 1756 ex
1364 1689 1602 1757 ordine
1653 1689 1914 1778 pandit.
1973 1688 2252 1756 Miratur
2285 1702 2473 1777 pater
2498 1689 2801 1756 elemen-

265 1779 602 1846 tissimam
654 1779 1255 1866 compunctionem
1308 1777 1458 1855 filii,
1512 1790 1575 1846 et
1617 1777 1770 1846 licet
1810 1776 2044 1845 damni
2102 1776 2613 1863 aliquantulum
2668 1776 2802 1844 sibi

265 1888 396 1935 non
473 1866 763 1935 nesciret
830 1867 1213 1944 imminere,
1267 1865 1642 1934 admodum
1695 1880 2179 1954 tamen'super
2245 1864 2552 1934 benevoli
2607 1865 2805 1954 pueri

261 1954 590 2024 benevola
630 1955 1146 2040 congratulatus
1175 1970 1275 2023 est
1322 1955 1821 2043 compassione.
1869 1960 2157 2023 Tantum
2196 1955 2402 2042 liujus
2438 1954 2630 2042 pueri
2669 1959 2797 2021 Do-
2884 1969 2885 1972 ’

265 2045 499 2112 minus
552 2044 616 2110 in
668 2065 792 2110 sua
846 2043 1265 2132 perspiciens
1317 2042 1657 2112 voluntate
1708 2044 2143 2116 famulatum.
2186 2045 2334 2131 ipso
2381 2042 2616 2112 eodem
2660 2064 2803 2110 mo·

265 2145 495 2200 mento
539 2153 865 2219 magnum
919 2132 1144 2214 subito
1199 2133 1524 2221 dignatus
1574 2146 1675 2202 est
1725 2132 2073 2200 declarare
2139 2131 2579 2201 miraculum.
2637 2136 2801 2199 Nam

265 2243 420 2289 cum
474 2220 701 2289 denuo
748 2242 1076 2305 equorum
1131 2243 1414 2289 suorum
1455 2220 1717 2289 solicite
1773 2233 2200 2289 recenserent
2244 2242 2635 2296 numerum,
2694 2219 2802 2286 di-

266 2311 421 2376 vina
458 2309 555 2376 sic
604 2321 925 2396 operante
976 2310 1346 2397 majestate,
1405 2323 1607 2377 totam
1658 2332 1899 2378 eorum
1950 2310 2403 2398 integritatem
2441 2308 2801 2396 eximpro-

265 2399 408 2466 viso
463 2399 832 2485 reperiunt.
892 2398 1220 2465 Mirantur
1270 2410 1599 2466 astantes:
1656 2399 1915 2466 familia
1951 2411 2200 2466 cuncta
2236 2397 2547 2466 laetatur.
2614 2401 2804 2464 Pater

265 2510 423 2555 cum
464 2501 676 2555 matre
709 2485 931 2555 fllium
983 2510 1188 2572 quam
1227 2486 1653 2556 familiariter
1685 2486 2188 2576 amplexantur,
2234 2501 2296 2555 et
2336 2501 2410 2555 ut
2453 2487 2518 2554 in
2556 2484 2799 2554 altiora

271 2599 340 2645 se
390 2576 725 2662 subrigat,
760 2575 1295 2662 lacrymabiliter
1325 2576 1792 2644 cohortantur.
1832 2575 1980 2655 Fili,
2026 2576 2243 2665 ajunt,
2275 2576 2505 2641 omnia
2543 2587 2797 2650 nostra,

268 2678 376 2732 tua
408 2676 591 2742 sunt,
629 2668 814 2731 utere
867 2666 1136 2747 nostris,
1180 2678 1254 2733 ut
1297 2665 1480 2734 libet.
1536 2669 1698 2743 Tu0‚
1737 2664 1951 2751 ajunt,
2009 2679 2074 2733 et
2114 2677 2366 2741 nostro,
2421 2677 2496 2732 ut
2529 2662 2650 2730 tibi
2704 2663 2802 2729 vi—

267 2774 415 2821 sum
471 2752 694 2827 fuerit,
736 2753 803 2819 in
859 2754 969 2820 Dei
1005 2755 1224 2841 gratia
1277 2758 1460 2821 utere
1512 2753 1948 2841 patrimonio,
1990 2765 2064 2821 ut
2094 2774 2217 2820 nos
2250 2765 2474 2820 tecum
2524 2772 2803 2820 consor-

273 2855 366 2908 tes
417 2842 737 2930 perennis
787 2842 957 2911 vitae
1021 2843 1274 2910 babeas
1336 2843 1402 2908 in
1457 2844 1787 2930 praemio.
1844 2846 1985 2910 Non
2038 2841 2442 2909 diffidebant
2508 2841 2691 2909 enim
2736 2862 2807 2907 se

275 2931 423 3013 ejus
472 2931 776 2998 oratione
815 2930 1086 3007 salvari,
1140 2952 1342 3017 quem
1386 2931 1530 3016 jam
1574 2931 1781 2998 tantis
1811 2952 1851 2998 a
1905 2935 2031 2998 Deo
2082 2930 2400 3001 videbant
2434 2927 2806 2997 virtutibus

269 3017 620 3087 illustrari.
677 3024 750 3087 Et
807 3018 969 3087 baec
1018 3020 1343 3098 dicentes,
1388 3041 1622 3089 secum
1664 3018 2024 3087 adducunt
2075 3041 2391 3108 puerum,
2449 3017 2805 3103 multoque

270 3128 425 3175 cum
477 3106 733 3197 gaudio
786 3108 852 3173 in
904 3107 1010 3177 his
1068 3122 1133 3176 et
1183 3110 1248 3177 in
1317 3108 1471 3176 aliis
1537 3108 1756 3175 bonae
1832 3129 1995 3176 suae
2053 3107 2307 3177 sobolis
2356 3106 2624 3177 actibus
2678 3111 2805 3175 Deo

271 3195 524 3284 gratias
557 3195 944 3274 referentes,
984 3209 1327 3283 gratanter
1376 3218 1521 3266 sese
1572 3196 1911 3266 reficiunt.

356 3286 393 3367 ξ
438 3288 513 3354 2.
568 3284 824 3354 Accidit
858 3286 1318 3373 postmodum,
1357 3285 1526 3354 dum
1577 3285 1762 3354 domi
1819 3285 2152 3374 puerulus
2202 3286 2590 3363 haberetur,
2632 3284 2808 3353 inter

275 3371 634 3461 indigenas
684 3394 816 3441 non
873 3373 1140 3441 modica
1186 3375 1524 3459 quaedam
1576 3374 1948 3455 altercatio,
2003 3374 2088 3443 de
2136 3374 2449 3444 terminis
2498 3372 2809 3443 videlicet

272 3482 621 3559 agrorum,
677 3474 753 3530 ut
787 3461 1173 3546 frequenter
1221 3463 1367 3531 lieri
1400 3464 1688 3542 videtur,
1734 3463 1928 3553 Jugis
1957 3477 2021 3531 et
2055 3463 2328 3533 infinita
2375 3463 2800 3553 disceptatio,

273 3549 695 3618 Rixabantur
728 3550 1074 3620 multoties
1106 3574 1144 3618 a
1178 3573 1377 3635 mane
1409 3573 1628 3638 usque
1657 3550 1740 3620 ad
1782 3573 2157 3642 vesperam,
2189 3564 2254 3620 et
2291 3566 2368 3620 ut
2407 3550 2807 3641 hujusmodi

271 3637 548 3707 rusticis
597 3637 808 3707 moris
855 3652 978 3717 est,
1032 3661 1200 3729 pene
1231 3641 1376 3726 jam
1419 3640 1500 3709 ad
1536 3662 1730 3709 arma
1760 3662 1981 3727 usque
2009 3641 2299 3710 invicem
2334 3639 2809 3729 exprobrando

270 3740 765 3814 processerant.
821 3733 1051 3798 Genus
1096 3729 1280 3796 enim
1349 3730 1478 3797 hoc
1539 3741 1804 3818 agreste
1869 3729 2255 3807 hominum,
2313 3730 2371 3797 si
2416 3728 2582 3815 quid
2634 3729 2810 3796 inter

272 3836 388 3883 eos
435 3814 887 3885 dissensionis
934 3829 1240 3886 exortum
1306 3817 1531 3895 fuerit,
1574 3817 1706 3889 nisi
1753 3840 1912 3886 cum
1966 3817 2184 3889 multa
2250 3815 2631 3907 ignominia
2679 3828 2812 3885 ter-

271 3904 537 3972 minare
588 3906 923 3975 nesciunt.
973 3910 1136 3974 Cum
1177 3927 1331 3973 vero
1369 3904 1638 3974 tandem
1674 3926 1755 3974 ex
1787 3906 2141 3977 communi
2192 3927 2533 3978 consensu
2571 3904 2656 3975 ad
2706 3905 2810 3974 di-

271 3992 583 4090 rimenda
642 3993 1106 4082 agriculturae
1156 4016 1320 4063 suae
1387 3992 1879 4083 processissent
1927 3996 2265 4075 confinia,
2319 3994 2606 4084 contigit
2651 4017 2811 4064 cum

267 4102 367 4147 eis
416 4079 722 4152 adfuisse
766 4093 831 4150 et
881 4084 1065 4151 hunc
1118 4082 1574 4152 venerabilem
1627 4104 1947 4173 puerum.
1996 4085 2123 4154 Ubi
2174 4106 2329 4153 vero
2386 4097 2663 4154 ventum
2711 4096 2813 4152 est

271 4167 354 4236 ad
392 4167 647 4249 locum,
701 4191 859 4249 cum
909 4171 1161 4241 diversi
1210 4172 1476 4242 diversa
1520 4172 1873 4250 sentirent,
1920 4173 2102 4242 videt
2144 4195 2313 4262 puer
2344 4173 2645 4263 lapidem
2679 4183 2813 4240 ter·
2869 4250 2879 4260 ,

271 4278 384 4325 rae
424 4258 665 4338 fixum,
711 4272 785 4328 ut
817 4258 1224 4348 plerumque
1274 4261 1485 4330 videri
1536 4260 1706 4329 solet
1738 4261 1807 4327 in
1859 4262 2174 4331 terminis
2207 4283 2556 4351 agrorum.
2596 4265 2814 4350 Super

272 4365 477 4430 quem
529 4348 770 4436 pedem
822 4347 1163 4439 injiciens,
1222 4372 1256 4415 «
1287 4350 1410 4419 Hic
1459 4363 1583 4430 est,
1614 4349 1862 4434 inquit,
1918 4352 2256 4419 terminus
2289 4362 2352 4419 et
2392 4348 2606 4436 hujus
2653 4371 2812 4417 con-

276 4436 601 4506 tentionis
649 4437 849 4507 limes
897 4439 1348 4508 certissimus,
1386 4463 1420 4503 »
1471 4439 1561 4508 Ad
1599 4437 1807 4525 cujus
1857 4438 2280 4510 levissimum
2332 4448 2586 4508 tactum
2641 4436 2814 4526 lapis
