3357 4995
1510 187 1543 218 ’ἱ

196 354 411 419 JUNII
460 356 502 418 6
1006 374 1082 419 οε
1131 375 1187 420 s.
1240 371 1601 421 uonrnssnro
1649 371 1946 420 emscoro
2131 374 2136 379 ·
2532 359 2656 422 ⁴79

196 456 275 525 ad
330 456 687 525 introitum
718 457 1031 535 fratrum,
1065 457 1134 526 in
1167 457 1518 527 hominem
1571 458 1940 544 quemdam
1971 459 2198 527 statim
2230 458 2587 549 ingressus
2614 453 2737 542 est',

195 566 397 633 quem
451 558 642 634 pater
689 547 1109 627 Nortbertus,
1152 551 1280 616 Deo
1328 560 1758 636 cooperante,
1798 546 1927 616 hoc
1979 547 2182 616 modo
2225 547 2559 617 liberavit.

277 637 313 720 ξ
360 637 518 706 88.
575 633 696 703 Ille
745 634 1086 721 siquidem
1130 690 1143 715 ,
1197 648 1273 704 ut
1319 648 1464 706 erat
1512 635 1756 704 solitus
1791 691 1809 715 ‚
1879 636 2024 704 heri
2074 650 2140 705 et
2191 636 2737 719 nudiustertiuS,

192 726 445 794 exierat
493 744 532 791 a
586 723 990 793 riculturam
1044 746 1239 793 suam
1290 746 1513 814 agere,
1553 737 1619 793 et
1665 724 1831 792 dum
1873 725 2222 814 geminato
2263 725 2520 796 laboris
2550 740 2746 796 aestu

196 814 431 894 sitiret,
474 834 513 880 a
615 813 1000 901 proximum
1052 811 1304 881 sontem
1355 814 1664 902 accessit;
1721 813 1839 882 ubi
1891 835 2053 883 cum
2116 812 2466 884 bibiturus
2514 836 2586 883 se
2638 815 2741 883 in—

201 901 504 981 clinaret,
548 900 715 969 vidit
757 902 1130 969 immanem
1183 901 1503 971 umbram
1553 915 1617 972 et
1666 902 2044 972 terribilem
2095 903 2163 971 in
2203 924 2407 989 aqua.
2453 909 2600 984 Qua
2651 904 2746 971 vi-

203 991 381 1059 sione
433 991 862 1079 perterrituS,
908 990 1073 1059 dum
1128 1002 1459 1079 temperat
1509 991 1657 1062 sibi.
1690 1015 1728 1060 a
1783 1003 1944 1080 potu
1983 1013 2223 1078 aquae,
2264 1003 2534 1061 erectus
2565 992 2746 1062 videt

200 1079 392 1165 quasi
446 1077 794 1169 ingentem
848 1079 1195 1148 hominem
1249 1101 1407 1148 cum
1462 1093 1715 1149 terrore
1763 1093 2232 1166 quaerentem,
2286 1080 2490 1169 cujus
2531 1094 2735 1150 esset.

198 1173 402 1254 Atque
449 1188 531 1236 eo
579 1166 760 1235 dicto
809 1166 1195 1256 disparuit,
1260 1182 1325 1236 et
1374 1169 1584 1238 miser
1630 1184 1947 1259 arreptus
1996 1192 2035 1236 a
2102 1168 2458 1249 daemone,
2514 1168 2743 1238 furere

197 1257 437 1346 coepit.
495 1260 676 1325 Hora
708 1269 852 1325 erat
900 1256 1396 1346 pomeridiana,
1441 1270 1506 1327 et
1555 1258 1670 1328 ille
1720 1258 1903 1347 apud
1960 1257 2193 1327 villam
2244 1258 2329 1326 ad
2381 1279 2738 1348 vesperam

198 1346 541 1423 inventus,
583 1345 836 1434 ligatus
882 1344 1226 1414 adductus
1266 1357 1388 1414 est.
1432 1351 1644 1428 Quem
1697 1370 1855 1416 cum
1910 1361 2099 1435 pater
2149 1346 2549 1416 Nortbertus
2582 1346 2742 1415 dili-

197 1446 431 1524 genter
462 1434 756 1504 intuitus
781 1446 991 1507 esset:
1030 1460 1052 1496 «
1085 1433 1359 1515 videtis,
1394 1435 1641 1523 inquit,·
1675 1435 2020 1522 quomodo
2064 1435 2415 1524 malignus
2450 1436 2741 1524 spiritus

196 1524 310 1606 qui
363 1523 573 1608 bonis¹
614 1522 940 1592 omnibus
992 1523 1290 1602 invidet,
1355 1545 1477 1592 nos
1524 1525 1728 1593 etiam
1782 1524 1906 1592 hoc
1960 1525 2025 1592 in
2073 1523 2217 1592 loco
2265 1524 2539 1593 odiosos
2591 1524 2745 1592 red-

198 1612 353 1680 dere
383 1611 675 1680 nititur?
702 1611 855 1680 Vult
887 1612 1070 1680 enim
1102 1634 1446 1682 rumorem
1485 1634 1827 1702 spargere,
1865 1612 1948 1680 ad
2001 1614 2393 1702 ingressum
2425 1626 2739 1683 nostrum

199 1701 372 1769 hanc
426 1699 749 1769 infamiae
800 1713 1029 1769 notam
1062 1702 1371 1781 existere,
1410 1716 1475 1770 et
1520 1703 1670 1791 ejus
1719 1701 1846 1769 hoc
1895 1722 2041 1771 esse
2076 1701 2355 1791 signum
2394 1701 2577 1787 quod
2614 1702 2744 1770 ista

200 1789 377 1858 mala
429 1788 879 1879 praecedant:
934 1789 1050 1857 sed
1113 1811 1232 1878 per
1293 1791 1582 1879 gratiam
1654 1791 1766 1858 Dei
1817 1812 1952 1859 non
2008 1790 2511 1879 praevalebit.»
2555 1796 2744 1859 Tunc

199 1879 421 1946 coeit
454 1878 801 1947 hominem
854 1878 1234 1946 exorcizare
1280 1893 1346 1948 et
1393 1880 1690 1969 signare,
1750 1879 1966 1947 donec
2015 1879 2421 1965 quiesceret,
2460 1889 2524 1947 et
2574 1901 2742 1946 sana

202 1900 399 2035 verba
452 1965 799 2055 proferret.
868 1966 1057 2048 Quod
1123 1966 1427 2038 videntes
1485 1968 1604 2054 qui
1640 1969 1976 2048 astabant,
2031 1968 2250 2057 gavisi
2300 1980 2460 2038 sunt
2520 1967 2737 2047 valde,

198 2055 456 2146 gratias
505 2069 782 2156 agentes
819 2060 970 2136 Deo,
1011 2068 1073 2124 et
1122 2056 1467 2125 dicentes:
1524 2057 1639 2145 Eja
1691 2056 2090 2125 benedictus
2125 2061 2297 2124 Deus
2335 2078 2456 2156 per
2480 2059 2738 2125 omnia:

200 2143 403 2212 inodo
452 2165 803 2229 quiescere
855 2142 1217 2233 paululum
1276 2157 1490 2234 potest
1541 2145 1650 2214 liic
1704 2157 1894 2235 pater
1944 2159 2173 2213 noster
2234 2168 2355 2230 qui
2417 2145 2744 2234 fatigatus

199 2231 402 2322 longo
454 2231 717 2313 itinere,
766 2233 900 2302 huc
950 2233 1258 2304 accessit.
1302 2234 1425 2303 Sed
1484 2234 1594 2302 ille
1643 2234 1763 2320 qui
1817 2233 2300 2302 discretionem
2362 2233 2742 2323 spirituum

198 2321 515 2401 habebat,
612 2323 848 2411 ropius
896 2321 1250 2401 accedenS‚
1298 2345 1454 2391 cum
1506 2323 1591 2391 de
1640 2322 1927 2391 naribus
1979 2321 2168 2391 illius
2210 2323 2479 2391 obs'essi
2528 2323 2741 2391 foeto-

199 2432 336 2478 rem
395 2412 542 2500 puti
597 2411 911 2480 issimum
949 2411 1130 2479 exire
1181 2411 1527 2490 sensisset,
1582 2412 1712 2480 ait:
1757 2441 1776 2470 «
1816 2417 1955 2480 Non
1993 2424 2094 2480 est
2125 2411 2240 2492 ita,
2282 2424 2357 2479 ut
2391 2433 2506 2479 vos
2542 2424 2743 2501 puta-

201 2500 317 2567 tis:
371 2497 679 2568 nondum
732 2500 1018 2589 spiritus
1069 2501 1193 2569 iste
1244 2523 1536 2587 nequam
1577 2502 1877 2577 recessit,
1926 2501 2039 2569 sed
2094 2500 2310 2569 latitat
2370 2501 2436 2567 in
2473 2501 2741 2569 calamo

202 2589 349 2667 isto,
392 2601 458 2656 et
511 2589 709 2657 verba
762 2590 1141 2676 composita
1189 2588 1496 2676 loquitur
1533 2589 1806 2658 divinae
1849 2590 2120 2658 virtutis
2172 2589 2436 2668 timore,
2481 2601 2554 2657 ut
2603 2610 2742 2658 non

202 2676 603 2767 expellatur.
651 2678 768 2747 sed
822 2678 1019 2746 nobis
1069 2678 1546 2748 recedentibus
1604 2679 1835 2747 acrius
1900 2678 2087 2747 hunc
2143 2678 2470 2746 miserum
2525 2677 2743 2746 valeat

200 2767 532 2835 cruciare.
580 2772 881 2835 Attamen
915 2766 1063 2835 sine
1111 2789 1319 2837 causa
1363 2789 1493 2835 non
1533 2780 1631 2835 est
1665 2767 1957 2836 traditus
1996 2768 2118 2835 iste
2150 2766 2581 2835 adversariae
2625 2789 2743 2855 po-

203 2855 446 2925 testati.
505 2855 984 2924 Permittamus
1017 2877 1173 2923 eum
1228 2856 1355 2924 hac
1398 2870 1591 2925 nocte
1628 2877 1881 2945 poenas
1930 2855 2194 2924 debitas
2226 2854 2505 2935 solvere,
2538 2876 2742 2924 oran-

202 2956 294 3011 tes
343 2964 468 3032 pro
502 2966 603 3023 e0,
645 2958 708 3011 et
755 2943 1034 3012 forsitan
1086 2965 1237 3012 cras
1276 2944 1549 3014 facilius
1583 2944 2019 3014 miserebitur
2048 2944 2197 3028 ejus
2243 2949 2496 3014 Deus.»
2525 2949 2602 3012 Et
2643 2945 2742 3014 sic

200 3031 451 3101 sactum
488 3046 611 3103 est.
654 3032 776 3101 Sed
818 3033 910 3101 rei
945 3033 1192 3101 veritas
1218 3046 1283 3102 et
1315 3034 1726 3103 subsecutae
1752 3034 2053 3103 veritatis
2079 3033 2338 3101 indicia
2372 3055 2523 3103 vera
2551 3056 2739 3105 corn-

200 3122 664 3210 probaverunt
710 3142 859 3192 esse
908 3122 1105 3189 verba
1151 3121 1544 3192 sacerdotis.
1584 3128 1748 3191 Nam
1779 3135 1854 3191 ut
1883 3135 2312 3192 recesserunt
2359 3122 2446 3191 ab
2476 3143 2555 3191 eo
2586 3144 2740 3190 coe-

198 3210 295 3364 pit
342 3211 743 3301 arreptitius
794 3210 905 3278 ille
958 3210 1175 3279 multo
1224 3212 1520 3296 nequius
1556 3210 1844 3280 stridere
1891 3225 1956 3279 et
2003 3211 2251 3291 furere,
2297 3233 2507 3297 quam
2545 3212 2741 3301 prius

221 3299 488 3368 ecisset.
540 3304 612 3367 In
664 3300 1041 3367 crastinum
1094 3313 1322 3368 autem
1375 3300 1578 3368 homo
1629 3300 1742 3368 Dei
1793 3322 2106 3369 reversus
2137 3314 2236 3369 est
2285 3300 2370 3368 ad
2433 3321 2620 3377 eum,
2678 3314 2743 3369 et

130 3412 141 3421 ·
200 3387 264 3454 in
328 3400 705 3477 conspectu
767 3388 1170 3456 innumerae
1261 3387 1454 3466 lebis,
1493 3389 1694 3475 quasi
1756 3388 1837 3456 ad
1892 3388 2366 3479 spectaculum
2419 3388 2736 3467 astantiS,

201 3498 411 3545 sanus
463 3499 582 3565 per
634 3475 744 3544 Dei
794 3477 1084 3566 gratiam
1128 3411 1437 3546 redditus
1462 3490 1561 3545 est
1587 3500 1811 3567 aeger,
1851 3491 1915 3546 et
1943 3477 2027 3545 ad
2061 3477 2346 3546 domurn
2384 3478 2738 3567 propriam

200 3570 358 3633 curn
410 3564 601 3634 omni
652 3588 896 3634 sensus
949 3565 1335 3655 integritate
1376 3588 1711 3636 reversus.
2054 3617 2060 3621 -

285 3656 320 3740 ξ
368 3658 535 3725 39.
589 3659 728 3723 Non
781 3665 882 3722 est
929 3667 1158 3723 autem
1195 3656 1794 3743 praetereundum,
1825 3677 2040 3741 quare
2088 3667 2369 3723 vocatus
2418 3654 2623 3721 fuerit
2654 3653 2741 3722 ad

202 3742 715 3841 suscipiendam
767 3743 1330 3832 Antuerpiensem
1380 3743 1778 3812 Ecclesiam.
1821 3749 1933 3815 Est
1982 3743 2350 3833 Antuerpia
2400 3741 2741 3832 oppidum

201 3831 714 3920 amplissimum
766 3845 830 3901 et
884 3831 1325 3921 populosum,
1364 3833 1430 3899 in
1483 3855 1619 3918 quo
1667 3855 1855 3902 unus
1894 3844 2037 3901 erat
2089 3844 2352 3900 tantum
2421 3830 2741 3900 sacerdos

200 3921 317 4004 qui
359 3941 598 3988 curam
654 3921 859 3989 totius
909 3920 1147 4010 populi
1213 3921 1468 4005 ibidem
1519 3923 2012 3991 commorantis
2060 3918 2358 4010 gerebat.
2402 3919 2524 3989 Sed
2583 3941 2741 4008 prae

202 4008 418 4076 nimia
458 4009 902 4078 multitudine
950 4022 1014 4078 et
1062 4010 1399 4097 frequenti
1444 4010 1861 4098 negligentia
1913 4033 2044 4079 non
2093 4021 2392 4098 poterat:
2441 4032 2563 4077 nec
2594 4031 2742 4075 cre-

203 4095 492 4165 debatur
537 4098 600 4165 ei
648 4098 830 4183 quod
880 4110 943 4167 et
985 4100 1130 4187 ipse
1178 4099 1378 4185 quasi
1423 4099 1487 4167 in
1519 4100 1866 4188 conjugio,
1919 4113 2187 4188 neptem
2218 4120 2414 4167 suam
2444 4098 2513 4165 in
2548 4097 2741 4166 tertio

203 4185 421 4272 gradu
475 4186 829 4256 manifeste
864 4187 1116 4255 sociam
1157 4187 1264 4256 sui
1307 4187 1583 4257 sceleris
1616 4187 1917 4257 haberet.
1966 4193 2155 4256 Hanc
2190 4188 2275 4255 ob
2307 4209 2587 4256 causam
2622 4209 2741 4274 po-

206 4274 408 4360 pulus
473 4275 609 4355 ille,
644 4277 845 4361 quasi
905 4298 1067 4365 grex
1116 4277 1375 4362 absque
1426 4287 1720 4365 pastore,
1782 4297 1898 4365 per
1959 4278 2209 4347 multos
2258 4298 2568 4343 errorum
2621 4297 2740 4342 an-

204 4360 459 4460 fractus
506 4364 843 4433 deviabat.
879 4364 1068 4433 Unde
1115 4365 1425 4455 contigit,
1481 4378 1556 4434 ut
1602 4365 1989 4435 haereticus
2019 4365 2301 4451 quidam
2335 4366 2549 4432 mirae
2578 4365 2743 4431 sub-

207 4448 469 4523 tilitatis
515 4466 579 4523 et
629 4452 991 4535 seductor,
1062 4454 1522 4526 'tanchelinus
1558 4454 1897 4534 nomine,
1966 4454 2129 4523 illuc
2181 4452 2597 4530 adveniens,
2669 4452 2739 4518 in
