3357 4995
257 313 293 377 J
306 309 483 377 UNII
533 309 615 373 ⁴7
1107 326 1189 372 nr.
1233 325 1290 372 s.
1342 324 1530 373 ntro
1579 323 1976 374 rnnsnv‘rssno
2599 312 2727 377 447

259 409 555 478 miratur
598 407 755 494 quis
785 406 885 476 vel
924 417 1115 476 muto
1170 402 1559 475 reformarit
1607 428 1878 488 vocem,
1934 405 2037 477 vel
2087 407 2509 498 importunis
2553 408 2812 479 clamo-

258 498 456 567 ribus
491 497 719 586 ipsum
770 495 954 566 ausit
1003 494 1377 586 appellare,
1434 494 1534 565 vel
1597 496 1793 586 prius
1854 495 2253 587 incognitus
2300 518 2379 567 eo
2435 497 2811 569 advenerit.

261 592 446 657 Haec
494 599 721 655 autem
772 584 892 654 illo
941 585 1118 654 inter
1164 583 1492 654 arborum
1527 584 1819 655 umbras
1849 585 2214 675 cogitante,
2260 585 2495 656 lumen
2538 586 2820 657 obvium

262 675 715 766 conspicitur,
791 673 1364 761 adventantisque
1438 672 1673 746 vultus
1746 674 2167 775 exploratur.
2220 679 2589 762 Postquam
2658 697 2821 767 ergo

267 764 593 856 prodente
626 763 892 833 lumine
933 762 1209 833 fratrem
1247 762 1665 833 incolumem
1703 762 1897 844 vidit,
1948 763 2154 833 irruit
2206 762 2276 832 in
2327 763 2587 834 collum
2635 764 2812 855 ejuS,

262 874 557 940 eumque
603 852 1073 942 complexans,
1165 851 1375 922 audia
1425 847 1753 941 laci-ymis
1816 852 2224 943 permiscet,
2279 852 2676 924 sciscitatur
2737 852 2823 923 de

260 941 553 1025 medicO,
590 940 863 1010 virtutis
899 941 1034 1010 vim
1073 940 1119 1009 il
1153 962 1193 1009 o
1245 952 1569 1009 narrante
1614 941 1993 1031 cognoscit.

346 1033 385 1118 ξ
429 1037 506 1104 ⁸2.
562 1030 715 1100 Sole
747 1041 917 1111 orto,
957 1030 1163 1099 ambo
1215 1029 1469 1119 pariter
1517 1044 1893 1120 properant
1939 1030 2026 1100 ad
2057 1030 2417 1101 hominem
2453 1031 2567 1101 Dei
2600 1055 2614 1100 :
2654 1053 2814 1121 pro-

259 1121 477 1200 strati,
532 1120 846 1210 ingentes
908 1129 1127 1209 agunt
1188 1118 1470 1209 gratias,
1547 1119 1885 1210 grandem
1950 1141 2072 1209 pro
2122 1119 2214 1188 im
2272 1131 2488 1189 etrata
2530 1120 2822 1191 sanitate

259 1229 549 1299 porcum
584 1209 882 1278 offerunt
911 1206 1273 1278 sacerdoti.
1315 1207 1443 1278 Sed
1493 1229 1656 1277 cum
1707 1207 1823 1278 ille
1857 1228 2133 1278 omnem
2166 1208 2226 1277 si
2279 1208 2302 1277 i
2342 1209 2574 1278 carnis
2621 1230 2817 1281 esum

261 1298 540 1388 penitus
572 1296 1060 1376 interdixisset,
1131 1295 1354 1367 noluit
1415 1297 1774 1387 accipere,
1834 1297 2037 1387 jubet
2089 1317 2215 1366 suo
2278 1295 2470 1388 gregi
2530 1319 2818 1387 porcum

262 1386 555 1465 restitui,
608 1387 942 1466 obsecrat,
998 1408 1084 1455 ne
1134 1385 1234 1454 vel
1286 1387 1545 1476 ipsum,
1582 1383 1684 1454 vel
1734 1384 1993 1467 locum,
2046 1397 2167 1455 aut
2208 1407 2352 1454 rem
2397 1399 2657 1476 gestam
2693 1385 2820 1455 ulli

262 1475 583 1545 revelent.
640 1474 767 1545 Sed
828 1474 1038 1544 celari
1095 1473 1219 1544 diu
1287 1496 1423 1544 non
1476 1474 1721 1562 potuit,
1774 1472 1959 1562 quod
2017 1473 2332 1545 coelestis
2381 1475 2599 1545 virtus
2670 1475 2821 1565 ipso

262 1564 552 1634 Domino
573 1565 859 1652 jubente
886 1563 1239 1654 prodebat.
1264 1562 1761 1654 Digrediuntur
1794 1562 1957 1632 inde
1988 1584 2030 1632 a
2066 1563 2213 1633 viro
2254 1563 2393 1643 Dei,
2448 1576 2822 1652 mutusque

260 1653 344 1722 ad
398 1665 720 1744 paternas
753 1653 957 1722 aedes
994 1653 1143 1743 jam
1177 1652 1352 1721 bene
1406 1651 1661 1722 vocalis
1720 1651 2116 1722 remittitur:
2168 1652 2291 1740 qui
2346 1653 2471 1724 ubi
2531 1652 2823 1724 festinus

259 1754 586 1833 paternae
615 1741 865 1812 domus
904 1742 1114 1810 limen
1152 1741 1463 1821 excessit,
1519 1741 1591 1810 in
1625 1740 1852 1810 medio
1887 1753 2101 1823 stans,
2150 1740 2218 1809 in
2270 1741 2397 1812 has
2433 1742 2824 1832 prorumpit

262 1853 507 1901 voces:
553 1836 649 1900 En
746 1831 969 1901 enitor
1000 1831 1282 1922 optime,
1338 1842 1542 1900 natus
1591 1841 1753 1900 tuus
1820 1829 2074 1899 multos
2130 1828 2401 1899 dudum
2451 1830 2824 1901 damnatus

262 1941 384 2010 per
422 1942 666 2000 annos,
771 1918 926 1989 odie
952 1931 1015 1988 te
1058 1941 1232 1989 nova
1261 1917 1508 1989 salutis
1559 1939 1718 1988 voce
1742 1917 2137 2008 compellat,
2171 1930 2236 1989 et
2264 1919 2540 1989 coelesti
2574 1919 2821 1990 virtute

261 2009 484 2079 soluta
518 2008 855 2098 linguate
905 2008 1342 2100 pronunciat.
1390 2008 1662 2098 Surgite
1707 2030 1784 2078 er
1831 2029 1872 2076 o
1922 2007 2082 2077 laeti
2126 2019 2193 2078 et
2239 2007 2525 2089 alacreS,
2579 2022 2645 2078 et
2673 2032 2813 2079 una

263 2119 536 2167 mecum
573 2097 782 2167 simul
823 2119 1067 2169 omnes
1114 2098 1295 2167 abite
1333 2096 1421 2166 ad
1470 2096 1723 2187 sylvas,
1831 2096 2093 2166 ivinum
2144 2095 2492 2166 medicum
2536 2120 2820 2168 venera-

261 2187 424 2267 turi,
459 2199 524 2255 et
554 2199 790 2259 sancto
814 2187 1003 2256 Avito
1033 2209 1154 2276 pro
1182 2187 1448 2257 reddita
1481 2185 1655 2255 mihi
1690 2207 1847 2255 voce
1872 2185 2130 2276 gratias
2158 2185 2379 2255 acturi
2412 2186 2483 2253 in
2520 2185 2811 2256 deserto.

262 2279 456 2343 Pater
487 2297 649 2365 ergo
689 2288 767 2345 ut
794 2275 1058 2345 audivit
1082 2275 1307 2346 fllium
1342 2297 1483 2345 rem
1520 2286 1787 2365 gestam
1828 2273 2072 2344 ordine
2117 2273 2605 2365 explicantem,
2648 2297 2821 2364 pau-

263 2361 487 2433 lulum
530 2364 883 2435 substitit:
946 2363 1108 2434 inde
1157 2365 1225 2433 in
1270 2363 1526 2434 collum
1579 2363 1707 2433 filii
1759 2364 2208 2444 incumbens,
2265 2361 2578 2432 membra
2626 2385 2817 2433 com-

262 2450 604 2543 plectitur,
641 2464 706 2523 et
737 2453 976 2526 multis
1009 2453 1187 2524 inter
1209 2453 1465 2543 gaudia
1503 2452 1832 2553 lacrymis
1870 2465 2080 2543 caput
2106 2452 2259 2543 ejus
2292 2451 2820 2543 rigat.Occurrit

259 2542 465 2611 etiam
496 2554 713 2612 mater
759 2564 896 2612 non
932 2543 1164 2612 minus
1197 2542 1464 2622 hilaris,
1496 2563 1790 2631 cuplens
1837 2541 2066 2612 fllium
2099 2540 2343 2611 audire
2394 2541 2812 2629 loquentem.

256 2635 406 2700 Mox
436 2630 506 2700 in
540 2632 802 2702 vicinos
837 2632 934 2701 rei
967 2643 1197 2722 gestae
1230 2630 1414 2701 fama
1460 2630 1903 2712 diffunditur,
1950 2643 2017 2700 et
2053 2629 2287 2702 Avitus
2325 2630 2589 2717 ubique
2638 2630 2817 2700 cele-

255 2720 521 2790 bratur.
563 2720 879 2809 Undique
916 2720 1140 2790 devoti
1194 2720 1560 2791 confluunt
1601 2718 1865 2810 populi,
1925 2731 2254 2806 arctaque
2309 2717 2699 2789 destructos
2732 2720 2819 2789 ad

255 2820 573 2880 sanctum
641 2809 885 2878 semita
964 2809 1155 2879 ducit
1202 2809 1562 2901 tugurium
1630 2808 2053 2879 sacerdotis:
2109 2808 2595 2898 languentium
2659 2830 2821 2878 eum

256 2900 460 2968 turba
506 2898 700 2999 cupit
746 2898 1078 2988 attingere
1110 2954 1125 2980 ,
1179 2899 1521 2969 immensa
1570 2897 1846 2968 miseris
1893 2898 1980 2967 sti
2033 2909 2190 2968 atur
2251 2896 2444 2986 sylva
2495 2898 2814 2968 catervis.

256 2988 524 3057 Versari
559 2987 826 3057 videtur
872 2988 940 3055 in
984 2987 1162 3067 foro,
1215 2989 1337 3074 qui
1400 2987 1595 3077 prius
1643 2986 1923 3057 abditus
2019 2986 2412 3057 elitescebat
2452 2985 2524 3054 in
2576 2985 2820 3057 solitu-

254 3075 438 3144 dine.
488 3077 763 3146 Morbus
796 3077 1025 3145 omnis
1071 3076 1486 3167 depellitur,
1542 3074 1912 3166 languores
1970 3097 2212 3147 omnes
2266 3086 2626 3157 curantur,
2689 3075 2816 3145 tol-

254 3162 498 3235 luntur
548 3164 619 3233 in
669 3165 938 3235 coelum
976 3187 1173 3235 voces
1226 3171 1439 3236 Deum
1505 3164 1979 3248 laudantium,
2040 3176 2106 3234 et
2153 3166 2412 3255 gratias
2460 3163 2818 3254 agentium

254 3263 458 3340 atque
505 3253 910 3331 dicentium,
978 3254 1384 3325 Benedictus
1435 3254 1558 3342 qui
1616 3253 1800 3324 venit
1839 3254 1909 3322 in
1961 3253 2243 3323 nomine
2291 3252 2590 3332 Domini,
2638 3257 2819 3343 Deus

258 3343 595 3412 Dominus
635 3353 701 3412 et
738 3342 964 3413 illuxit
1006 3343 1206 3415 nobis
1262 3366 1384 3434 per
1422 3355 1742 3414 sanctum
1792 3342 2090 3412 Avitum.
2131 3342 2259 3413 Sed
2309 3364 2469 3411 cum
2531 3342 2637 3411 vir
2698 3342 2817 3411 Dei

251 3430 596 3503 immensa
643 3431 886 3523 populi
918 3432 1363 3503 multitudine
1412 3443 1875 3522 premeretur,
1929 3430 2145 3502 voluit
2195 3430 2557 3502 nocturnis
2619 3430 2814 3500 horis

253 3518 434 3592 clam
470 3520 555 3589 ad
592 3518 741 3591 loca
789 3520 1164 3592 occultiora
1213 3543 1283 3592 se
1326 3520 1739 3592 transferre:
1798 3520 1917 3592 sed
1968 3532 2107 3590 tam
2165 3518 2405 3642 populi
2457 3519 2806 3610 precibus,

250 3630 460 3697 quam
520 3609 926 3682 Praesulum
991 3611 1395 3682 auctoritate
1425 3666 1441 3690 ,
1494 3610 1605 3680 vix
1653 3609 1933 3680 tandem
1997 3620 2220 3699 potult
2285 3608 2589 3678 retineri.
2644 3612 2814 3678 Con-

254 3698 503 3769 struxit
534 3710 761 3769 autem
795 3721 873 3769 eo
913 3699 984 3768 in
1021 3698 1171 3769 loco
1226 3700 1500 3791 insigne
1551 3698 2093 3801 monasterium,
2166 3699 2238 3768 in
2298 3718 2436 3785 quo
2496 3696 2570 3765 in
2621 3697 2810 3767 hunc

253 3808 474 3873 usque
522 3787 707 3858 diem
741 3789 1129 3878 priscorum
1179 3800 1455 3880 patrum
1513 3788 1709 3859 Pauli
1756 3800 1824 3858 et
1877 3786 2150 3858 Antonii
2204 3786 2522 3858 instituta
2568 3786 2813 3856 incon-

257 3875 452 3945 vulsa
483 3890 865 3948 servantur.

343 3966 379 4050 ξ
425 3969 505 4037 S.
575 3971 701 4036 Per
746 3967 813 4036 id
848 3979 1125 4057 tempus
1164 3967 1268 4036 vir
1301 3967 1417 4035 Dei
1448 3966 1793 4037 Aureliam
1830 3964 2425 4056 proficiscebatur,
2479 3963 2813 4036 liberatu-

256 4072 376 4119 rus
424 4054 733 4138 miseros,
769 4057 890 4144 qui
938 4056 1013 4125 in
1053 4054 1424 4145 ergastulis
1470 4055 1683 4126 vincti
1734 4055 2167 4126 tenebantur.
2221 4052 2420 4123 Venit
2465 4065 2700 4123 autem
2743 4052 2808 4121 ei

254 4139 524 4210 obviam
559 4144 899 4215 immensa
955 4146 1160 4217 turba
1207 4145 1737 4237 languentium:
1802 4165 1842 4214 e
1886 4142 2148 4232 quibus
2194 4163 2384 4213 unus
2433 4140 2808 4232 parvulum

254 4227 481 4299 filium
529 4253 569 4301 a
630 4234 982 4305 nativitate
1028 4256 1312 4305 caecum
1360 4235 1448 4305 ad
1496 4234 1647 4305 e'us
1698 4232 1907 4325 pedes
1954 4232 2298 4328 deposuit,
2362 4252 2572 4302 orans
2616 4242 2697 4301 ut
2747 4228 2810 4297 ei

253 4316 492 4418 lumen
542 4323 873 4394 restituat.
919 4328 1241 4415 Jungunt
1278 4346 1438 4394 cum
1482 4256 1603 4394 illo
1633 4344 1872 4414 preces
1905 4344 2071 4395 suas
2109 4319 2322 4394 simul
2357 4319 2688 4399 universi,
2724 4338 2811 4385 ne

253 4419 472 4499 poss1t
520 4421 710 4500 pater
758 4413 956 4503 pueri
1007 4423 1157 4484 voto
1202 4412 1520 4485 frustrari
1564 4435 1717 4484 suo.
1767 4417 2011 4502 ltaque
2071 4420 2357 4484 sanctus
2402 4408 2637 4479 Avitus
2671 4417 2810 4476 tam
