3357 4995
653 335 782 399 450
1402 350 1481 394 nn
1530 349 1585 395 s.
1639 348 1826 395 Aviro
1875 345 2267 394 Passuri-1330
2755 330 2794 393 J
2805 329 2976 394 UNII
3029 331 3108 395 17

565 436 890 528 precibus
918 436 1123 503 etiam
1175 433 1518 522 lacrymas
1566 433 2045 522 adjungerent.
2082 429 2428 500 Accedunt
2470 430 2556 498 ad
2605 430 2818 501 funus
2855 434 3114 502 summi

564 524 970 599 sacerdotes,
1020 533 1085 592 et
1120 545 1277 592 cum
1331 535 1622 591 tremore
1662 543 1918 611 corpus
1949 541 2222 590 sacrum
2261 530 2719 602 attrectantes,
2776 543 3110 611 magnum

562 613 1014 701 reliquiarum
1066 634 1325 681 munus
1374 611 1737 680 conferunt
1785 609 2318 700 postulantibus.
2376 607 2631 678 Deinde
2665 609 3112 699 proficiscen-

565 714 687 783 tes,
730 723 982 792 corpus
1032 701 1101 769 in
1153 699 1452 770 sublime
1481 699 1732 769 tollunt
1780 697 2187 778 sacerdoteS,
2240 710 2304 766 et
2335 697 2607 767 urbana
2655 721 2905 768 manus
2945 699 3116 769 fere-

566 803 668 862 tro
718 790 1034 880 protinus
1067 789 1328 858 nobilia
1357 788 1534 857 colla
1567 789 1917 879 supponit:
1949 787 2281 944 gaudent,
2327 786 2448 873 qui
2498 800 2788 877 possunt
2836 810 3112 859 sacrum

564 881 795 952 contin
847 901 959 949 ere
1021 878 1066 946 li
1123 900 1315 946 num.
1373 878 1899 947 Sanctissimum
1981 897 2163 945 unus
2205 874 2474 944 hostilis
2526 876 2724 945 turba
2789 877 3115 964 cominus

564 982 798 1040 antece
851 970 946 1048 it,
1000 989 1086 1037 ur
1135 988 1382 1056 emque
1440 979 1740 1056 petentes
1790 965 2052 1055 populi,
2121 965 2473 1033 condenso
2533 963 2703 1054 pede
2765 965 3108 1036 feruntur.

567 1064 888 1128 Cerneres
920 1057 1065 1125 illic
1113 1057 1328 1124 cereis
1368 1055 1775 1124 ardentibus
1810 1053 2069 1123 ruralia
2115 1075 2276 1122 arva
2321 1054 2521 1140 quasi
2575 1054 2870 1124 candere
2918 1056 3117 1124 flam-

568 1148 724 1228 miS,
769 1159 833 1216 et
880 1145 1193 1215 millibus
1241 1143 1480 1213 multis
1533 1144 1782 1233 stipata
1831 1145 2122 1222 caterva,
2176 1143 2324 1232 jam
2377 1142 2601 1231 prima
2654 1143 2894 1232 populi
2946 1167 3107 1234 pars

566 1258 793 1306 arcem
824 1235 1223 1324 attingebat,
1277 1254 1436 1302 cum
1490 1232 1688 1302 multi
1745 1232 2040 1301 necdum
2097 1253 2135 1300 e
2183 1231 2488 1300 Dunensi
2536 1232 2817 1302 castello
2867 1233 3112 1322 pedem

567 1324 991 1395 extulissent.
1047 1322 1214 1405 Quis
1287 1342 1441 1390 vero
1513 1322 1859 1410 ingentem
1920 1320 2123 1389 illurn
2187 1318 2604 1389 clericorum
2668 1321 3112 1410 psallentium

567 1414 882 1494 chorum,
921 1413 1042 1498 qui
1081 1434 1161 1480 ex
1210 1409 1453 1479 vicinis
1488 1410 1784 1480 urbibus
1816 1409 2045 1479 studio
2094 1408 2448 1499 religionis
2491 1408 2576 1476 ad
2611 1410 2797 1479 Avito
2850 1411 3111 1500 persol-
3196 1447 3201 1452 ·

568 1501 790 1571 venda
837 1501 1063 1571 officia
1096 1499 1356 1569 alacres
1404 1511 1898 1576 convenerant,
1953 1497 2295 1588 explicare
2342 1501 2607 1582 queat?
2651 1521 2946 1586 quorum
2998 1522 3111 1568 ar-

567 1591 738 1661 dens
784 1603 848 1660 et
882 1591 1143 1680 ignitus
1173 1587 1455 1669 clamor,
1490 1589 1706 1656 instar
1738 1587 2049 1657 coelestis
2079 1586 2363 1655 tonitrui
2405 1586 2753 1656 sidereum
2790 1588 3115 1677 pulsabat

566 1680 962 1770 Olympum.
996 1683 1130 1746 Vox
1158 1689 1302 1745 erat
1329 1699 1471 1745 una
1500 1677 1816 1746 omnium
1843 1675 2294 1744 clamantium
2329 1686 2394 1743 et
2438 1674 2841 1744 dicentium:
2880 1676 3110 1745 Gloria
3162 1683 3168 1688 ’

567 1769 642 1837 in
684 1768 970 1838 excelsis
1020 1771 1173 1846 De0,
1208 1765 1370 1834 etin
1420 1777 1598 1834 terra
1624 1764 2149 1835 Aurelianorum
2200 1776 2527 1854 perpetua
2555 1765 2686 1833 sub
2734 1766 2921 1834 Avito
2958 1787 3110 1856 pax.

569 1861 782 1943 Atque
831 1857 879 1924 ii
930 1856 1034 1924 vix
1092 1855 1372 1924 tandem
1424 1854 1639 1923 densa
1720 1853 2132 1944 populorum
2184 1853 2465 1943 agmina
2542 1869 3064 1952 perrumpentes
3095 1911 3110 1936 ,

569 1968 846 2015 sacrum
897 1966 1149 2034 corpus
1202 1943 1550 2033 perferunt
1622 1942 1711 2012 ad
1778 1942 2225 2031 sepulcrum:
2285 1953 2488 2028 atque
2538 1964 2606 2010 1n
2657 1942 2806 2012 loco
2877 1955 3116 2012 sancto

571 2046 846 2104 centum
898 2034 984 2102 ab
1040 2032 1212 2102 urbe
1286 2033 1607 2122 passibus
1659 2031 1974 2122 religiose
2022 2044 2085 2100 et
2150 2051 2310 2100 cum
2387 2052 2664 2099 summa
2738 2033 3114 2101 reverentia

571 2123 807 2224 magni
848 2121 1208 2212 pontifices
1241 2120 1591 2190 tumulant
1650 2119 2102 2189 defensorem.
2149 2118 2418 2188 Titulus
2465 2119 2746 2205 quidem
2797 2142 2877 2189 ex
2926 2121 3116 2190 vilis-

571 2211 730 2281 simi
768 2210 932 2301 ligni
970 2211 1252 2279 materia
1299 2208 1403 2278 illi
1452 2209 1717 2299 positus
1765 2221 1888 2290 est,
1927 2209 2044 2278 sed
2097 2207 2406 2277 membra
2464 2209 2737 2278 interim
2774 2221 2957 2279 totus
3009 2233 3114 2278 ve-

490 2313 495 2318 ’
572 2301 945 2369 nerabatur
991 2299 1200 2368 orbiS.

657 2392 886 2475 §121
974 2394 1064 2456 Ea
1131 2397 1526 2477 tempestate
1593 2407 1708 2455 rex
1783 2386 2278 2467 ChildebertuS,
2332 2386 2468 2456 incl
2527 2399 2635 2455 tus
2695 2392 3109 2457 Francorum

622 2478 918 2568 rincepS,
973 2489 1367 2566 comparato
1416 2474 1718 2545 exercitu
1766 2476 2137 2566 Hispanias
2185 2496 2310 2545 suo
2358 2475 2442 2545 ad
2498 2497 2608 2546 ere
2656 2477 2949 2568 imperio
2996 2500 3112 2546 vo-

596 2568 773 2637 ebat.
812 2567 1057 2637 Audita
1105 2589 1260 2635 vero
1292 2566 1458 2634 tanti
1487 2565 1615 2633 viri
1666 2564 1871 2643 fama:
1925 2576 1987 2633 et
2020 2565 2203 2651 quod
2233 2564 2630 2653 sepulcrum
2680 2567 2831 2655 ejus
2879 2566 3112 2657 exigui

571 2658 862 2746 parietes
919 2655 1273 2734 vallarent,
1335 2653 1609 2723 coelesti
1659 2654 1803 2744 regi
1854 2665 2085 2722 votum
2131 2654 2397 2743 integra
2435 2654 2791 2724 devotione
2843 2676 3115 2723 nuncu-

569 2746 776 2836 pavit,
832 2744 890 2813 si
943 2743 1312 2813 incolumis
1343 2743 1413 2811 in
1449 2764 1741 2833 regnum
1778 2763 1980 2812 suum
2032 2742 2252 2811 sancti
2285 2743 2455 2812 Aviti
2492 2744 2976 2813 intercessione
3008 2765 3115 2811 re-

571 2845 969 2913 verteretur,
1025 2831 1526 2921 amplissimam
1581 2853 1650 2901 se
1710 2853 1918 2922 super
1964 2832 2114 2921 ejus
2165 2844 2692 2901 monumentum
2754 2831 3111 2900 basilicam

570 2923 1043 2993 conditurum.
1099 2926 1333 3007 Itaque
1368 2920 1436 2988 in
1488 2920 1731 2988 itinere
1771 2920 1988 2989 multa
2016 2919 2297 3007 quidem
2333 2921 2419 2989 ab
2468 2920 2777 2990 hostibus
2826 2940 3110 3009 perpes-

569 3034 690 3080 sus
735 3022 858 3091 est,
914 3010 1027 3080 sed
1080 3009 1347 3095 quoties
1393 3009 1455 3077 ei
1491 3020 1790 3077 structae
1816 3021 2044 3078 essent
2091 3009 2407 3090 insidiae,
2456 3010 2652 3079 toties
2697 3007 2912 3077 sancti
2940 3007 3116 3076 Aviti

571 3100 1059 3170 intercessione
1088 3098 1173 3167 ab
1208 3098 1772 3188 impendentibus
1826 3097 2154 3187 periculis
2210 3097 2541 3168 liberatus
2590 3109 2724 3168 est:
2771 3109 2974 3183 atque
3022 3096 3120 3165 ita

578 3210 816 3278 sospes
864 3199 928 3256 et
1000 3187 1440 3277 triumphans
1506 3186 1709 3255 rediit
1757 3186 1827 3255 in
1894 3208 2183 3277 regnum
2236 3209 2467 3256 suum.
2522 3192 2692 3256 Tum
2742 3207 2898 3255 vero
2948 3185 3120 3254 insi-

575 3298 780 3367 gnem
832 3275 1094 3355 aedem,
1148 3288 1225 3344 ut
1270 3288 1413 3344 erat
1464 3274 1845 3365 pollicituS,
1901 3276 1970 3343 in
2022 3275 2167 3346 loco
2217 3275 2615 3365 supradicto
2663 3274 3115 3344 extruendam

574 3365 860 3445 curavit,
915 3386 1086 3434 usus
1133 3364 1218 3432 ad
1275 3386 1426 3433 eam
1482 3364 1947 3433 exornandam
1999 3363 2273 3434 solertia
2321 3363 2718 3445 WaddoniS,
2772 3364 2988 3433 unius
3040 3384 3119 3431 ex

624 3454 977 3524 roceribus
1042 3453 1211 3523 suiS.
1282 3454 1493 3541 Cujus
1542 3453 1769 3543 operis
1835 3453 2148 3522 mercede
2194 3474 2352 3522 eum
2421 3452 2771 3521 credimus
2831 3451 3121 3521 minime

601 3556 1003 3613 rustratum.
1045 3542 1194 3611 Illic
1242 3542 1429 3610 enirn
1489 3541 1792 3612 assiduis
1842 3541 2199 3611 miraculis
2270 3541 2600 3627 virtutum
2652 3553 2842 3641 gesta
2908 3540 3120 3610 clare-

574 3646 797 3701 scunt.
853 3631 1077 3701 Clausi
1119 3642 1478 3721 patescunt
1511 3630 1718 3711 oculi,
1772 3629 2106 3700 debilium
2163 3631 2471 3701 membra
2525 3631 2754 3700 subito
2808 3629 3122 3699 convale-

572 3733 796 3803 scunt,
836 3734 1072 3791 mutus
1103 3742 1335 3790 vocem
1386 3719 1651 3810 recipit,
1707 3718 1964 3789 surdus
1993 3719 2334 3791 auditum.
2379 3723 2587 3788 Datur
2623 3719 2894 3809 regioni
2928 3717 3116 3788 salus

570 3810 858 3901 integra,
912 3823 979 3879 et
1024 3832 1144 3901 per
1214 3809 1526 3878 omnium
1577 3807 2014 3879 infirmitates
2060 3808 2253 3877 velox
2329 3806 2678 3876 medicina
2753 3805 3116 3897 percurrit.

571 3899 686 3969 Vir
733 3911 1014 3969 sanctus
1060 3898 1508 3989 conjungitur
1554 3898 1860 3977 Anian0,
1921 3910 1985 3967 et
2031 3898 2201 3968 urbs
2260 3895 2787 3967 Aurelianorum
2840 3896 3122 3965 illorum

573 3988 1035 4079 circumsepta
1056 3987 1447 4067 virtutibus,
1495 3997 1805 4056 servatur
1833 3987 1903 4055 in
1940 3986 2190 4055 medio:
2229 4006 2528 4073 quorum
2570 3985 2957 4077 patrocinio
3000 4004 3125 4052 nos

568 4076 803 4146 divina
850 4077 1143 4148 Trinitas
1190 4075 1536 4146 custodire
1584 4087 1648 4145 et
1705 4097 2107 4145 conservare
2169 4074 2519 4165 dignetur:
2573 4075 2686 4145 cui
2740 4085 2843 4143 est
2905 4073 3127 4143 honor

571 4178 638 4236 et
667 4167 884 4239 virtus
916 4179 981 4237 et
1012 4176 1309 4257 potestas
1359 4165 1426 4233 in
1470 4164 1707 4235 secula
1756 4164 2174 4245 seculorum,
2214 4168 2450 4233 Amen.
