<?xml version="1.0" encoding="UTF-8"?>
<!DOCTYPE html PUBLIC "-//W3C//DTD XHTML 1.0 Transitional//EN"
    "http://www.w3.org/TR/xhtml1/DTD/xhtml1-transitional.dtd">
<html xmlns="http://www.w3.org/1999/xhtml" xml:lang="en" lang="en">
 <head>
  <title>
</title>
<meta http-equiv="Content-Type" content="text/html;charset=utf-8" />
  <meta name='ocr-system' content='tesseract 3.04.00' />
  <meta name='ocr-capabilities' content='ocr_page ocr_carea ocr_par ocr_line ocrx_word'/>
</head>
<body>
  <div class='ocr_page' id='page_1' title='image "./historiaeseuvit02lippgoog_0236.png"; bbox 0 0 3357 4995; ppageno 0'>
   <div class='ocr_carea' id='block_1_1' title="bbox 606 277 3060 342">
    <p class='ocr_par' dir='ltr' id='par_1_1' title="bbox 606 277 3060 342">
     <span class='ocr_line' id='line_1_1' title="bbox 606 277 3060 342; baseline 0 0"><span class='ocrx_word' id='word_1_1' title='bbox 606 278 736 342; x_wconf 73' lang='lat'>220</span> <span class='ocrx_word' id='word_1_2' title='bbox 1228 294 1305 340; x_wconf 76' lang='lat' dir='ltr'>DE</span> <span class='ocrx_word' id='word_1_3' title='bbox 1354 295 1445 342; x_wconf 92' lang='lat' dir='ltr'>ss.</span> <span class='ocrx_word' id='word_1_4' title='bbox 1500 295 1612 340; x_wconf 75' lang='lat' dir='ltr'>mr.</span> <span class='ocrx_word' id='word_1_5' title='bbox 1670 293 1860 340; x_wconf 73' lang='lat' dir='ltr'>ramo</span> <span class='ocrx_word' id='word_1_6' title='bbox 1908 294 1983 339; x_wconf 77' lang='grc' dir='ltr'>ΕΤ</span> <span class='ocrx_word' id='word_1_7' title='bbox 2030 292 2361 341; x_wconf 66' lang='lat' dir='ltr'>ranclano</span> <span class='ocrx_word' id='word_1_8' title='bbox 2752 277 2969 342; x_wconf 83' lang='lat' dir='ltr'>JUNII</span> <span class='ocrx_word' id='word_1_9' title='bbox 3020 279 3060 342; x_wconf 85' lang='lat'>9</span> 
     </span>
    </p>
   </div>
   <div class='ocr_carea' id='block_1_2' title="bbox 514 378 3067 4463">
    <p class='ocr_par' dir='ltr' id='par_1_2' title="bbox 514 378 3066 3399">
     <span class='ocr_line' id='line_1_2' title="bbox 515 378 3060 468; baseline -0.001 -17"><span class='ocrx_word' id='word_1_10' title='bbox 515 382 789 452; x_wconf 86' lang='lat' dir='ltr'>fratrem</span> <span class='ocrx_word' id='word_1_11' title='bbox 844 401 1070 449; x_wconf 87' lang='lat' dir='ltr'>meum</span> <span class='ocrx_word' id='word_1_12' title='bbox 1140 379 1687 448; x_wconf 78' lang='lat' dir='ltr'>obsecundatum</span> <span class='ocrx_word' id='word_1_13' title='bbox 1746 399 1896 449; x_wconf 90' lang='lat' dir='ltr'>esse</span> <span class='ocrx_word' id='word_1_14' title='bbox 1946 379 2391 467; x_wconf 83' lang='lat' dir='ltr'>Imperatori,</span> <span class='ocrx_word' id='word_1_15' title='bbox 2446 378 2564 447; x_wconf 90' lang='lat' dir='ltr'>sed</span> <span class='ocrx_word' id='word_1_16' title='bbox 2636 379 2841 468; x_wconf 91' lang='lat' dir='ltr'>plane</span> <span class='ocrx_word' id='word_1_17' title='bbox 2907 400 3060 448; x_wconf 90' lang='lat' dir='ltr'>coe-</span> 
     </span>
     <span class='ocr_line' id='line_1_3' title="bbox 516 466 3061 556; baseline -0.001 -17"><span class='ocrx_word' id='word_1_18' title='bbox 516 471 692 550; x_wconf 87' lang='lat' dir='ltr'>lesti,</span> <span class='ocrx_word' id='word_1_19' title='bbox 750 491 880 538; x_wconf 93' lang='lat' dir='ltr'>non</span> <span class='ocrx_word' id='word_1_20' title='bbox 932 466 1333 536; x_wconf 91' lang='lat' dir='ltr'>hominibus</span> <span class='ocrx_word' id='word_1_21' title='bbox 1381 467 1799 548; x_wconf 79' lang='lat' dir='ltr'>vanissimiS‚</span> <span class='ocrx_word' id='word_1_22' title='bbox 1862 467 1983 553; x_wconf 89' lang='lat' dir='ltr'>qui</span> <span class='ocrx_word' id='word_1_23' title='bbox 2043 489 2233 556; x_wconf 90' lang='lat' dir='ltr'>spem</span> <span class='ocrx_word' id='word_1_24' title='bbox 2298 487 2491 536; x_wconf 90' lang='lat' dir='ltr'>suam</span> <span class='ocrx_word' id='word_1_25' title='bbox 2545 468 2615 535; x_wconf 91' lang='lat' dir='ltr'>in</span> <span class='ocrx_word' id='word_1_26' title='bbox 2668 473 2799 537; x_wconf 90' lang='lat' dir='ltr'>Deo</span> <span class='ocrx_word' id='word_1_27' title='bbox 2848 469 3061 554; x_wconf 33' lang='lat' dir='ltr'>coll-o-</span> 
     </span>
     <span class='ocr_line' id='line_1_4' title="bbox 515 554 3063 646; baseline -0.001 -18"><span class='ocrx_word' id='word_1_28' title='bbox 515 582 668 629; x_wconf 89' lang='lat' dir='ltr'>care</span> <span class='ocrx_word' id='word_1_29' title='bbox 723 558 1115 637; x_wconf 88' lang='lat' dir='ltr'>noluerunt,</span> <span class='ocrx_word' id='word_1_30' title='bbox 1169 570 1235 624; x_wconf 91' lang='lat' dir='ltr'>et</span> <span class='ocrx_word' id='word_1_31' title='bbox 1296 554 1449 625; x_wconf 90' lang='lat' dir='ltr'>ideo</span> <span class='ocrx_word' id='word_1_32' title='bbox 1498 557 1747 624; x_wconf 83' lang='lat' dir='ltr'>misere</span> <span class='ocrx_word' id='word_1_33' title='bbox 1797 556 2143 646; x_wconf 89' lang='lat' dir='ltr'>peribunt.</span> <span class='ocrx_word' id='word_1_34' title='bbox 2202 555 2431 645; x_wconf 86' lang='lat' dir='ltr'>Fingis</span> <span class='ocrx_word' id='word_1_35' title='bbox 2480 569 2710 625; x_wconf 89' lang='lat' dir='ltr'>autem</span> <span class='ocrx_word' id='word_1_36' title='bbox 2747 612 2761 637; x_wconf 96' lang='lat'><strong><em>‚</em></strong></span> <span class='ocrx_word' id='word_1_37' title='bbox 2817 570 2893 627; x_wconf 88' lang='lat' dir='ltr'>ut</span> <span class='ocrx_word' id='word_1_38' title='bbox 2951 579 3063 626; x_wconf 89' lang='lat' dir='ltr'>me</span> 
     </span>
     <span class='ocr_line' id='line_1_5' title="bbox 514 644 3061 738; baseline -0.001 -22"><span class='ocrx_word' id='word_1_39' title='bbox 514 648 737 738; x_wconf 89' lang='lat' dir='ltr'>possis</span> <span class='ocrx_word' id='word_1_40' title='bbox 769 659 1086 716; x_wconf 89' lang='lat' dir='ltr'>evertere.</span> <span class='ocrx_word' id='word_1_41' title='bbox 1143 650 1306 713; x_wconf 85' lang='lat' dir='ltr'>Nam</span> <span class='ocrx_word' id='word_1_42' title='bbox 1344 644 1752 726; x_wconf 79' lang='lat' dir='ltr'>FelicianuS‚</span> <span class='ocrx_word' id='word_1_43' title='bbox 1784 666 1988 731; x_wconf 90' lang='lat' dir='ltr'>quem</span> <span class='ocrx_word' id='word_1_44' title='bbox 2028 659 2101 714; x_wconf 90' lang='lat' dir='ltr'>tu</span> <span class='ocrx_word' id='word_1_45' title='bbox 2134 645 2564 724; x_wconf 84' lang='lat' dir='ltr'>excruciasti,</span> <span class='ocrx_word' id='word_1_46' title='bbox 2606 659 2670 713; x_wconf 90' lang='lat' dir='ltr'>et</span> <span class='ocrx_word' id='word_1_47' title='bbox 2703 668 2862 714; x_wconf 90' lang='lat' dir='ltr'>cum</span> <span class='ocrx_word' id='word_1_48' title='bbox 2899 667 3061 714; x_wconf 90' lang='lat' dir='ltr'>eum</span> 
     </span>
     <span class='ocr_line' id='line_1_6' title="bbox 516 733 3057 823; baseline -0.001 -18"><span class='ocrx_word' id='word_1_49' title='bbox 516 738 782 805; x_wconf 90' lang='lat' dir='ltr'>flectere</span> <span class='ocrx_word' id='word_1_50' title='bbox 831 757 964 804; x_wconf 91' lang='lat' dir='ltr'>non</span> <span class='ocrx_word' id='word_1_51' title='bbox 1051 755 1261 812; x_wconf 81' lang='lat' dir='ltr'>osseS,</span> <span class='ocrx_word' id='word_1_52' title='bbox 1319 734 1384 800; x_wconf 91' lang='lat' dir='ltr'>in</span> <span class='ocrx_word' id='word_1_53' title='bbox 1438 754 1778 802; x_wconf 82' lang='lat' dir='ltr'>carcerem</span> <span class='ocrx_word' id='word_1_54' title='bbox 1822 733 2069 822; x_wconf 85' lang='lat' dir='ltr'>conjici</span> <span class='ocrx_word' id='word_1_55' title='bbox 2108 733 2401 812; x_wconf 87' lang='lat' dir='ltr'>voluisti,</span> <span class='ocrx_word' id='word_1_56' title='bbox 2452 733 2590 801; x_wconf 90' lang='lat' dir='ltr'>illic</span> <span class='ocrx_word' id='word_1_57' title='bbox 2643 756 2766 823; x_wconf 91' lang='lat' dir='ltr'>pro</span> <span class='ocrx_word' id='word_1_58' title='bbox 2815 736 3057 805; x_wconf 78' lang='lat' dir='ltr'>Christi</span> 
     </span>
     <span class='ocr_line' id='line_1_7' title="bbox 516 822 3064 911; baseline -0 -17"><span class='ocrx_word' id='word_1_59' title='bbox 516 825 795 895; x_wconf 89' lang='lat' dir='ltr'>nomine</span> <span class='ocrx_word' id='word_1_60' title='bbox 843 826 980 892; x_wconf 87' lang='lat' dir='ltr'>hau</span> <span class='ocrx_word' id='word_1_61' title='bbox 1079 845 1278 892; x_wconf 88' lang='lat' dir='ltr'>secus</span> <span class='ocrx_word' id='word_1_62' title='bbox 1333 836 1535 907; x_wconf 86' lang='lat' dir='ltr'>atque</span> <span class='ocrx_word' id='word_1_63' title='bbox 1593 823 1656 889; x_wconf 91' lang='lat' dir='ltr'>in</span> <span class='ocrx_word' id='word_1_64' title='bbox 1710 822 2028 910; x_wconf 82' lang='lat' dir='ltr'>paradiso</span> <span class='ocrx_word' id='word_1_65' title='bbox 2071 822 2383 892; x_wconf 86' lang='lat' dir='ltr'>laetatur.</span> <span class='ocrx_word' id='word_1_66' title='bbox 2446 827 2651 891; x_wconf 87' lang='lat' dir='ltr'>Porro</span> <span class='ocrx_word' id='word_1_67' title='bbox 2695 845 2950 911; x_wconf 89' lang='lat' dir='ltr'>poenas</span> <span class='ocrx_word' id='word_1_68' title='bbox 2999 837 3064 893; x_wconf 89' lang='lat' dir='ltr'>et</span> 
     </span>
     <span class='ocr_line' id='line_1_8' title="bbox 515 908 3055 1000; baseline 0 -20"><span class='ocrx_word' id='word_1_69' title='bbox 515 914 796 985; x_wconf 86' lang='lat' dir='ltr'>verbera</span> <span class='ocrx_word' id='word_1_70' title='bbox 847 914 970 982; x_wconf 89' lang='lat' dir='ltr'>abs</span> <span class='ocrx_word' id='word_1_71' title='bbox 1029 926 1088 980; x_wconf 90' lang='lat' dir='ltr'>te</span> <span class='ocrx_word' id='word_1_72' title='bbox 1159 911 1255 978; x_wconf 90' lang='lat' dir='ltr'>illi</span> <span class='ocrx_word' id='word_1_73' title='bbox 1310 908 1519 991; x_wconf 83' lang='lat' dir='ltr'>illata,</span> <span class='ocrx_word' id='word_1_74' title='bbox 1577 910 1747 978; x_wconf 87' lang='lat' dir='ltr'>mihi</span> <span class='ocrx_word' id='word_1_75' title='bbox 1801 911 2000 980; x_wconf 86' lang='lat' dir='ltr'>hodie</span> <span class='ocrx_word' id='word_1_76' title='bbox 2034 911 2331 1000; x_wconf 81' lang='lat' dir='ltr'>Angelus</span> <span class='ocrx_word' id='word_1_77' title='bbox 2384 913 2654 980; x_wconf 84' lang='lat' dir='ltr'>Domini</span> <span class='ocrx_word' id='word_1_78' title='bbox 2704 913 3055 980; x_wconf 84' lang='lat' dir='ltr'>indicavit.</span> 
     </span>
     <span class='ocr_line' id='line_1_9' title="bbox 517 1000 3062 1092; baseline -0.001 -20"><span class='ocrx_word' id='word_1_79' title='bbox 517 1009 655 1072; x_wconf 86' lang='lat' dir='ltr'>Non</span> <span class='ocrx_word' id='word_1_80' title='bbox 709 1003 921 1092; x_wconf 89' lang='lat' dir='ltr'>igitur</span> <span class='ocrx_word' id='word_1_81' title='bbox 956 1001 1124 1068; x_wconf 89' lang='lat' dir='ltr'>mihi</span> <span class='ocrx_word' id='word_1_82' title='bbox 1156 1000 1509 1088; x_wconf 86' lang='lat' dir='ltr'>contingat</span> <span class='ocrx_word' id='word_1_83' title='bbox 1547 1000 1634 1068; x_wconf 90' lang='lat' dir='ltr'>ab</span> <span class='ocrx_word' id='word_1_84' title='bbox 1668 1000 1819 1089; x_wconf 84' lang='lat' dir='ltr'>ejus</span> <span class='ocrx_word' id='word_1_85' title='bbox 1861 1000 2180 1088; x_wconf 79' lang='lat' dir='ltr'>passione</span> <span class='ocrx_word' id='word_1_86' title='bbox 2213 1001 2542 1089; x_wconf 88' lang='lat' dir='ltr'>separari.</span> <span class='ocrx_word' id='word_1_87' title='bbox 2584 1006 2831 1070; x_wconf 87' lang='lat' dir='ltr'>»Tunc</span> <span class='ocrx_word' id='word_1_88' title='bbox 2862 1006 3062 1070; x_wconf 87' lang='lat' dir='ltr'>Prae-</span> 
     </span>
     <span class='ocr_line' id='line_1_10' title="bbox 517 1088 3061 1179; baseline -0.001 -18"><span class='ocrx_word' id='word_1_89' title='bbox 517 1114 623 1161; x_wconf 86' lang='lat' dir='ltr'>ses</span> <span class='ocrx_word' id='word_1_90' title='bbox 680 1091 892 1179; x_wconf 85' lang='lat' dir='ltr'>jussit</span> <span class='ocrx_word' id='word_1_91' title='bbox 939 1112 1097 1158; x_wconf 86' lang='lat' dir='ltr'>eum</span> <span class='ocrx_word' id='word_1_92' title='bbox 1152 1088 1451 1160; x_wconf 85' lang='lat' dir='ltr'>fustibus</span> <span class='ocrx_word' id='word_1_93' title='bbox 1498 1088 1946 1158; x_wconf 85' lang='lat' dir='ltr'>validissimis</span> <span class='ocrx_word' id='word_1_94' title='bbox 1994 1089 2229 1157; x_wconf 88' lang='lat' dir='ltr'>caedi:</span> <span class='ocrx_word' id='word_1_95' title='bbox 2277 1089 2391 1158; x_wconf 90' lang='lat' dir='ltr'>sed</span> <span class='ocrx_word' id='word_1_96' title='bbox 2437 1089 2552 1158; x_wconf 91' lang='lat' dir='ltr'>ille</span> <span class='ocrx_word' id='word_1_97' title='bbox 2600 1089 2802 1158; x_wconf 82' lang='lat' dir='ltr'>dixit:</span> <span class='ocrx_word' id='word_1_98' title='bbox 2859 1113 2893 1154; x_wconf 86' lang='lat'>«</span> <span class='ocrx_word' id='word_1_99' title='bbox 2926 1091 3061 1158; x_wconf 88' lang='lat' dir='ltr'>Etsi</span> 
     </span>
     <span class='ocr_line' id='line_1_11' title="bbox 515 1177 3058 1270; baseline -0.002 -20"><span class='ocrx_word' id='word_1_100' title='bbox 515 1201 768 1270; x_wconf 88' lang='lat' dir='ltr'>corpus</span> <span class='ocrx_word' id='word_1_101' title='bbox 809 1200 1039 1247; x_wconf 88' lang='lat' dir='ltr'>meum</span> <span class='ocrx_word' id='word_1_102' title='bbox 1093 1177 1304 1247; x_wconf 87' lang='lat' dir='ltr'>habes</span> <span class='ocrx_word' id='word_1_103' title='bbox 1339 1177 1405 1245; x_wconf 91' lang='lat' dir='ltr'>in</span> <span class='ocrx_word' id='word_1_104' title='bbox 1449 1198 1659 1246; x_wconf 89' lang='lat' dir='ltr'>manu</span> <span class='ocrx_word' id='word_1_105' title='bbox 1712 1190 1849 1256; x_wconf 87' lang='lat' dir='ltr'>tua,</span> <span class='ocrx_word' id='word_1_106' title='bbox 1903 1191 1971 1245; x_wconf 90' lang='lat' dir='ltr'>at</span> <span class='ocrx_word' id='word_1_107' title='bbox 2037 1178 2310 1245; x_wconf 86' lang='lat' dir='ltr'>animae</span> <span class='ocrx_word' id='word_1_108' title='bbox 2362 1199 2551 1246; x_wconf 89' lang='lat' dir='ltr'>meae</span> <span class='ocrx_word' id='word_1_109' title='bbox 2602 1199 2844 1247; x_wconf 91' lang='lat' dir='ltr'>nocere</span> <span class='ocrx_word' id='word_1_110' title='bbox 2888 1179 3058 1246; x_wconf 87' lang='lat' dir='ltr'>nihil</span> 
     </span>
     <span class='ocr_line' id='line_1_12' title="bbox 518 1264 3064 1360; baseline -0.001 -22"><span class='ocrx_word' id='word_1_111' title='bbox 518 1284 772 1360; x_wconf 78' lang='lat' dir='ltr'>potes.»</span> <span class='ocrx_word' id='word_1_112' title='bbox 800 1267 975 1336; x_wconf 87' lang='lat' dir='ltr'>Dixit</span> <span class='ocrx_word' id='word_1_113' title='bbox 1000 1266 1059 1335; x_wconf 92' lang='lat' dir='ltr'>ei</span> <span class='ocrx_word' id='word_1_114' title='bbox 1089 1271 1388 1335; x_wconf 88' lang='lat' dir='ltr'>Praeses:</span> <span class='ocrx_word' id='word_1_115' title='bbox 1418 1289 1453 1330; x_wconf 91' lang='lat'>«</span> <span class='ocrx_word' id='word_1_116' title='bbox 1475 1265 1797 1335; x_wconf 81' lang='lat' dir='ltr'>Sacrifica</span> <span class='ocrx_word' id='word_1_117' title='bbox 1825 1266 2041 1336; x_wconf 78' lang='lat' dir='ltr'>diis.»</span> <span class='ocrx_word' id='word_1_118' title='bbox 2076 1264 2452 1355; x_wconf 80' lang='lat' dir='ltr'>Respondit</span> <span class='ocrx_word' id='word_1_119' title='bbox 2482 1271 2543 1336; x_wconf 90' lang='lat' dir='ltr'>S.</span> <span class='ocrx_word' id='word_1_120' title='bbox 2586 1267 2858 1337; x_wconf 89' lang='lat' dir='ltr'>Primus</span> <span class='ocrx_word' id='word_1_121' title='bbox 2883 1291 2943 1332; x_wconf 90' lang='lat'>:«</span> <span class='ocrx_word' id='word_1_122' title='bbox 2964 1273 3064 1335; x_wconf 92' lang='lat' dir='ltr'>Tu</span> 
     </span>
     <span class='ocr_line' id='line_1_13' title="bbox 517 1354 3060 1445; baseline -0.002 -17"><span class='ocrx_word' id='word_1_123' title='bbox 517 1358 830 1428; x_wconf 84' lang='lat' dir='ltr'>sacrifica</span> <span class='ocrx_word' id='word_1_124' title='bbox 878 1377 1033 1424; x_wconf 87' lang='lat' dir='ltr'>cum</span> <span class='ocrx_word' id='word_1_125' title='bbox 1085 1355 1412 1423; x_wconf 91' lang='lat' dir='ltr'>omnibus</span> <span class='ocrx_word' id='word_1_126' title='bbox 1461 1356 1622 1423; x_wconf 88' lang='lat' dir='ltr'>tuis.</span> <span class='ocrx_word' id='word_1_127' title='bbox 1665 1360 1811 1445; x_wconf 90' lang='lat' dir='ltr'>Ego·</span> <span class='ocrx_word' id='word_1_128' title='bbox 1843 1359 1975 1424; x_wconf 92' lang='lat' dir='ltr'>Deo</span> <span class='ocrx_word' id='word_1_129' title='bbox 2028 1377 2176 1423; x_wconf 90' lang='lat' dir='ltr'>meo</span> <span class='ocrx_word' id='word_1_130' title='bbox 2225 1354 2642 1424; x_wconf 83' lang='lat' dir='ltr'>sacrificium</span> <span class='ocrx_word' id='word_1_131' title='bbox 2678 1356 2885 1425; x_wconf 84' lang='lat' dir='ltr'>offero</span> <span class='ocrx_word' id='word_1_132' title='bbox 2918 1356 3060 1445; x_wconf 88' lang='lat' dir='ltr'>pla·</span> 
     </span>
     <span class='ocr_line' id='line_1_14' title="bbox 515 1443 3058 1534; baseline -0.001 -20"><span class='ocrx_word' id='word_1_133' title='bbox 515 1447 888 1515; x_wconf 71' lang='lat' dir='ltr'>cationis»</span> <span class='ocrx_word' id='word_1_134' title='bbox 943 1444 1197 1513; x_wconf 86' lang='lat' dir='ltr'>Deinde</span> <span class='ocrx_word' id='word_1_135' title='bbox 1251 1445 1462 1531; x_wconf 84' lang='lat' dir='ltr'>jussit</span> <span class='ocrx_word' id='word_1_136' title='bbox 1532 1449 1809 1515; x_wconf 87' lang='lat' dir='ltr'>Praeses</span> <span class='ocrx_word' id='word_1_137' title='bbox 1874 1443 2315 1534; x_wconf 84' lang='lat' dir='ltr'>lampadibus</span> <span class='ocrx_word' id='word_1_138' title='bbox 2378 1445 2530 1531; x_wconf 87' lang='lat' dir='ltr'>ejus</span> <span class='ocrx_word' id='word_1_139' title='bbox 2582 1444 2789 1514; x_wconf 88' lang='lat' dir='ltr'>latera</span> <span class='ocrx_word' id='word_1_140' title='bbox 2838 1446 3058 1512; x_wconf 75' lang='lat' dir='ltr'>exuri.</span> 
     </span>
     <span class='ocr_line' id='line_1_15' title="bbox 517 1531 3065 1622; baseline 0 -19"><span class='ocrx_word' id='word_1_141' title='bbox 517 1535 638 1603; x_wconf 92' lang='lat' dir='ltr'>Ille</span> <span class='ocrx_word' id='word_1_142' title='bbox 673 1536 740 1603; x_wconf 91' lang='lat' dir='ltr'>in</span> <span class='ocrx_word' id='word_1_143' title='bbox 787 1534 1101 1603; x_wconf 87' lang='lat' dir='ltr'>eculeum</span> <span class='ocrx_word' id='word_1_144' title='bbox 1146 1532 1404 1601; x_wconf 89' lang='lat' dir='ltr'>levatus</span> <span class='ocrx_word' id='word_1_145' title='bbox 1452 1545 1516 1601; x_wconf 89' lang='lat' dir='ltr'>et</span> <span class='ocrx_word' id='word_1_146' title='bbox 1565 1531 2009 1621; x_wconf 84' lang='lat' dir='ltr'>lampadibus</span> <span class='ocrx_word' id='word_1_147' title='bbox 2056 1546 2278 1612; x_wconf 82' lang='lat' dir='ltr'>ustuS‚</span> <span class='ocrx_word' id='word_1_148' title='bbox 2314 1533 2405 1601; x_wconf 91' lang='lat' dir='ltr'>ita</span> <span class='ocrx_word' id='word_1_149' title='bbox 2441 1532 2810 1622; x_wconf 85' lang='lat' dir='ltr'>psallebat:</span> <span class='ocrx_word' id='word_1_150' title='bbox 2847 1539 3065 1622; x_wconf 61' lang='lat' dir='ltr'>«Igne</span> 
     </span>
     <span class='ocr_line' id='line_1_16' title="bbox 516 1621 3064 1712; baseline -0 -20"><span class='ocrx_word' id='word_1_151' title='bbox 516 1648 632 1692; x_wconf 82' lang='lat' dir='ltr'>nos</span> <span class='ocrx_word' id='word_1_152' title='bbox 666 1624 1102 1700; x_wconf 69' lang='lat' dir='ltr'>emamz&#39;nastz‘,</span> <span class='ocrx_word' id='word_1_153' title='bbox 1143 1624 1312 1690; x_wconf 76' lang='lat' dir='ltr'>sicut</span> <span class='ocrx_word' id='word_1_154' title='bbox 1343 1624 1785 1690; x_wconf 70' lang='lat' dir='ltr'>emaminatur</span> <span class='ocrx_word' id='word_1_155' title='bbox 1823 1633 2180 1712; x_wconf 69' lang='lat' dir='ltr'>arqentum</span> <span class='ocrx_word' id='word_1_156' title='bbox 2211 1623 2349 1710; x_wconf 79' lang='lat' dir='ltr'>(Ps.</span> <span class='ocrx_word' id='word_1_157' title='bbox 2397 1621 2533 1710; x_wconf 75' lang='lat'><strong>65).</strong></span> <span class='ocrx_word' id='word_1_158' title='bbox 2572 1623 2905 1690; x_wconf 89' lang='lat' dir='ltr'>Benedico</span> <span class='ocrx_word' id='word_1_159' title='bbox 2938 1645 3064 1692; x_wconf 87' lang='lat' dir='ltr'>au-</span> 
     </span>
     <span class='ocr_line' id='line_1_17' title="bbox 519 1710 3066 1797; baseline -0 -16"><span class='ocrx_word' id='word_1_160' title='bbox 519 1727 650 1781; x_wconf 90' lang='lat' dir='ltr'>tem</span> <span class='ocrx_word' id='word_1_161' title='bbox 711 1726 773 1780; x_wconf 87' lang='lat' dir='ltr'>te</span> <span class='ocrx_word' id='word_1_162' title='bbox 820 1711 1104 1779; x_wconf 87' lang='lat' dir='ltr'>Domine</span> <span class='ocrx_word' id='word_1_163' title='bbox 1168 1716 1336 1780; x_wconf 68' lang='lat' dir='ltr'>,Iesu</span> <span class='ocrx_word' id='word_1_164' title='bbox 1385 1711 1668 1789; x_wconf 86' lang='lat' dir='ltr'>Christe,</span> <span class='ocrx_word' id='word_1_165' title='bbox 1723 1711 1888 1797; x_wconf 90' lang='lat' dir='ltr'>quia</span> <span class='ocrx_word' id='word_1_166' title='bbox 1947 1711 2015 1778; x_wconf 88' lang='lat' dir='ltr'>in</span> <span class='ocrx_word' id='word_1_167' title='bbox 2072 1723 2132 1778; x_wconf 89' lang='lat' dir='ltr'>te</span> <span class='ocrx_word' id='word_1_168' title='bbox 2180 1710 2560 1792; x_wconf 85' lang='lat' dir='ltr'>confidens,</span> <span class='ocrx_word' id='word_1_169' title='bbox 2618 1711 2791 1779; x_wconf 90' lang='lat' dir='ltr'>nihil</span> <span class='ocrx_word' id='word_1_170' title='bbox 2844 1714 3066 1782; x_wconf 89' lang='lat' dir='ltr'>sentio</span> 
     </span>
     <span class='ocr_line' id='line_1_18' title="bbox 516 1799 3063 1888; baseline -0.001 -18"><span class='ocrx_word' id='word_1_171' title='bbox 516 1822 753 1871; x_wconf 91' lang='lat' dir='ltr'>eorum</span> <span class='ocrx_word' id='word_1_172' title='bbox 807 1821 983 1886; x_wconf 90' lang='lat' dir='ltr'>quae</span> <span class='ocrx_word' id='word_1_173' title='bbox 1035 1799 1206 1867; x_wconf 83' lang='lat' dir='ltr'>mibi</span> <span class='ocrx_word' id='word_1_174' title='bbox 1239 1822 1278 1866; x_wconf 89' lang='lat' dir='ltr'>a</span> <span class='ocrx_word' id='word_1_175' title='bbox 1325 1811 1604 1867; x_wconf 88' lang='lat' dir='ltr'>satanae</span> <span class='ocrx_word' id='word_1_176' title='bbox 1637 1800 1974 1888; x_wconf 81' lang='lat' dir='ltr'>ministris</span> <span class='ocrx_word' id='word_1_177' title='bbox 2010 1799 2471 1867; x_wconf 81' lang='lat' dir='ltr'>inferuntur.»</span> <span class='ocrx_word' id='word_1_178' title='bbox 2499 1799 2800 1868; x_wconf 82' lang='lat' dir='ltr'>Audiens</span> <span class='ocrx_word' id='word_1_179' title='bbox 2832 1816 3063 1869; x_wconf 89' lang='lat' dir='ltr'>autern</span> 
     </span>
     <span class='ocr_line' id='line_1_19' title="bbox 517 1887 3063 1975; baseline 0 -17"><span class='ocrx_word' id='word_1_180' title='bbox 517 1896 793 1960; x_wconf 88' lang='lat' dir='ltr'>Praeses</span> <span class='ocrx_word' id='word_1_181' title='bbox 824 1887 996 1956; x_wconf 90' lang='lat' dir='ltr'>nihil</span> <span class='ocrx_word' id='word_1_182' title='bbox 1031 1909 1190 1956; x_wconf 90' lang='lat' dir='ltr'>eum</span> <span class='ocrx_word' id='word_1_183' title='bbox 1225 1889 1544 1967; x_wconf 85' lang='lat' dir='ltr'>sensisse,</span> <span class='ocrx_word' id='word_1_184' title='bbox 1589 1887 1760 1957; x_wconf 81' lang='lat' dir='ltr'>dixit</span> <span class='ocrx_word' id='word_1_185' title='bbox 1784 1887 1867 1958; x_wconf 88' lang='lat' dir='ltr'>ad</span> <span class='ocrx_word' id='word_1_186' title='bbox 1901 1889 2101 1958; x_wconf 85' lang='lat' dir='ltr'>suos:</span> <span class='ocrx_word' id='word_1_187' title='bbox 2141 1916 2162 1949; x_wconf 74' lang='grc' dir='ltr'>α</span> <span class='ocrx_word' id='word_1_188' title='bbox 2203 1894 2369 1964; x_wconf 76' lang='lat' dir='ltr'>Puto</span> <span class='ocrx_word' id='word_1_189' title='bbox 2394 1889 2714 1975; x_wconf 82' lang='lat' dir='ltr'>equidem</span> <span class='ocrx_word' id='word_1_190' title='bbox 2746 1903 2863 1958; x_wconf 87' lang='lat' dir='ltr'>aut</span> <span class='ocrx_word' id='word_1_191' title='bbox 2897 1889 3063 1958; x_wconf 90' lang='lat' dir='ltr'>deos</span> 
     </span>
     <span class='ocr_line' id='line_1_20' title="bbox 515 1977 3064 2066; baseline 0 -19"><span class='ocrx_word' id='word_1_192' title='bbox 515 1979 942 2048; x_wconf 86' lang='lat' dir='ltr'>hominibus.</span> <span class='ocrx_word' id='word_1_193' title='bbox 970 1998 1132 2046; x_wconf 90' lang='lat' dir='ltr'>suas</span> <span class='ocrx_word' id='word_1_194' title='bbox 1180 1978 1463 2045; x_wconf 89' lang='lat' dir='ltr'>virtutes</span> <span class='ocrx_word' id='word_1_195' title='bbox 1508 1977 2042 2055; x_wconf 85' lang='lat' dir='ltr'>demonstrasse,</span> <span class='ocrx_word' id='word_1_196' title='bbox 2078 1991 2198 2046; x_wconf 90' lang='lat' dir='ltr'>aut</span> <span class='ocrx_word' id='word_1_197' title='bbox 2233 1978 2523 2066; x_wconf 88' lang='lat' dir='ltr'>magicis</span> <span class='ocrx_word' id='word_1_198' title='bbox 2556 1977 2824 2047; x_wconf 87' lang='lat' dir='ltr'>artibus</span> <span class='ocrx_word' id='word_1_199' title='bbox 2876 1979 3064 2047; x_wconf 90' lang='lat' dir='ltr'>hunc</span> 
     </span>
     <span class='ocr_line' id='line_1_21' title="bbox 516 2066 3065 2156; baseline -0.001 -20"><span class='ocrx_word' id='word_1_200' title='bbox 516 2068 751 2136; x_wconf 88' lang='lat' dir='ltr'>omnia</span> <span class='ocrx_word' id='word_1_201' title='bbox 780 2087 1173 2156; x_wconf 75' lang='lat' dir='ltr'>superare.»</span> <span class='ocrx_word' id='word_1_202' title='bbox 1210 2070 1500 2135; x_wconf 88' lang='lat' dir='ltr'>Sanctus</span> <span class='ocrx_word' id='word_1_203' title='bbox 1521 2066 1795 2135; x_wconf 89' lang='lat' dir='ltr'>Primus</span> <span class='ocrx_word' id='word_1_204' title='bbox 1817 2067 1934 2134; x_wconf 90' lang='lat' dir='ltr'>ait:</span> <span class='ocrx_word' id='word_1_205' title='bbox 1956 2072 2189 2134; x_wconf 81' lang='lat' dir='ltr'>«Tune</span> <span class='ocrx_word' id='word_1_206' title='bbox 2212 2067 2500 2155; x_wconf 88' lang='lat' dir='ltr'>magicis</span> <span class='ocrx_word' id='word_1_207' title='bbox 2531 2066 2800 2136; x_wconf 87' lang='lat' dir='ltr'>artibus</span> <span class='ocrx_word' id='word_1_208' title='bbox 2838 2088 2918 2135; x_wconf 88' lang='lat' dir='ltr'>ea</span> <span class='ocrx_word' id='word_1_209' title='bbox 2943 2069 3065 2135; x_wconf 87' lang='lat' dir='ltr'>tri-</span> 
     </span>
     <span class='ocr_line' id='line_1_22' title="bbox 516 2153 3064 2243; baseline -0.001 -19"><span class='ocrx_word' id='word_1_210' title='bbox 516 2156 676 2224; x_wconf 86' lang='lat' dir='ltr'>buis</span> <span class='ocrx_word' id='word_1_211' title='bbox 709 2177 887 2242; x_wconf 88' lang='lat' dir='ltr'>quae</span> <span class='ocrx_word' id='word_1_212' title='bbox 935 2154 1244 2223; x_wconf 88' lang='lat' dir='ltr'>Christus</span> <span class='ocrx_word' id='word_1_213' title='bbox 1286 2154 1368 2223; x_wconf 89' lang='lat' dir='ltr'>ad</span> <span class='ocrx_word' id='word_1_214' title='bbox 1407 2153 1678 2222; x_wconf 89' lang='lat' dir='ltr'>laudem</span> <span class='ocrx_word' id='word_1_215' title='bbox 1719 2156 1830 2223; x_wconf 92' lang='lat' dir='ltr'>sui</span> <span class='ocrx_word' id='word_1_216' title='bbox 1882 2156 2184 2225; x_wconf 88' lang='lat' dir='ltr'>nominis</span> <span class='ocrx_word' id='word_1_217' title='bbox 2236 2168 2531 2243; x_wconf 89' lang='lat' dir='ltr'>praestat</span> <span class='ocrx_word' id='word_1_218' title='bbox 2568 2155 2779 2225; x_wconf 91' lang='lat' dir='ltr'>servis</span> <span class='ocrx_word' id='word_1_219' title='bbox 2813 2155 3003 2225; x_wconf 76' lang='lat' dir='ltr'>suis?</span> <span class='ocrx_word' id='word_1_220' title='bbox 3028 2181 3064 2221; x_wconf 80' lang='lat'>»</span> 
     </span>
     <span class='ocr_line' id='line_1_23' title="bbox 516 2243 3061 2333; baseline 0 -21"><span class='ocrx_word' id='word_1_221' title='bbox 516 2250 682 2312; x_wconf 85' lang='lat' dir='ltr'>Tum</span> <span class='ocrx_word' id='word_1_222' title='bbox 739 2250 1016 2312; x_wconf 91' lang='lat' dir='ltr'>Praeses</span> <span class='ocrx_word' id='word_1_223' title='bbox 1054 2244 1267 2331; x_wconf 85' lang='lat' dir='ltr'>jussit</span> <span class='ocrx_word' id='word_1_224' title='bbox 1326 2265 1483 2311; x_wconf 84' lang='lat' dir='ltr'>eum</span> <span class='ocrx_word' id='word_1_225' title='bbox 1535 2243 1785 2332; x_wconf 91' lang='lat' dir='ltr'>deponi</span> <span class='ocrx_word' id='word_1_226' title='bbox 1839 2244 1923 2312; x_wconf 82' lang='lat' dir='ltr'>de</span> <span class='ocrx_word' id='word_1_227' title='bbox 1982 2243 2240 2322; x_wconf 89' lang='lat' dir='ltr'>ecule0‚</span> <span class='ocrx_word' id='word_1_228' title='bbox 2296 2243 2645 2330; x_wconf 89' lang='lat' dir='ltr'>simulque</span> <span class='ocrx_word' id='word_1_229' title='bbox 2695 2244 3061 2333; x_wconf 90' lang='lat' dir='ltr'>plumbum</span> 
     </span>
     <span class='ocr_line' id='line_1_24' title="bbox 517 2331 3065 2420; baseline 0 -18"><span class='ocrx_word' id='word_1_230' title='bbox 517 2333 881 2420; x_wconf 80' lang='lat' dir='ltr'>liquefieri,</span> <span class='ocrx_word' id='word_1_231' title='bbox 937 2331 1146 2417; x_wconf 88' lang='lat' dir='ltr'>idque</span> <span class='ocrx_word' id='word_1_232' title='bbox 1195 2331 1495 2402; x_wconf 90' lang='lat' dir='ltr'>bulliens</span> <span class='ocrx_word' id='word_1_233' title='bbox 1545 2332 1612 2399; x_wconf 90' lang='lat' dir='ltr'>in</span> <span class='ocrx_word' id='word_1_234' title='bbox 1676 2355 1752 2402; x_wconf 94' lang='lat' dir='ltr'>os</span> <span class='ocrx_word' id='word_1_235' title='bbox 1799 2333 1974 2420; x_wconf 86' lang='lat' dir='ltr'>ejus,</span> <span class='ocrx_word' id='word_1_236' title='bbox 2044 2333 2111 2400; x_wconf 92' lang='lat' dir='ltr'>in</span> <span class='ocrx_word' id='word_1_237' title='bbox 2179 2333 2349 2402; x_wconf 87' lang='lat' dir='ltr'>lecto</span> <span class='ocrx_word' id='word_1_238' title='bbox 2419 2333 2905 2413; x_wconf 79' lang='lat' dir='ltr'>recumbentiS,</span> <span class='ocrx_word' id='word_1_239' title='bbox 2962 2335 3065 2402; x_wconf 83' lang='lat' dir='ltr'>in·</span> 
     </span>
     <span class='ocr_line' id='line_1_25' title="bbox 515 2420 3062 2511; baseline 0 -21"><span class='ocrx_word' id='word_1_240' title='bbox 515 2422 741 2491; x_wconf 89' lang='lat' dir='ltr'>fundi.</span> <span class='ocrx_word' id='word_1_241' title='bbox 781 2421 1006 2489; x_wconf 88' lang='lat' dir='ltr'>Voluit</span> <span class='ocrx_word' id='word_1_242' title='bbox 1052 2432 1279 2488; x_wconf 90' lang='lat' dir='ltr'>autem</span> <span class='ocrx_word' id='word_1_243' title='bbox 1328 2420 1750 2489; x_wconf 87' lang='lat' dir='ltr'>Felicianum</span> <span class='ocrx_word' id='word_1_244' title='bbox 1799 2442 2028 2490; x_wconf 90' lang='lat' dir='ltr'>coram</span> <span class='ocrx_word' id='word_1_245' title='bbox 2067 2422 2329 2503; x_wconf 87' lang='lat' dir='ltr'>adesse,</span> <span class='ocrx_word' id='word_1_246' title='bbox 2362 2435 2460 2509; x_wconf 50' lang='lat' dir='ltr'>,ut</span> <span class='ocrx_word' id='word_1_247' title='bbox 2496 2421 2603 2489; x_wconf 81' lang='lat' dir='ltr'>his</span> <span class='ocrx_word' id='word_1_248' title='bbox 2653 2424 2895 2511; x_wconf 90' lang='lat' dir='ltr'>poenis</span> <span class='ocrx_word' id='word_1_249' title='bbox 2928 2437 3062 2490; x_wconf 87' lang='lat' dir='ltr'>ter-</span> 
     </span>
     <span class='ocr_line' id='line_1_26' title="bbox 516 2510 3066 2599; baseline 0 -20"><span class='ocrx_word' id='word_1_250' title='bbox 516 2514 730 2593; x_wconf 88' lang='lat' dir='ltr'>ritus,</span> <span class='ocrx_word' id='word_1_251' title='bbox 809 2510 1150 2580; x_wconf 86' lang='lat' dir='ltr'>sacrificia</span> <span class='ocrx_word' id='word_1_252' title='bbox 1211 2510 1500 2579; x_wconf 87' lang='lat' dir='ltr'>offerret.</span> <span class='ocrx_word' id='word_1_253' title='bbox 1556 2516 1632 2578; x_wconf 79' lang='lat' dir='ltr'>At</span> <span class='ocrx_word' id='word_1_254' title='bbox 1682 2515 1746 2579; x_wconf 92' lang='lat' dir='ltr'>S.</span> <span class='ocrx_word' id='word_1_255' title='bbox 1803 2512 2074 2580; x_wconf 90' lang='lat' dir='ltr'>Primus</span> <span class='ocrx_word' id='word_1_256' title='bbox 2153 2510 2517 2599; x_wconf 89' lang='lat' dir='ltr'>plumbum</span> <span class='ocrx_word' id='word_1_257' title='bbox 2584 2533 2787 2581; x_wconf 91' lang='lat' dir='ltr'>omne</span> <span class='ocrx_word' id='word_1_258' title='bbox 2848 2513 3066 2580; x_wconf 81' lang='lat' dir='ltr'>instar</span> 
     </span>
     <span class='ocr_line' id='line_1_27' title="bbox 517 2598 3065 2690; baseline -0 -20"><span class='ocrx_word' id='word_1_259' title='bbox 517 2623 735 2687; x_wconf 85' lang='lat' dir='ltr'>aquae</span> <span class='ocrx_word' id='word_1_260' title='bbox 785 2599 1074 2690; x_wconf 87' lang='lat' dir='ltr'>frigidae</span> <span class='ocrx_word' id='word_1_261' title='bbox 1114 2599 1451 2679; x_wconf 83' lang='lat' dir='ltr'>exhausit,</span> <span class='ocrx_word' id='word_1_262' title='bbox 1504 2598 1812 2685; x_wconf 84' lang='lat' dir='ltr'>dixitque</span> <span class='ocrx_word' id='word_1_263' title='bbox 1847 2600 2196 2668; x_wconf 89' lang='lat' dir='ltr'>Praesidi:</span> <span class='ocrx_word' id='word_1_264' title='bbox 2254 2622 2289 2664; x_wconf 92' lang='lat'>«</span> <span class='ocrx_word' id='word_1_265' title='bbox 2325 2604 2492 2669; x_wconf 89' lang='lat' dir='ltr'>Ecce</span> <span class='ocrx_word' id='word_1_266' title='bbox 2532 2621 2666 2668; x_wconf 90' lang='lat' dir='ltr'>non</span> <span class='ocrx_word' id='word_1_267' title='bbox 2718 2613 2819 2669; x_wconf 90' lang='lat' dir='ltr'>est</span> <span class='ocrx_word' id='word_1_268' title='bbox 2866 2624 2905 2669; x_wconf 91' lang='lat' dir='ltr'>a</span> <span class='ocrx_word' id='word_1_269' title='bbox 2958 2624 3065 2669; x_wconf 90' lang='lat' dir='ltr'>me</span> 
     </span>
     <span class='ocr_line' id='line_1_28' title="bbox 518 2686 3066 2780; baseline 0 -23"><span class='ocrx_word' id='word_1_270' title='bbox 518 2703 880 2780; x_wconf 84' lang='lat' dir='ltr'>separatus</span> <span class='ocrx_word' id='word_1_271' title='bbox 929 2686 1068 2768; x_wconf 89' lang='lat' dir='ltr'>ille,</span> <span class='ocrx_word' id='word_1_272' title='bbox 1122 2709 1324 2774; x_wconf 84' lang='lat' dir='ltr'>quern</span> <span class='ocrx_word' id='word_1_273' title='bbox 1379 2700 1455 2758; x_wconf 92' lang='lat' dir='ltr'>tu</span> <span class='ocrx_word' id='word_1_274' title='bbox 1503 2687 1783 2758; x_wconf 87' lang='lat' dir='ltr'>dicebas</span> <span class='ocrx_word' id='word_1_275' title='bbox 1830 2687 1965 2757; x_wconf 88' lang='lat' dir='ltr'>diis</span> <span class='ocrx_word' id='word_1_276' title='bbox 2012 2689 2253 2757; x_wconf 86' lang='lat' dir='ltr'>vestris</span> <span class='ocrx_word' id='word_1_277' title='bbox 2302 2689 2716 2759; x_wconf 90' lang='lat' dir='ltr'>immolasse.</span> <span class='ocrx_word' id='word_1_278' title='bbox 2774 2690 3066 2758; x_wconf 83' lang='lat' dir='ltr'>Considit</span> 
     </span>
     <span class='ocr_line' id='line_1_29' title="bbox 517 2775 3064 2867; baseline 0 -21"><span class='ocrx_word' id='word_1_279' title='bbox 517 2794 744 2848; x_wconf 88' lang='lat' dir='ltr'>autem</span> <span class='ocrx_word' id='word_1_280' title='bbox 785 2778 852 2846; x_wconf 91' lang='lat' dir='ltr'>in</span> <span class='ocrx_word' id='word_1_281' title='bbox 898 2777 1208 2856; x_wconf 90' lang='lat' dir='ltr'>Domin0‚</span> <span class='ocrx_word' id='word_1_282' title='bbox 1262 2777 1382 2862; x_wconf 89' lang='lat' dir='ltr'>qui</span> <span class='ocrx_word' id='word_1_283' title='bbox 1430 2798 1556 2847; x_wconf 89' lang='lat' dir='ltr'>nos</span> <span class='ocrx_word' id='word_1_284' title='bbox 1605 2775 1922 2846; x_wconf 80' lang='lat' dir='ltr'>liberabit</span> <span class='ocrx_word' id='word_1_285' title='bbox 1956 2778 2040 2846; x_wconf 87' lang='lat' dir='ltr'>de</span> <span class='ocrx_word' id='word_1_286' title='bbox 2075 2778 2314 2867; x_wconf 90' lang='lat' dir='ltr'>poenis</span> <span class='ocrx_word' id='word_1_287' title='bbox 2364 2779 2714 2857; x_wconf 80' lang='lat' dir='ltr'>omnibuS,</span> <span class='ocrx_word' id='word_1_288' title='bbox 2758 2798 2880 2867; x_wconf 84' lang='lat' dir='ltr'>pro</span> <span class='ocrx_word' id='word_1_289' title='bbox 2912 2779 3064 2866; x_wconf 85' lang='lat' dir='ltr'>ejus</span> 
     </span>
     <span class='ocr_line' id='line_1_30' title="bbox 517 2866 3065 2953; baseline -0 -18"><span class='ocrx_word' id='word_1_290' title='bbox 517 2869 700 2935; x_wconf 84' lang='lat' dir='ltr'>enirn</span> <span class='ocrx_word' id='word_1_291' title='bbox 752 2866 1032 2935; x_wconf 87' lang='lat' dir='ltr'>nomine</span> <span class='ocrx_word' id='word_1_292' title='bbox 1065 2866 1231 2933; x_wconf 90' lang='lat' dir='ltr'>haec</span> <span class='ocrx_word' id='word_1_293' title='bbox 1268 2866 1591 2953; x_wconf 76' lang='lat' dir='ltr'>patimur.</span> <span class='ocrx_word' id='word_1_294' title='bbox 1629 2867 1877 2935; x_wconf 89' lang='lat' dir='ltr'>Omnia</span> <span class='ocrx_word' id='word_1_295' title='bbox 1909 2880 2136 2936; x_wconf 87' lang='lat' dir='ltr'>autem</span> <span class='ocrx_word' id='word_1_296' title='bbox 2170 2888 2347 2951; x_wconf 86' lang='lat' dir='ltr'>quae</span> <span class='ocrx_word' id='word_1_297' title='bbox 2375 2866 2488 2934; x_wconf 90' lang='lat' dir='ltr'>hic</span> <span class='ocrx_word' id='word_1_298' title='bbox 2517 2867 2853 2946; x_wconf 88' lang='lat' dir='ltr'>videntur,</span> <span class='ocrx_word' id='word_1_299' title='bbox 2891 2881 3065 2935; x_wconf 87' lang='lat' dir='ltr'>tem-</span> 
     </span>
     <span class='ocr_line' id='line_1_31' title="bbox 519 2954 3065 3045; baseline -0 -21"><span class='ocrx_word' id='word_1_300' title='bbox 519 2956 792 3045; x_wconf 88' lang='lat' dir='ltr'>poraria</span> <span class='ocrx_word' id='word_1_301' title='bbox 827 2968 1029 3022; x_wconf 85' lang='lat' dir='ltr'>sunt:</span> <span class='ocrx_word' id='word_1_302' title='bbox 1082 2976 1259 3039; x_wconf 86' lang='lat' dir='ltr'>quae</span> <span class='ocrx_word' id='word_1_303' title='bbox 1287 2976 1443 3024; x_wconf 88' lang='lat' dir='ltr'>vero</span> <span class='ocrx_word' id='word_1_304' title='bbox 1487 2955 1915 3044; x_wconf 83' lang='lat' dir='ltr'>praeparavit</span> <span class='ocrx_word' id='word_1_305' title='bbox 1946 2959 2122 3024; x_wconf 89' lang='lat' dir='ltr'>Deus</span> <span class='ocrx_word' id='word_1_306' title='bbox 2156 2954 2608 3044; x_wconf 84' lang='lat' dir='ltr'>diligentibus</span> <span class='ocrx_word' id='word_1_307' title='bbox 2656 2977 2750 3033; x_wconf 88' lang='lat' dir='ltr'>se,</span> <span class='ocrx_word' id='word_1_308' title='bbox 2789 2968 3065 3024; x_wconf 86' lang='lat' dir='ltr'>aeterna</span> 
     </span>
     <span class='ocr_line' id='line_1_32' title="bbox 520 3042 3065 3133; baseline 0 -20"><span class='ocrx_word' id='word_1_309' title='bbox 520 3058 703 3113; x_wconf 91' lang='lat' dir='ltr'>sunt.</span> <span class='ocrx_word' id='word_1_310' title='bbox 758 3048 854 3111; x_wconf 91' lang='lat' dir='ltr'>En</span> <span class='ocrx_word' id='word_1_311' title='bbox 906 3042 1192 3111; x_wconf 89' lang='lat' dir='ltr'>adunati</span> <span class='ocrx_word' id='word_1_312' title='bbox 1241 3064 1485 3112; x_wconf 91' lang='lat' dir='ltr'>sumus</span> <span class='ocrx_word' id='word_1_313' title='bbox 1534 3044 1602 3111; x_wconf 91' lang='lat' dir='ltr'>in</span> <span class='ocrx_word' id='word_1_314' title='bbox 1655 3043 1948 3132; x_wconf 82' lang='lat' dir='ltr'>gloriam</span> <span class='ocrx_word' id='word_1_315' title='bbox 1980 3044 2515 3133; x_wconf 73' lang='lat' dir='ltr'>redemptionis,</span> <span class='ocrx_word' id='word_1_316' title='bbox 2550 3058 2639 3112; x_wconf 87' lang='lat' dir='ltr'>ut</span> <span class='ocrx_word' id='word_1_317' title='bbox 2696 3044 2889 3113; x_wconf 91' lang='lat' dir='ltr'>nulla</span> <span class='ocrx_word' id='word_1_318' title='bbox 2938 3066 3065 3113; x_wconf 91' lang='lat' dir='ltr'>nos</span> 
     </span>
     <span class='ocr_line' id='line_1_33' title="bbox 521 3130 3065 3223; baseline 0 -23"><span class='ocrx_word' id='word_1_319' title='bbox 521 3132 850 3201; x_wconf 90' lang='lat' dir='ltr'>inimicus</span> <span class='ocrx_word' id='word_1_320' title='bbox 889 3130 1132 3200; x_wconf 83' lang='lat' dir='ltr'>fraude</span> <span class='ocrx_word' id='word_1_321' title='bbox 1171 3131 1721 3211; x_wconf 87' lang='lat' dir='ltr'>circumscribat,</span> <span class='ocrx_word' id='word_1_322' title='bbox 1761 3154 1982 3218; x_wconf 89' lang='lat' dir='ltr'>neque</span> <span class='ocrx_word' id='word_1_323' title='bbox 2013 3132 2158 3201; x_wconf 84' lang='lat' dir='ltr'>ulla</span> <span class='ocrx_word' id='word_1_324' title='bbox 2201 3133 2634 3201; x_wconf 89' lang='lat' dir='ltr'>tenebrarum</span> <span class='ocrx_word' id='word_1_325' title='bbox 2677 3131 2898 3223; x_wconf 86' lang='lat' dir='ltr'>caligo</span> <span class='ocrx_word' id='word_1_326' title='bbox 2942 3155 3065 3201; x_wconf 91' lang='lat' dir='ltr'>nos</span> 
     </span>
     <span class='ocr_line' id='line_1_34' title="bbox 518 3221 3063 3311; baseline 0 -22"><span class='ocrx_word' id='word_1_327' title='bbox 518 3233 828 3311; x_wconf 89' lang='lat' dir='ltr'>occupet.</span> <span class='ocrx_word' id='word_1_328' title='bbox 894 3221 1149 3289; x_wconf 90' lang='lat' dir='ltr'>Poteris</span> <span class='ocrx_word' id='word_1_329' title='bbox 1189 3233 1416 3289; x_wconf 86' lang='lat' dir='ltr'>autem</span> <span class='ocrx_word' id='word_1_330' title='bbox 1468 3234 1543 3290; x_wconf 90' lang='lat' dir='ltr'>tu</span> <span class='ocrx_word' id='word_1_331' title='bbox 1590 3242 1887 3308; x_wconf 85' lang='lat' dir='ltr'>quoque,</span> <span class='ocrx_word' id='word_1_332' title='bbox 1938 3221 2138 3291; x_wconf 88' lang='lat' dir='ltr'>modo</span> <span class='ocrx_word' id='word_1_333' title='bbox 2180 3221 2369 3300; x_wconf 83' lang='lat' dir='ltr'>velis,</span> <span class='ocrx_word' id='word_1_334' title='bbox 2423 3221 2699 3290; x_wconf 90' lang='lat' dir='ltr'>credere</span> <span class='ocrx_word' id='word_1_335' title='bbox 2747 3223 2816 3290; x_wconf 92' lang='lat' dir='ltr'>in</span> <span class='ocrx_word' id='word_1_336' title='bbox 2871 3221 3063 3291; x_wconf 87' lang='lat' dir='ltr'>Chri-</span> 
     </span>
     <span class='ocr_line' id='line_1_35' title="bbox 520 3310 2788 3399; baseline -0.001 -20"><span class='ocrx_word' id='word_1_337' title='bbox 520 3325 727 3389; x_wconf 88' lang='lat' dir='ltr'>stum,</span> <span class='ocrx_word' id='word_1_338' title='bbox 776 3330 1146 3399; x_wconf 84' lang='lat' dir='ltr'>agnoscere</span> <span class='ocrx_word' id='word_1_339' title='bbox 1184 3322 1556 3378; x_wconf 87' lang='lat' dir='ltr'>creatorem</span> <span class='ocrx_word' id='word_1_340' title='bbox 1592 3323 1817 3389; x_wconf 89' lang='lat' dir='ltr'>tuum,</span> <span class='ocrx_word' id='word_1_341' title='bbox 1859 3323 1925 3378; x_wconf 84' lang='lat' dir='ltr'>et</span> <span class='ocrx_word' id='word_1_342' title='bbox 1972 3311 2233 3397; x_wconf 84' lang='lat' dir='ltr'>majora</span> <span class='ocrx_word' id='word_1_343' title='bbox 2287 3311 2394 3378; x_wconf 84' lang='lat' dir='ltr'>bis</span> <span class='ocrx_word' id='word_1_344' title='bbox 2443 3310 2694 3379; x_wconf 87' lang='lat' dir='ltr'>videre.</span> <span class='ocrx_word' id='word_1_345' title='bbox 2755 3335 2788 3377; x_wconf 89' lang='lat'>»</span> 
     </span>
    </p>

    <p class='ocr_par' dir='ltr' id='par_1_3' title="bbox 515 3398 3067 4463">
     <span class='ocr_line' id='line_1_36' title="bbox 607 3398 3066 3486; baseline 0.001 -18"><span class='ocrx_word' id='word_1_346' title='bbox 607 3402 642 3486; x_wconf 66' lang='grc' dir='ltr'>ξ</span> <span class='ocrx_word' id='word_1_347' title='bbox 689 3403 776 3469; x_wconf 78' lang='grc'>5.</span> <span class='ocrx_word' id='word_1_348' title='bbox 832 3398 1007 3466; x_wconf 88' lang='lat' dir='ltr'>Dicit</span> <span class='ocrx_word' id='word_1_349' title='bbox 1054 3398 1154 3468; x_wconf 90' lang='lat' dir='ltr'>eis</span> <span class='ocrx_word' id='word_1_350' title='bbox 1203 3403 1511 3467; x_wconf 85' lang='lat' dir='ltr'>Praeses:</span> <span class='ocrx_word' id='word_1_351' title='bbox 1568 3398 2017 3467; x_wconf 80' lang='lat' dir='ltr'>«sacrificate</span> <span class='ocrx_word' id='word_1_352' title='bbox 2051 3398 2219 3467; x_wconf 89' lang='lat' dir='ltr'>diis:</span> <span class='ocrx_word' id='word_1_353' title='bbox 2274 3398 2531 3485; x_wconf 88' lang='lat' dir='ltr'>alioqui</span> <span class='ocrx_word' id='word_1_354' title='bbox 2590 3399 2752 3469; x_wconf 81' lang='lat' dir='ltr'>feris</span> <span class='ocrx_word' id='word_1_355' title='bbox 2813 3399 3066 3471; x_wconf 91' lang='lat' dir='ltr'>belluis</span> 
     </span>
     <span class='ocr_line' id='line_1_37' title="bbox 522 3486 3063 3577; baseline 0.002 -24"><span class='ocrx_word' id='word_1_356' title='bbox 522 3509 636 3556; x_wconf 93' lang='lat' dir='ltr'>vos</span> <span class='ocrx_word' id='word_1_357' title='bbox 680 3486 1078 3556; x_wconf 89' lang='lat' dir='ltr'>lacerandos</span> <span class='ocrx_word' id='word_1_358' title='bbox 1126 3487 1521 3576; x_wconf 86' lang='lat' dir='ltr'>objiciam.»</span> <span class='ocrx_word' id='word_1_359' title='bbox 1571 3488 1755 3555; x_wconf 84' lang='lat' dir='ltr'>Beati</span> <span class='ocrx_word' id='word_1_360' title='bbox 1808 3502 2144 3576; x_wconf 68' lang='lat' dir='ltr'>martyres</span> <span class='ocrx_word' id='word_1_361' title='bbox 2186 3488 2723 3577; x_wconf 89' lang='lat' dir='ltr'>responderunt:</span> <span class='ocrx_word' id='word_1_362' title='bbox 2764 3512 2797 3553; x_wconf 90' lang='lat'>«</span> <span class='ocrx_word' id='word_1_363' title='bbox 2824 3488 3063 3557; x_wconf 77' lang='lat' dir='ltr'>Audite</span> 
     </span>
     <span class='ocr_line' id='line_1_38' title="bbox 520 3575 3057 3665; baseline 0 -21"><span class='ocrx_word' id='word_1_364' title='bbox 520 3599 644 3645; x_wconf 92' lang='lat' dir='ltr'>nos</span> <span class='ocrx_word' id='word_1_365' title='bbox 685 3589 749 3644; x_wconf 91' lang='lat' dir='ltr'>et</span> <span class='ocrx_word' id='word_1_366' title='bbox 799 3575 1177 3665; x_wconf 88' lang='lat' dir='ltr'>intelligite,</span> <span class='ocrx_word' id='word_1_367' title='bbox 1231 3589 1297 3646; x_wconf 89' lang='lat' dir='ltr'>et</span> <span class='ocrx_word' id='word_1_368' title='bbox 1356 3576 1650 3645; x_wconf 89' lang='lat' dir='ltr'>recedite</span> <span class='ocrx_word' id='word_1_369' title='bbox 1682 3576 1769 3644; x_wconf 91' lang='lat' dir='ltr'>ab</span> <span class='ocrx_word' id='word_1_370' title='bbox 1818 3576 1969 3645; x_wconf 91' lang='lat' dir='ltr'>istis</span> <span class='ocrx_word' id='word_1_371' title='bbox 2020 3576 2224 3646; x_wconf 90' lang='lat' dir='ltr'>idolis</span> <span class='ocrx_word' id='word_1_372' title='bbox 2258 3577 2548 3646; x_wconf 83' lang='lat' dir='ltr'>mortuis</span> <span class='ocrx_word' id='word_1_373' title='bbox 2595 3590 2660 3646; x_wconf 91' lang='lat' dir='ltr'>et</span> <span class='ocrx_word' id='word_1_374' title='bbox 2708 3578 3057 3665; x_wconf 88' lang='lat' dir='ltr'>perituris,</span> 
     </span>
     <span class='ocr_line' id='line_1_39' title="bbox 518 3664 3063 3752; baseline -0 -19"><span class='ocrx_word' id='word_1_375' title='bbox 518 3664 950 3752; x_wconf 77' lang='lat' dir='ltr'>credatisque</span> <span class='ocrx_word' id='word_1_376' title='bbox 1010 3665 1079 3733; x_wconf 91' lang='lat' dir='ltr'>in</span> <span class='ocrx_word' id='word_1_377' title='bbox 1133 3669 1345 3734; x_wconf 91' lang='lat' dir='ltr'>Deum</span> <span class='ocrx_word' id='word_1_378' title='bbox 1404 3664 1633 3733; x_wconf 89' lang='lat' dir='ltr'>vivum</span> <span class='ocrx_word' id='word_1_379' title='bbox 1683 3677 1749 3733; x_wconf 93' lang='lat' dir='ltr'>et</span> <span class='ocrx_word' id='word_1_380' title='bbox 1798 3687 2072 3745; x_wconf 85' lang='lat' dir='ltr'>verum,</span> <span class='ocrx_word' id='word_1_381' title='bbox 2142 3677 2207 3734; x_wconf 90' lang='lat' dir='ltr'>et</span> <span class='ocrx_word' id='word_1_382' title='bbox 2271 3665 2340 3733; x_wconf 93' lang='lat' dir='ltr'>in</span> <span class='ocrx_word' id='word_1_383' title='bbox 2403 3672 2643 3736; x_wconf 89' lang='lat' dir='ltr'>Jesum</span> <span class='ocrx_word' id='word_1_384' title='bbox 2717 3666 3063 3736; x_wconf 85' lang='lat' dir='ltr'>Christum</span> 
     </span>
     <span class='ocr_line' id='line_1_40' title="bbox 521 3753 3065 3843; baseline 0 -21"><span class='ocrx_word' id='word_1_385' title='bbox 521 3753 770 3823; x_wconf 87' lang='lat' dir='ltr'>Filium</span> <span class='ocrx_word' id='word_1_386' title='bbox 804 3755 978 3843; x_wconf 81' lang='lat' dir='ltr'>ejuS‚</span> <span class='ocrx_word' id='word_1_387' title='bbox 1032 3766 1108 3822; x_wconf 94' lang='lat' dir='ltr'>ut</span> <span class='ocrx_word' id='word_1_388' title='bbox 1158 3753 1384 3823; x_wconf 87' lang='lat' dir='ltr'>salvae</span> <span class='ocrx_word' id='word_1_389' title='bbox 1432 3753 1601 3822; x_wconf 88' lang='lat' dir='ltr'>fiant</span> <span class='ocrx_word' id='word_1_390' title='bbox 1658 3755 1934 3823; x_wconf 87' lang='lat' dir='ltr'>animae</span> <span class='ocrx_word' id='word_1_391' title='bbox 1979 3768 2264 3832; x_wconf 85' lang='lat' dir='ltr'>vestrae,</span> <span class='ocrx_word' id='word_1_392' title='bbox 2315 3754 2731 3843; x_wconf 83' lang='lat' dir='ltr'>possitisque</span> <span class='ocrx_word' id='word_1_393' title='bbox 2778 3755 3065 3823; x_wconf 90' lang='lat' dir='ltr'>evadere</span> 
     </span>
     <span class='ocr_line' id='line_1_41' title="bbox 519 3841 3067 3932; baseline -0 -20"><span class='ocrx_word' id='word_1_394' title='bbox 519 3865 775 3932; x_wconf 88' lang='lat' dir='ltr'>poenas</span> <span class='ocrx_word' id='word_1_395' title='bbox 808 3843 1286 3932; x_wconf 79' lang='lat' dir='ltr'>sempiternas,</span> <span class='ocrx_word' id='word_1_396' title='bbox 1330 3866 1365 3908; x_wconf 86' lang='lat'><strong>»</strong></span> <span class='ocrx_word' id='word_1_397' title='bbox 1398 3847 1588 3911; x_wconf 91' lang='lat' dir='ltr'>Tunc</span> <span class='ocrx_word' id='word_1_398' title='bbox 1637 3846 1916 3912; x_wconf 91' lang='lat' dir='ltr'>Praeses</span> <span class='ocrx_word' id='word_1_399' title='bbox 1962 3865 2089 3912; x_wconf 88' lang='lat' dir='ltr'>ceu</span> <span class='ocrx_word' id='word_1_400' title='bbox 2124 3842 2325 3912; x_wconf 88' lang='lat' dir='ltr'>furiis</span> <span class='ocrx_word' id='word_1_401' title='bbox 2373 3841 2791 3929; x_wconf 89' lang='lat' dir='ltr'>quibusdam</span> <span class='ocrx_word' id='word_1_402' title='bbox 2845 3845 3067 3931; x_wconf 80' lang='lat' dir='ltr'>agita-</span> 
     </span>
     <span class='ocr_line' id='line_1_42' title="bbox 518 3930 3067 4021; baseline 0 -21"><span class='ocrx_word' id='word_1_403' title='bbox 518 3945 652 4013; x_wconf 81' lang='lat' dir='ltr'>tuS‚</span> <span class='ocrx_word' id='word_1_404' title='bbox 684 3932 888 4001; x_wconf 82' lang='lat' dir='ltr'>dixit:</span> <span class='ocrx_word' id='word_1_405' title='bbox 949 3955 983 3996; x_wconf 87' lang='lat'>«</span> <span class='ocrx_word' id='word_1_406' title='bbox 1015 3931 1191 4013; x_wconf 83' lang='lat' dir='ltr'>Quid</span> <span class='ocrx_word' id='word_1_407' title='bbox 1243 3932 1335 4000; x_wconf 89' lang='lat' dir='ltr'>ita</span> <span class='ocrx_word' id='word_1_408' title='bbox 1384 3930 1454 3997; x_wconf 91' lang='lat' dir='ltr'>in</span> <span class='ocrx_word' id='word_1_409' title='bbox 1507 3930 1633 3999; x_wconf 85' lang='lat' dir='ltr'>hac</span> <span class='ocrx_word' id='word_1_410' title='bbox 1685 3932 1952 4001; x_wconf 89' lang='lat' dir='ltr'>insania</span> <span class='ocrx_word' id='word_1_411' title='bbox 2006 3932 2343 4021; x_wconf 77' lang='lat' dir='ltr'>perduras</span> <span class='ocrx_word' id='word_1_412' title='bbox 2378 3932 2738 4012; x_wconf 85' lang='lat' dir='ltr'>Feliciane‚</span> <span class='ocrx_word' id='word_1_413' title='bbox 2775 3932 2955 4001; x_wconf 90' lang='lat' dir='ltr'>sicut</span> <span class='ocrx_word' id='word_1_414' title='bbox 3002 3946 3067 4001; x_wconf 87' lang='lat' dir='ltr'>et</span> 
     </span>
     <span class='ocr_line' id='line_1_43' title="bbox 517 4019 3063 4111; baseline -0 -22"><span class='ocrx_word' id='word_1_415' title='bbox 517 4022 642 4090; x_wconf 90' lang='lat' dir='ltr'>iste</span> <span class='ocrx_word' id='word_1_416' title='bbox 682 4021 1042 4111; x_wconf 71' lang='lat' dir='ltr'>perditus?</span> <span class='ocrx_word' id='word_1_417' title='bbox 1082 4019 1404 4111; x_wconf 33' lang='lat' dir='ltr'>Accedite‘</span> <span class='ocrx_word' id='word_1_418' title='bbox 1435 4029 1499 4087; x_wconf 92' lang='lat' dir='ltr'>et</span> <span class='ocrx_word' id='word_1_419' title='bbox 1539 4020 1900 4090; x_wconf 76' lang='lat' dir='ltr'>immolate</span> <span class='ocrx_word' id='word_1_420' title='bbox 1939 4020 2146 4090; x_wconf 86' lang='lat' dir='ltr'>diis.»</span> <span class='ocrx_word' id='word_1_421' title='bbox 2180 4026 2245 4091; x_wconf 91' lang='lat' dir='ltr'>S.</span> <span class='ocrx_word' id='word_1_422' title='bbox 2282 4020 2669 4090; x_wconf 85' lang='lat' dir='ltr'>Felicianus</span> <span class='ocrx_word' id='word_1_423' title='bbox 2710 4021 2883 4090; x_wconf 77' lang='lat' dir='ltr'>aitz«</span> <span class='ocrx_word' id='word_1_424' title='bbox 2920 4026 3063 4090; x_wconf 78' lang='lat' dir='ltr'>Non</span> 
     </span>
     <span class='ocr_line' id='line_1_44' title="bbox 515 4107 3064 4200; baseline -0.001 -21"><span class='ocrx_word' id='word_1_425' title='bbox 515 4123 618 4179; x_wconf 89' lang='lat' dir='ltr'>est</span> <span class='ocrx_word' id='word_1_426' title='bbox 658 4110 771 4179; x_wconf 90' lang='lat' dir='ltr'>hic</span> <span class='ocrx_word' id='word_1_427' title='bbox 836 4110 1180 4200; x_wconf 85' lang='lat' dir='ltr'>perditus:</span> <span class='ocrx_word' id='word_1_428' title='bbox 1225 4108 1341 4176; x_wconf 89' lang='lat' dir='ltr'>sed</span> <span class='ocrx_word' id='word_1_429' title='bbox 1401 4107 1458 4177; x_wconf 91' lang='lat' dir='ltr'>si</span> <span class='ocrx_word' id='word_1_430' title='bbox 1509 4120 1582 4176; x_wconf 90' lang='lat' dir='ltr'>tu</span> <span class='ocrx_word' id='word_1_431' title='bbox 1629 4108 1780 4196; x_wconf 83' lang='lat' dir='ltr'>ejus</span> <span class='ocrx_word' id='word_1_432' title='bbox 1841 4109 2044 4180; x_wconf 88' lang='lat' dir='ltr'>dictis</span> <span class='ocrx_word' id='word_1_433' title='bbox 2092 4110 2626 4199; x_wconf 80' lang='lat' dir='ltr'>obtemperareS‚</span> <span class='ocrx_word' id='word_1_434' title='bbox 2676 4130 2910 4199; x_wconf 89' lang='lat' dir='ltr'>posses</span> <span class='ocrx_word' id='word_1_435' title='bbox 2962 4111 3064 4176; x_wconf 89' lang='lat' dir='ltr'>in·</span> 
     </span>
     <span class='ocr_line' id='line_1_45' title="bbox 520 4196 3056 4288; baseline -0.001 -21"><span class='ocrx_word' id='word_1_436' title='bbox 520 4199 721 4267; x_wconf 89' lang='lat' dir='ltr'>troire</span> <span class='ocrx_word' id='word_1_437' title='bbox 772 4199 837 4267; x_wconf 92' lang='lat' dir='ltr'>in</span> <span class='ocrx_word' id='word_1_438' title='bbox 893 4196 1229 4288; x_wconf 90' lang='lat' dir='ltr'>potentias</span> <span class='ocrx_word' id='word_1_439' title='bbox 1280 4197 1573 4266; x_wconf 91' lang='lat' dir='ltr'>Domini.</span> <span class='ocrx_word' id='word_1_440' title='bbox 1629 4202 1705 4266; x_wconf 82' lang='lat' dir='ltr'>At</span> <span class='ocrx_word' id='word_1_441' title='bbox 1754 4220 1939 4268; x_wconf 90' lang='lat' dir='ltr'>nunc</span> <span class='ocrx_word' id='word_1_442' title='bbox 1998 4198 2275 4284; x_wconf 91' lang='lat' dir='ltr'>quando</span> <span class='ocrx_word' id='word_1_443' title='bbox 2326 4213 2387 4268; x_wconf 87' lang='lat' dir='ltr'>te</span> <span class='ocrx_word' id='word_1_444' title='bbox 2437 4198 2787 4267; x_wconf 89' lang='lat' dir='ltr'>induravit</span> <span class='ocrx_word' id='word_1_445' title='bbox 2835 4212 3056 4277; x_wconf 86' lang='lat' dir='ltr'>satan,</span> 
     </span>
     <span class='ocr_line' id='line_1_46' title="bbox 516 4285 3062 4377; baseline -0.001 -20"><span class='ocrx_word' id='word_1_446' title='bbox 516 4288 747 4358; x_wconf 88' lang='lat' dir='ltr'>aditus</span> <span class='ocrx_word' id='word_1_447' title='bbox 779 4287 901 4356; x_wconf 88' lang='lat' dir='ltr'>tibi</span> <span class='ocrx_word' id='word_1_448' title='bbox 953 4297 1134 4376; x_wconf 89' lang='lat' dir='ltr'>patet</span> <span class='ocrx_word' id='word_1_449' title='bbox 1164 4285 1232 4353; x_wconf 91' lang='lat' dir='ltr'>in</span> <span class='ocrx_word' id='word_1_450' title='bbox 1284 4285 1515 4376; x_wconf 89' lang='lat' dir='ltr'>ignem</span> <span class='ocrx_word' id='word_1_451' title='bbox 1566 4300 1948 4367; x_wconf 87' lang='lat' dir='ltr'>aeternum,</span> <span class='ocrx_word' id='word_1_452' title='bbox 1992 4287 2113 4372; x_wconf 87' lang='lat' dir='ltr'>qui</span> <span class='ocrx_word' id='word_1_453' title='bbox 2151 4300 2433 4377; x_wconf 89' lang='lat' dir='ltr'>paratus</span> <span class='ocrx_word' id='word_1_454' title='bbox 2479 4300 2583 4356; x_wconf 92' lang='lat' dir='ltr'>est</span> <span class='ocrx_word' id='word_1_455' title='bbox 2621 4287 2769 4366; x_wconf 90' lang='lat' dir='ltr'>tibi,</span> <span class='ocrx_word' id='word_1_456' title='bbox 2814 4301 2880 4354; x_wconf 88' lang='lat' dir='ltr'>et</span> <span class='ocrx_word' id='word_1_457' title='bbox 2912 4308 3062 4354; x_wconf 88' lang='lat' dir='ltr'>om-</span> 
     </span>
     <span class='ocr_line' id='line_1_47' title="bbox 519 4375 3062 4463; baseline -0 -19"><span class='ocrx_word' id='word_1_458' title='bbox 519 4376 726 4446; x_wconf 91' lang='lat' dir='ltr'>nibus</span> <span class='ocrx_word' id='word_1_459' title='bbox 775 4375 892 4444; x_wconf 90' lang='lat' dir='ltr'>tibi</span> <span class='ocrx_word' id='word_1_460' title='bbox 945 4375 1632 4445; x_wconf 80' lang='lat' dir='ltr'>consentientibus.»</span> <span class='ocrx_word' id='word_1_461' title='bbox 1666 4380 1831 4444; x_wconf 90' lang='lat' dir='ltr'>Cum</span> <span class='ocrx_word' id='word_1_462' title='bbox 1885 4388 2114 4445; x_wconf 86' lang='lat' dir='ltr'>autem</span> <span class='ocrx_word' id='word_1_463' title='bbox 2178 4381 2458 4447; x_wconf 86' lang='lat' dir='ltr'>Praeses</span> <span class='ocrx_word' id='word_1_464' title='bbox 2523 4376 2739 4444; x_wconf 88' lang='lat' dir='ltr'>animi</span> <span class='ocrx_word' id='word_1_465' title='bbox 2806 4397 3062 4463; x_wconf 84' lang='lat' dir='ltr'>angore</span> 
     </span>
    </p>
   </div>
  </div>
 </body>
</html>
