3357 4995
247 307 470 383 JUNII
519 318 601 382 46
1088 337 1167 384 mv.
1215 337 1272 384 s.
1325 336 1650 385 Lorexnnc
1694 333 1953 386 vlnomss
2573 324 2702 389 4⁴7

252 439 500 509 passus
556 416 889 486 Dominus
941 437 1093 486 earn
1143 416 1408 488 diutius
1454 417 1668 508 affligi
1703 473 1719 498 ,
1773 417 1891 487 sed
1940 439 2282 509 apparens
2333 418 2457 501 illi,
2511 420 2796 491 adduxit

249 527 486 578 secum
537 506 845 574 animam
892 527 929 573 e
969 507 1209 595 poenis
1248 520 1577 596 ereptam,
1618 505 1924 594 dixitque
1961 507 2025 576 ei
2058 530 2073 573 τ
2118 512 2344 593 Aequo
2374 508 2605 578 animo
2650 521 2795 581 esto

249 595 522 664 dilecta:
576 616 732 663 ecce
779 594 947 663 haec
995 607 1096 665 est
1144 596 1402 674 anima,
1467 617 1589 684 pro
1633 616 1772 681 qua
1831 595 2160 686 postulas.
2215 595 2341 666 Illa
2390 620 2547 667 mox
2596 598 2794 669 humi

247 695 589 774 prostrata
654 683 725 751 in
788 681 1054 763 faciem,
1110 705 1234 774 pro
1284 684 1435 773 ejus
1497 683 1902 754 liberatione
1982 685 2346 754 Dominum
2421 686 2787 757 benedixit.

246 772 492 842 Anima
526 783 754 842 autem
797 771 1266 842 exultabunda
1313 784 1379 842 et
1415 772 1747 853 laudans,
1803 779 1930 843 Lut
1981 773 2129 843 ardi
2187 774 2444 864 gratias
2491 777 2670 866 egit,
2731 791 2796 847 et

248 861 332 930 ad
372 861 637 951 potiora
665 860 1029 940 transiens,
1070 883 1231 930 cum
1264 883 1516 952 magna
1546 861 1770 952 gloria
1815 885 1933 933 coe
1964 885 2041 933 os
2077 864 2474 952 penetravit.
2514 871 2579 934 Is
2611 865 2794 934 idem

252 950 487 1019 Simon
542 963 772 1041 postea
820 950 1146 1049 Lutgardi
1194 950 1434 1020 crebro
1482 951 1827 1041 apparuit,
1866 964 1931 1020 et
1977 951 2155 1020 inter
2183 964 2447 1022 caetera
2497 954 2667 1022 dixit
2698 955 2786 1034 ei,

249 1039 574 1108 undecim
609 1061 827 1107 annos
861 1060 933 1107 se
961 1060 1029 1107 ιη
1065 1040 1464 1128 Purgatorio
1513 1061 1770 1129 poenas
1803 1039 2016 1111 fuisso
2051 1040 2414 1124 luiturum,
2471 1043 2605 1111 nisi
2643 1043 2793 1132 ipsa

251 1129 398 1198 suis
450 1128 771 1217 precibus
802 1126 933 1196 sibi
983 1149 1181 1217 opem
1234 1126 1524 1198 tulisset.
1598 1159 1601 1164 ·

341 1219 377 1303 ξ
423 1223 567 1288 15.
624 1216 881 1306 Spiritu
932 1216 1196 1285 timoris
1245 1216 1415 1285 adeo
1466 1217 1595 1286 fuit
1634 1217 1960 1307 insignita
2015 1218 2182 1287 haec
2251 1219 2462 1310 virgO,
2508 1231 2582 1289 ut
2628 1241 2789 1290 cum

253 1306 454 1374 beato
500 1305 629 1374 Job
661 1304 861 1392 quasi
926 1315 1266 1375 tumentes
1301 1328 1509 1396 super
1557 1327 1628 1374 se
1661 1308 1913 1377 fluctus
1965 1307 2329 1376 Dominum
2386 1309 2673 1391 timeret,
2726 1321 2794 1378 et

253 1395 486 1462 omnia
528 1415 733 1485 opera
765 1416 914 1474 sua,
973 1405 1320 1480 tamquam
1360 1395 1428 1463 in
1471 1394 1683 1463 dubio
1732 1394 1930 1475 sacta,
1971 1407 2337 1465 vereretur.
2386 1397 2513 1466 Diu
2562 1398 2793 1484 itaque

251 1483 545 1573 ejulans,
584 1482 890 1570 quotidie
925 1482 1289 1551 Dominum
1327 1483 1758 1572 precabatur,
1805 1496 1878 1552 ut
1909 1484 2130 1573 ipsam
2163 1486 2365 1553 etiam
2401 1489 2472 1554 in
2501 1486 2628 1556 hac
2656 1488 2791 1555 vita

248 1585 501 1641 certam
554 1571 870 1642 efficeret.
913 1576 1051 1640 Hoc
1077 1570 1419 1642 desiderio
1467 1594 1623 1642 cum
1666 1572 1883 1641 multo
1931 1585 2236 1663 tempore
2280 1586 2642 1657 aestuaret,
2678 1576 2792 1645 die

248 1661 548 1747 quodam
583 1681 815 1729 vocem
867 1660 1129 1729 audivit
1160 1661 1592 1749 apertissime
1640 1661 1723 1729 ad
1777 1684 1848 1730 se
1905 1661 2282 1732 dicentem:
2349 1668 2600 1734 Secura
2641 1664 2790 1752 jam

250 1761 392 1818 esto
422 1749 873 1819 charissima:
929 1748 1151 1838 placet
1181 1753 1312 1818 Deo
1347 1749 1482 1819 vita
1520 1763 1655 1818 tua.
1711 1749 1802 1819 Ad
1855 1749 2093 1820 horam
2160 1751 2369 1842 igitur
2422 1754 2736 1823 exultans
2770 1809 2786 1836 ,

250 1838 499 1907 deinde
540 1837 755 1907 nihilo
792 1838 1066 1918 minu5,
1114 1849 1191 1906 ut
1238 1852 1459 1919 antea,
1542 1838 1984 1908 formidolosa
2032 1839 2183 1908 suit.
2239 1841 2415 1910 Dixit
2469 1865 2630 1932 ergo
2689 1866 2792 1914 se-

250 1927 479 1996 cundo
514 1950 637 1996 vox
694 1925 779 1995 ad
832 1949 981 1994 eam
1017 1949 1030 1992 :
1071 1926 1271 1995 Visne
1319 1927 1671 1997 dominam
1713 1928 1991 1996 Mariam
2051 1928 2133 1996 de
2182 1930 2433 1998 Roavia
2464 1931 2791 2001 securita-

254 2017 341 2084 tis
377 2028 533 2085 tuae
580 2027 817 2086 testem
852 2014 975 2083 tibi
1007 2016 1207 2083 dari?
1233 2020 1310 2084 At
1344 2016 1497 2084 illa:
1552 2021 1719 2097 Non,
1758 2017 2003 2103 inquit:
2062 2016 2273 2086 nimis
2307 2017 2624 2108 religiosa
2660 2033 2785 2102 est,

254 2105 513 2190 diuque
555 2104 726 2173 mihi
751 2103 897 2193 jam
945 2105 1186 2173 anxiae
1227 2105 1528 2174 differret
1574 2106 1871 2173 revelare
1911 2127 2086 2192 quae
2126 2121 2378 2176 nosset.
2419 2113 2494 2176 Et
2529 2130 2651 2178 vox
2689 2109 2792 2179 di-

253 2194 432 2260 vina:
475 2194 751 2261 Interim
779 2214 965 2283 erg0‚
1003 2193 1248 2279 inquit,
1296 2193 1667 2280 tranquillo
1708 2195 1941 2263 animo
1971 2208 2112 2263 esto
2146 2195 2580 2265 charissima:
2637 2220 2790 2287 pro-

254 2280 522 2369 pediem
570 2281 875 2350 redderis
905 2295 969 2350 et
1018 2283 1374 2352 manifeste
1403 2295 1468 2351 et
1497 2283 1781 2352 omnino
1807 2305 2070 2351 secura.
2110 2285 2226 2352 Vix
2270 2296 2564 2370 quatuor
2611 2286 2787 2375 lapsi

250 2383 444 2437 erant
493 2370 662 2451 dies,
701 2393 860 2439 curn
911 2391 1066 2440 ecce
1105 2371 1206 2438 vir
1252 2370 1537 2457 quidam
1589 2371 2005 2461 spectabilis,
2064 2371 2180 2439 sed
2231 2373 2554 2441 omnibus
2593 2374 2789 2464 igno-

252 2469 387 2539 tus,
436 2458 503 2528 in
555 2459 779 2529 locum
814 2457 1036 2539 illum,
1094 2460 1214 2530 ubi
1278 2461 1452 2531 inter
1490 2482 1560 2529 se
1608 2460 2178 2547 colloquebantur
2227 2482 2512 2541 sororeS‚
2559 2463 2790 2553 ingre-

252 2547 462 2627 ditur,
504 2548 953 2634 salutatisque
997 2549 1347 2629 omnibus,
1411 2549 1820 2639 Lutgardem
1873 2561 1948 2619 ut
1987 2550 2193 2619 citius
2239 2553 2643 2631 accersiant,
2685 2576 2790 2622 ro-

254 2651 392 2726 gat.
449 2642 609 2706 Eam
647 2637 1029 2706 venientem
1082 2637 1356 2718 salutat,
1391 2638 1802 2724 cunctisque
1854 2638 2299 2709 audientibus
2347 2640 2555 2709 dicit:
2610 2645 2789 2711 Haec

252 2726 379 2795 tibi
425 2726 705 2795 mandat
753 2726 1223 2826 Omnipotens:
1273 2726 1602 2816 Deinceps
1642 2749 1880 2797 secura
1930 2741 2112 2807 esto,
2167 2728 2327 2813 quia
2384 2730 2665 2798 Domino
2717 2732 2789 2799 in

253 2826 316 2883 te
367 2814 538 2884 bene
585 2813 1025 2905 complacuit.
1083 2815 1203 2883 His
1250 2815 1452 2884 dictis
1484 2871 1498 2895 ‚
1562 2828 1837 2906 repente
1887 2816 1996 2885 dis
2049 2817 2271 2886 aruit:
2327 2838 2451 2887 nec
2517 2840 2792 2890 necesse

251 2916 396 2973 erat
441 2925 793 2991 quaerere,
846 2903 1032 2972 unde
1079 2903 1398 2985 venisset,
1458 2904 1557 2973 vel
1608 2905 1930 2991 quisnam
2013 2905 2212 2975 uerit.
2267 2911 2411 2976 Non
2466 2907 2586 2976 diu
2639 2919 2791 2996 post

251 2992 460 3062 homo
494 2992 777 3080 quidam
840 2992 1315 3062 sanctissimae
1365 2994 1560 3073 vit‘ae,
1620 2993 1853 3062 divina
1902 2993 2306 3063 revelatione
2364 2995 2671 3077 edoctus,
2716 2997 2789 3065 in

248 3081 603 3168 Aquiriam
632 3080 936 3160 venienS,
974 3103 1124 3150 eam
1159 3081 1230 3149 in
1263 3105 1346 3152 su
1402 3082 1681 3152 radictis
1711 3083 2297 3153 consolationibus
2329 3085 2782 3155 confirmavit.

336 3172 373 3257 ξ
419 3175 570 3243 10.
624 3170 826 3240 Jami
885 3169 1021 3239 itur
1067 3171 1302 3239 animo
1359 3171 1723 3241 erventiori
1753 3173 2044 3262 cupiens
2073 3172 2257 3241 exire
2302 3194 2337 3241 e
2384 3195 2688 3263 corpore,
2725 3188 2791 3243 et

250 3258 550 3347 migrare
597 3260 668 3328 in
718 3191 965 3339 οοεῗοε,
1008 3258 1315 3345 quotidie
1346 3260 1689 3351 lacrymas
1755 3260 2103 3332 fundebat.
2173 3262 2506 3332 Dominus
2557 3276 2788 3332 autem

249 3346 674 3418 clamoribus
707 3347 861 3436 ejus
908 3348 1191 3418 modum
1233 3370 1484 3437 ponere
1515 3349 1772 3429 volenS,
1810 3350 2118 3421 celeriter
2148 3352 2469 3451 apparuit
2515 3353 2600 3433 ei,
2636 3351 2788 3421 vul-

249 3436 671 3524 neribusque
693 3458 1029 3506 manuum
1073 3458 1151 3504 ac
1197 3437 1453 3526 pedum
1481 3450 1546 3506 et
1572 3438 1803 3508 lateris
1838 3438 2155 3520 detectis,
2195 3439 2398 3508 dixit:
2441 3466 2465 3501 «
2496 3446 2589 3509 En
2622 3462 2789 3510 con-

250 3524 582 3616 templare
637 3525 1071 3606 charissima,
1111 3534 1187 3593 ut
1234 3526 1521 3596 vulnera
1569 3549 1722 3596 mea
1782 3527 2080 3598 clament
2126 3528 2211 3597 ad
2263 3540 2347 3609 te,
2402 3551 2487 3598 ne
2536 3529 2788 3598 frustra

250 3615 664 3705 sanguinem
732 3613 1054 3697 fuderim,
1110 3636 1275 3683 neve
1336 3615 1483 3684 sine
1531 3638 1741 3688 causa
1802 3630 2090 3687 mortem
2138 3638 2512 3708 perpessus
2559 3618 2716 3687 sim.
2753 3644 2782 3683 ι

248 3703 370 3773 His
416 3716 482 3773 et
530 3704 695 3773 visis
741 3715 809 3773 et
853 3703 1113 3774 auditis
1163 3703 1526 3794 Lutgardis
1557 3704 1933 3775 admodum
1968 3704 2305 3787 exterrita,
2352 3728 2510 3776 cum
2547 3706 2790 3777 timore

246 3804 311 3859 et
361 3804 652 3862 tremore
698 3794 1060 3879 quaesivit,
1113 3792 1273 3879 quis
1319 3792 1436 3862 ille
1482 3805 1660 3864 esset
1693 3793 2058 3864 vulnerum
2110 3794 2354 3865 Christi
2388 3794 2671 3876 clamor,
2725 3806 2792 3865 et

215 3900 655 3970 ·responsum
705 3893 808 3952 est
835 3884 897 3952 ei
934 3906 948 3949 :
1004 3882 1260 3952 Labore
1288 3893 1403 3951 tuo
1433 3895 1496 3953 et
1543 3882 1875 3972 lacrymis
1917 3883 2089 3953 iram
2123 3884 2341 3953 Patris
2361 3884 2508 3975 jam
2546 3906 2790 3954 accen-

251 3988 397 4035 sam
432 3970 807 4061 mitigabiS‚
863 3993 947 4040 ne
982 3976 1221 4060 perdat
1271 3984 1703 4060 peccatores,
1748 3970 1863 4040 sed
1916 3983 1992 4043 ut
2048 3972 2269 4063 ipsius
2318 3972 2791 4043 misericordia

250 4070 735 4129 convertantur
761 4071 827 4129 et
857 4060 1105 4129 vivant.

337 4146 373 4231 ἓ
415 4149 548 4216 1⁵2.
601 4148 748 4217 Alia
794 4148 965 4219 visio
1013 4170 1135 4240 per
1176 4147 1358 4218 idem
1412 4171 1626 4240 prope
1677 4160 1952 4239 tempus
2015 4150 2241 4221 oblata
2286 4162 2388 4221 est
2437 4151 2782 4242 Lutgardi.

246 4234 670 4306 Venerabilis
698 4242 1002 4308 Joannes
1049 4242 1378 4327 Lyranus‚
1422 4239 1626 4330 cujus
1674 4261 1886 4329 supra
1953 4240 2434 4321 meminimus,
2488 4262 2647 4309 curn
2708 4262 2790 4311 ea

241 4335 521 4413 pactum
551 4324 817 4409 inierat,
851 4339 930 4398 ut
976 4327 1097 4414 qui
1150 4327 1334 4418 prior
1366 4348 1404 4397 e
1442 4329 1579 4398 vita
1620 4328 2006 4419 migrasset,
2046 4329 2401 4428 superstiti
2447 4343 2598 4418 post
2639 4329 2789 4399 obi-

241 4424 389 4483 tum
420 4425 801 4503 appareret.
851 4420 1085 4503 Itaque
1113 4420 1413 4489 Joannes
1450 4416 1562 4487 hic
1587 4421 1967 4487 Romanam
1995 4440 2284 4499 curtam,
2332 4418 2419 4487 ob
2445 4416 2785 4504 quaedam

405 4525 648 4581 surius
677 4555 694 4567 ·
728 4523 891 4585 Vitae
913 4524 1024 4587 SS.
1049 4556 1073 4569 ·
1100 4522 1228 4587 Vol.
1259 4524 1360 4587 v1.
2549 4527 2627 4587 27
