3357 4995
264 295 487 362 JUNII
537 295 620 360 ⁴6
985 313 1065 360 nn
1110 314 1167 362 s.
1222 313 1510 362 BENNONE
1559 313 1856 362 n1sNssNs1
1902 313 2106 363 nrlsc.
2602 298 2730 365 379

267 409 497 468 tamen
559 398 758 479 vitae,
819 408 886 467 et
939 397 1369 470 secularibus
1428 399 1721 489 negotiis
1770 400 1995 501 magis
2043 398 2380 479 deditum,
2448 398 2809 490 eligerent.

254 492 572 574 'Cumque
602 486 924 578 pluribus
963 492 1192 556 Benno
1220 487 1568 579 suffragiis
1592 510 1802 576 quam
1840 488 2235 579 Sigebertus
2270 487 2419 579 ipse
2448 489 2806 572 niteretur,

265 575 886 658 nihilominusilli
948 576 1237 645 libenter
1284 599 1363 645 ac
1412 577 1592 647 ultro
1639 577 1877 647 cessit:
1932 576 2345 678 supplicans
2400 577 2815 650 electoribus

265 664 435 745 suis,
477 686 562 734 ne
600 664 1201 754 contemplativam
1254 667 1475 755 ipslus
1513 667 1720 735 vitam
1756 666 2226 735 exterioribus
2259 664 2447 737 curis
2495 689 2574 736 ac
2606 668 2816 737 actio-

262 753 474 824 nibus
506 753 965 844 impedirent:
1021 754 1243 825 tribus
1277 767 1504 824 tamen
1542 754 1901 825 mensibus
1941 755 2011 823 in
2064 754 2291 825 officio
2324 767 2502 826 stare
2531 771 2811 826 coactus

261 853 385 922 est,
443 842 661 913 donec
709 843 1036 912 flentibus
1083 864 1287 933 saepe
1348 843 1568 912 oculis
1625 844 2047 913 vacationem
2125 844 2436 913 muneris
2485 844 2805 915 obtinuit.
2910 893 2921 904 ·

266 932 443 1001 Hinc
487 944 588 1001 est
624 931 809 1019 quod
851 932 919 1000 in
974 931 1283 1022 catalogo
1331 932 1669 1002 Abbatum
1720 932 2030 1020 ejusdem
2085 932 2476 1003 Monasterii
2526 955 2652 1004 suo
2699 955 2812 1003 or-

264 1018 427 1089 dine
474 1043 552 1090 ac
603 1022 749 1090 loco
797 1021 891 1089 ita
942 1020 1305 1090 scribitur:
1363 1026 1591 1089 Benno
1656 1021 1863 1092 frater
1909 1032 2233 1111 acpater
2282 1032 2534 1102 noster,
2590 1023 2813 1093 Abbas

263 1109 590 1201 eligitur:
645 1109 763 1178 sed
834 1131 1041 1199 parvo
1108 1120 1413 1200 tempore
1485 1110 1669 1180 stetit
1728 1110 1799 1178 in
1852 1110 2211 1200 regimine,
2265 1110 2487 1180 tribus
2551 1112 2813 1182 scilicet

264 1199 662 1270 mensibus:
704 1211 937 1288 postea
987 1198 1386 1267 Missnensis
1436 1203 1482 1266 E
1538 1198 1818 1288 iscopus
1867 1198 2110 1280 factu5,
2166 1198 2521 1268 miraculis
2575 1199 2806 1276 claret.

267 1286 416 1357 Illic
466 1287 801 1378 sepultuS,
856 1287 979 1357 ubi
1018 1288 1183 1356 etin
1235 1308 1483 1376 praesu
1513 1309 1621 1355 em
1656 1300 1757 1357 est
1796 1300 2075 1358 unctus,
2115 1292 2294 1356 Haec
2343 1287 2484 1378 ibi..

352 1378 389 1462 ξ
436 1379 519 1448 8.
577 1376 891 1467 Deposita
939 1375 1416 1445 Ecclesiastica
1447 1376 1576 1445 hac
1615 1375 2066 1464 praefectura,
2109 1381 2338 1445 Benno
2373 1390 2604 1445 noster
2651 1378 2812 1446 reli-

265 1486 473 1550 quam
513 1466 716 1534 vitam
771 1465 838 1532 in
877 1465 1160 1555 privato,
1214 1477 1279 1534 et
1318 1463 1417 1533 vel
1449 1457 1519 1533 in
1547 1466 1877 1544 oratione,
1920 1465 2016 1535 vel
2062 1465 2351 1534 lectione
2399 1464 2633 1533 divina
2662 1480 2811 1535 tan-

263 1555 621 1622 tummodo
653 1545 1171 1643 transigendam
1223 1554 1644 1623 decreverat:
1678 1576 1914 1623 verum
1956 1555 2398 1644 omnipotens
2447 1568 2511 1622 et
2559 1554 2814 1643 glorio-

262 1664 384 1711 sus
420 1643 489 1711 in
541 1644 799 1711 sanctis
830 1643 976 1711 suis
1027 1647 1225 1722 DeuS‚
1261 1643 1378 1729 qui
1410 1642 1709 1712 humiles
1744 1643 1949 1712 corde
1975 1643 2329 1723 sublimat,
2361 1655 2427 1712 et
2476 1643 2811 1733 superbos

261 1730 347 1799 de
398 1731 558 1801 sede
591 1731 941 1801 deturbat:
979 1753 1115 1800 non
1159 1753 1406 1821 passus
1439 1743 1540 1800 est
1587 1731 2085 1801 candelabrum
2121 1731 2248 1801 hoc
2299 1730 2807 1801 lucidissimum

262 1841 537 1910 semper
570 1820 700 1890 sub
751 1818 980 1888 modio
1013 1819 1430 1890 delitescere.
1475 1820 1663 1889 Unde
1697 1820 1885 1890 brevi
1916 1832 2146 1910 postea
2179 1819 2487 1909 contigit,
2528 1833 2605 1889 ut
2644 1821 2811 1910 piis-

261 1909 486 1979 simus
524 1914 902 1998 Imperator
929 1910 1268 1978 Henricus
1318 1931 1432 1978 rex
1480 1913 1574 1977 III
1632 1908 2005 1979 Ecclesiam
2048 1909 2542 1979 Goslariensem
2577 1908 2811 1997 (cujus

264 1995 720 2067 fundamenta
756 1998 902 2086 jam
960 2011 1157 2066 antea
1183 1998 1443 2087 jecerat
1490 1998 1843 2068 Conradus
1892 1998 2209 2066 decessor
2258 1998 2483 2087 ipsius
2511 1998 2650 2066 sive
2695 2022 2812 2088 pa—

260 2100 384 2165 ter,
442 2086 584 2155 sive
633 2087 905 2168 socer)*
954 2087 1324 2176 magnifico
1364 2108 1442 2155 ac
1480 2087 1665 2175 regio
1695 2087 1887 2156 cultu
1936 2086 2324 2156 absolutam
2359 2086 2666 2156 dedicari
2713 2087 2813 2156 fa-

264 2188 446 2244 ceret
495 2197 615 2264 per
649 2196 899 2244 manus
947 2174 1324 2245 beatissimi
1377 2175 1726 2244 Pontificis
1759 2176 2004 2246 Leonis
2035 2180 2122 2244 IX
2156 2175 2638 2265 praesentibus
2685 2176 2813 2244 ibi-

268 2261 422 2330 dem
466 2263 970 2344 CardinalibuS,
1017 2264 1373 2354 Episcopis
1411 2277 1476 2333 et
1522 2264 1922 2345 Abbatibus,
1982 2285 2273 2333 numero
2322 2287 2536 2333 Lxxnl.
2590 2269 2809 2346 Quam

264 2350 542 2508 guidem
596 2351 955 2423 ecclesiam
1014 2374 1174 2422 cum
1228 2353 1409 2422 idem
1471 2358 1849 2442 Imperator
1909 2352 2368 2442 dignissimus
2438 2353 2806 2441 specialem

314 2439 591 2533 einceps
647 2443 776 2531 (ut
811 2441 976 2511 <suis
1023 2454 1180 2511 utar
1226 2441 1505 2532 verbis)
1558 2442 1840 2529 Imperii
1899 2440 2267 2532 Capellam,
2320 2453 2385 2512 et
2433 2441 2809 2511 Canonicos

261 2529 486 2619 ipsius
536 2529 937 2630 Capellanos
985 2531 1209 2620 regios
1258 2531 1518 2631 passim
1570 2531 1806 2600 haberi
1853 2542 1919 2600 et
1969 2530 2313 2599 nominari
2365 2529 2599 2598 vellet:
2657 2552 2812 2599 exa-

262 2630 443 2687 ctam
496 2618 686 2689 dedit
729 2640 1034 2709 operam,
1088 2632 1165 2688 ut
1213 2642 1393 2689 viros
1435 2630 1620 2688 tanto
1657 2619 1913 2688 honore
1960 2618 2231 2708 dignos,
2285 2631 2351 2687 et
2400 2631 2536 2687 tam
2591 2619 2811 2687 literis

262 2729 471 2793 quam
527 2720 802 2778 sanctae
857 2709 1397 2777 conversationis
1448 2709 1761 2778 moribus
1817 2708 2134 2798 probatos
2181 2706 2400 2776 eidem
2476 2706 2812 2777 ecclesiae

262 2795 687 2884 praeficeret,
742 2796 1083 2882 siquidem
1138 2796 1281 2866 illic
1320 2797 1524 2867 etiarn
1568 2797 1792 2886 'Regni
1837 2797 2065 2866 sedem
2103 2796 2572 2865 constituerat.
2628 2796 2808 2865 Lecti

261 2899 425 2952 sunt
472 2885 685 2975 igitur
715 2907 796 2954 ex
843 2886 1034 2955 omni
1066 2885 1204 2954 fere
1254 2885 1618 2955 Germania
1669 2886 1794 2954 viri
1840 2907 2000 2955 cum
2051 2884 2456 2961 doctissimi,
2513 2897 2654 2952 tum
2709 2906 2810 2953 re-

265 2973 541 3063 ligionis
589 2974 1220 3044 observantissimi:
1275 2976 1452 3044 inter
1497 2995 1671 3061 quos
1724 2986 1789 3043 et
1843 2973 2255 3043 venerabilis
2298 2986 2526 3042 noster
2573 2978 2810 3042 Benno

266 3063 587 3134 maximis
612 3065 1054 3153 Imperatoris
1074 3063 1421 3151 precibus,
1458 3076 1806 3132 annuente
1831 3075 1898 3132 et
1906 3063 2191 3153 jubente
2214 3061 2512 3152 praefato
2533 3084 2808 3131 summo

262 3150 610 3231 Pontifice‚
654 3152 757 3227 vix
808 3152 1081 3220 tandem
1137 3152 1551 3221 monasterio
1603 3173 1729 3221 suo
1767 3165 2135 3232 extractus,
2168 3174 2246 3220 ac
2294 3150 2517 3220 dictae
2567 3150 2805 3220 Gosla-

264 3239 473 3309 riensi
505 3239 834 3310 ecclesiae
865 3240 1237 3329 (quatenus
1269 3262 1480 3310 novae
1509 3241 2027 3331 congregationi
2059 3239 2390 3330 spiritalis
2420 3253 2809 3309 armaturae

262 3328 402 3396 dux
448 3341 648 3405 esset,
702 3342 766 3398 et
814 3329 1316 3398 ecclesiasticae
1375 3351 1524 3399 eam
1576 3329 1990 3419 disciplinae
2050 3329 2404 3418 tyrociniis
2473 3328 2809 3416 erudiret)

264 3417 331 3484 in
384 3418 784 3508 Magistrum
849 3441 928 3487 ac
986 3418 1406 3486 Canonicum
1467 3417 1850 3507 praefectus
1910 3429 2035 3487 est.
2088 3423 2302 3501 Quam
2379 3416 2797 3485 laudabilem

263 3527 420 3574 vero
468 3527 547 3574 ac
603 3518 908 3576 sanctam
961 3506 1123 3575 olim
1161 3505 1364 3574 vitam
1409 3505 1678 3576 duxerit
1711 3510 1931 3597 prima
1974 3528 2052 3576 ea
2101 3505 2640 3575 Goslariensium
2685 3510 2803 3573 Ca—

258 3595 665 3663 nonicorum
733 3594 1196 3685 congregatio,
1255 3595 1669 3664 documento
1720 3617 1870 3664 esse
1922 3606 2162 3695 potest,
2230 3616 2368 3662 non
2434 3592 2657 3664 solum
2707 3593 2800 3675 id,

259 3682 439 3769 quod
493 3683 729 3773 plures
777 3684 1001 3752 ex-eis
1051 3682 1364 3751 divorum
1424 3705 1711 3752 numero
1759 3683 2066 3773 ascripti,
2122 3681 2405 3773 plurimi
2446 3682 2804 3751 beatorum

257 3770 717 3861 appellatione
746 3771 944 3861 (dum
977 3771 1206 3840 adhuc
1250 3771 1861 3863 viverent)dignati
1885 3784 2083 3841 sunt:
2121 3792 2360 3840 verum
2397 3770 2566 3840 illud
2602 3771 2804 3840 etiam

260 3873 644 3930 memoratu
665 3860 1184 3950 dignissimum,
1213 3860 1397 3947 quod
1425 3882 1583 3929 cum
1611 3861 1680 3929 in
1708 3872 2034 3951 potestate
2054 3863 2555 3950 Imperatorum
2578 3858 2808 3929 adhuc

257 3961 434 4018 esset
483 3950 976 4039 Episcoporum
1013 3948 1156 4018 desi
1215 3949 1421 4029 nati0,
1478 3949 1684 4039 pauci
1732 3949 2015 4019 aliunde
2063 3970 2274 4036 quam
2309 3971 2389 4018 ex
2420 3948 2660 4018 eadem
2698 3968 2806 4016 re-

311 4037 374 4105 ia
404 4037 514 4127 (ut
560 4038 949 4125 dicebatur)
996 3971 1288 4127 (ἶειρεῇε,
1337 4050 1474 4105 tam
1525 4037 1655 4107 sub
1706 4038 2056 4138 praedicto
2112 4038 2407 4108 Henrico
2462 4041 2557 4106 ΙΙΙ
2597 4058 2808 4124 quam

255 4059 399 4194 filio
449 4126 668 4216 ipsius
723 4131 844 4196 IIII
882 4140 949 4195 et
997 4138 1238 4216 nepote
1267 4131 1337 4205 V,
1373 4129 1728 4213 aequlvoct
1759 4127 2062 4197 nominis
2107 4126 2409 4218 regibus,
2456 4126 2542 4196 ad
2593 4146 2803 4213 quae-

259 4236 560 4301 cumque
605 4215 807 4285 etiam
847 4215 1209 4306 Episcopia
1250 4214 1799 4285 conscenderint.

308 4432 329 4453 ‘⁸
362 4431 449 4471 nic
467 4435 538 4471 est
553 4433 781 4472 conradus
799 4432 969 4471 &meu
991 4436 1123 4480 pater
1146 4431 1326 4471 tlenrtcs
1343 4431 1420 4471 lt!
1431 4424 1646 4480 cognosti.
1667 4432 1811 4481 Mart.
