3357 4995
198 356 410 425 JUNII
460 360 546 422 526
914 374 993 420 nc
1042 374 1096 419 s.
1152 373 1484 420 Ammiano
1532 374 1769 420 nume.
1824 374 2022 421 muse.
2518 360 2645 423 609

204 483 443 531 omnes
492 459 833 529 illustrius
880 458 965 526 de
996 478 1067 526 se
1098 457 1334 527 lumen
1363 472 1723 547 spargunt.
1764 460 1862 527 Fit
1900 459 2161 528 clamor
2187 458 2515 529 ecclesiae
2549 461 2739 531 exul-

208 551 441 630 tantiS,
494 560 559 617 et
609 554 819 617 Deum
892 546 1349 616 laudantium.
1405 553 1790 616 Accurrunt
1859 570 2100 617 omnes
2150 560 2293 619 tum
2345 549 2734 639 indigenae,

204 650 347 707 tum
402 637 746 729 peregrini
809 636 931 722 qui
996 634 1140 703 illic
1208 635 1536 717 aderant,
1609 649 1930 723 tantoque
1979 637 2369 726 spectaculo
2418 639 2618 708 obstu
2670 662 2741 707 e-

202 739 430 796 scunt.
486 732 560 798 In
612 726 700 794 iis
739 725 869 794 fuit
916 724 1119 793 etiam
1170 728 1408 793 Comes
1457 725 1881 795 Humbertus
1910 737 1974 794 et
2003 749 2195 796 socer
2233 727 2382 817 ejus
2413 662 2741 797 GirarXus

202 815 635 896 ViennensiS,
687 824 751 883 et
797 813 918 900 qui
971 834 1129 882 cum
1180 812 1321 882 illis
1370 827 1564 882 erant
1614 814 1737 882 viri
1792 814 2094 884 illustres
2144 838 2278 885 non
2333 816 2559 906 pauci.

294 913 331 986 ἓ
381 910 471 976 3.
529 909 604 971 In
657 901 994 972 territorio
1044 901 1675 992 Gratianopolitano
1726 903 1827 972 vir
1876 904 2130 973 nobilis
2176 917 2341 985 erat,
2393 910 2606 974 Deum
2666 906 2745 974 ti-

206 1016 403 1062 mens
443 1015 601 1062 cum
654 992 948 1091 conjuge
997 1013 1146 1059 sua.
1203 994 1553 1060 Amaverat
1598 991 1757 1061 illos
1822 993 2250 1074 anthelmus,
2317 994 2524 1064 totius
2582 996 2745 1064 boni

205 1095 493 1153 amator.
544 1086 829 1150 Deerant
876 1080 962 1148 lis
1011 1079 1259 1168 proles,
1300 1080 1479 1166 quod
1520 1093 1830 1150 matrona
1859 1082 2133 1151 sterilis
2163 1096 2361 1153 esset.
2405 1088 2485 1151 Ut
2514 1096 2746 1152 autem

207 1172 518 1261 pervenit
566 1170 650 1238 ad
702 1192 815 1238 eos
864 1168 1048 1236 fama
1096 1180 1192 1236 tot
1255 1168 1750 1239 miraculorum
1801 1193 1976 1257 quae
2024 1170 2109 1239 ad
2169 1171 2564 1261 sepulcrum
2619 1172 2745 1239 viri

205 1261 325 1329 Dei
366 1261 643 1338 fiebant,
698 1259 792 1327 ait
842 1279 1010 1326 uxor
1076 1258 1322 1325 marito
1378 1281 1533 1328 suo:
1591 1259 1710 1327 Ibo
1759 1259 1843 1327 ad
1886 1260 2248 1329 dominum
2303 1282 2533 1329 meum
2585 1283 2746 1329 san-

203 1363 395 1420 ctum
445 1347 910 1427 Anthelmum,
967 1344 1141 1413 nihil
1191 1346 1542 1427 dubitans,
1596 1348 1763 1433 quin
1818 1349 1904 1417 sit
1941 1348 2112 1416 mihi
2160 1372 2199 1417 a
2258 1349 2543 1418 Domino
2595 1372 2748 1439 pro-

206 1438 340 1507 lem
393 1438 910 1527 impetraturus.
956 1434 1153 1515 Abiit,
1225 1457 1459 1524 preces
1516 1436 1764 1506 obtulit
1815 1437 2089 1506 devotas
2138 1460 2297 1508 cum
2349 1438 2563 1506 multa
2614 1437 2747 1506 fide

204 1539 269 1595 ct
335 1548 477 1615 spe,
535 1525 817 1594 domum
872 1546 1139 1593 reversa
1186 1525 1498 1613 concepit
1527 1537 1593 1594 et
1619 1526 1821 1594 enixa
1867 1539 1989 1595 est.
2044 1526 2404 1615 Ejusmodi
2447 1528 2749 1595 miracu-

209 1615 357 1684 lum
409 1613 656 1683 fecerat
688 1614 891 1682 etiam
925 1613 996 1681 in
1024 1613 1159 1681 vita
1190 1636 1338 1683 sua.
1376 1614 1637 1703 Negotii
1688 1615 2052 1702 cujusdam
2103 1615 2509 1705 expediendi
2539 1619 2750 1684 causa

209 1704 396 1772 venit
444 1708 806 1782 Genevam‚
860 1702 985 1772 hos
1040 1702 1529 1791 itm-acceptus
1561 1715 1726 1771 esta
1757 1703 2196 1790 Bujamundo
2245 1705 2466 1773 amico
2497 1705 2742 1793 ipsius.

212 1799 581 1879 Postquam
615 1790 891 1860 assedit:
927 1796 976 1858 U
1032 1791 1051 1858 i
1100 1802 1224 1870 est,
1262 1791 1507 1877 inquit,
1548 1791 1870 1860 domina?
1899 1794 2058 1861 Volo
2089 1816 2240 1862 eam
2273 1792 2519 1861 videre.
2559 1793 2751 1860 Venit

218 1880 360 1961 illa,
418 1881 820 1949 hortabatur
865 1879 969 1948 vir
1016 1879 1256 1948 beatus
1305 1881 1567 1960 ambOS‚
1608 1892 1685 1949 ut
1725 1881 1928 1949 fidem
1981 1882 2289 1967 conjucrii
2328 1894 2392 1949 et
2428 1893 2750 1951 mutuum

214 1991 522 2038 amorem
572 1980 1076 2048 conservarent,
1142 1969 1342 2039 bonis
1401 1969 1727 2068 operibus
1789 1984 2015 2041 essent
2049 2032 2060 2042 .
2099 1932 2334 2046 dediti,
2382 1970 2750 2056 divinoque

216 2058 450 2127 timori
485 2079 758 2147 semper
805 2058 1260 2126 inhaererent.
1332 2058 1501 2126 Dixit
1560 2070 1789 2127 autem
1839 2060 1922 2128 ad
1975 2060 2174 2129 illum
2229 2057 2746 2148 Bujamundus:

212 2148 525 2227 Domine,
568 2147 733 2217 satis
780 2146 1058 2233 quidem
1120 2146 1354 2215 omnia
1392 2169 1470 2215 ex
1511 2148 1843 2218 sententia
1893 2148 2266 2218 habemus:
2331 2147 2447 2218 sed
2497 2170 2745 2226 unum,

209 2236 400 2321 quod
456 2234 555 2304 vel
606 2235 903 2305 maxime
950 2247 1294 2325 optamus,
1349 2235 1567 2305 deest:
1626 2237 2167 2326 nempe-proles.
2223 2242 2391 2305 Tum
2443 2237 2545 2304 vir
2593 2258 2753 2304 san-

206 2336 360 2394 ctus
416 2336 611 2394 vocat
657 2324 745 2393 ad
796 2346 866 2395 se
916 2337 1324 2404 matronam,
1383 2325 1602 2416 pingit
1652 2331 1933 2394 Crucem
1987 2326 2056 2393 in
2109 2324 2326 2394 fronte
2366 2325 2540 2414 ejuS‚
2587 2324 2754 2393 dicit

205 2413 707 2503 orejucundo:
764 2419 839 2481 In
890 2414 1167 2482 nomine
1227 2413 1494 2481 Domini
1545 2413 1649 2482 fac
1707 2415 1877 2483 mihi
1918 2436 2137 2483 unum
2193 2414 2438 2482 filium.
2485 2420 2628 2482 Mox
2676 2414 2748 2480 in

202 2503 458 2573 virtute
507 2504 744 2574 Crucis
793 2503 1198 2572 mandatum
1249 2503 1444 2583 fides,
1482 2515 1547 2572 et
1594 2502 1800 2572 fidem
1853 2505 2134 2573 effectus
2165 2516 2578 2573 consecutus
2624 2514 2746 2571 est.

204 2594 533 2683 Concepit
579 2593 765 2662 enim
797 2614 877 2661 ex
926 2592 1194 2671 marito,
1233 2604 1298 2660 et
1336 2604 1724 2681 opportuno
1766 2599 2071 2681 tempore
2119 2592 2333 2660 edidit
2365 2591 2613 2659 filium.

292 2684 472 2768 §CL
554 2680 965 2751 Adolescens
1011 2678 1297 2767 quidam
1357 2680 1651 2760 nobilis,
1728 2680 2041 2750 nondum
2106 2682 2396 2769 adeptus
2466 2678 2755 2748 militiae

210 2771 609 2861 cingulum,
667 2769 905 2839 oderat
958 2780 1275 2841 sanctum
1324 2771 1594 2849 virum,
1658 2769 1965 2838 fortassis
2027 2770 2113 2839 ab
2163 2769 2279 2837 illo
2339 2767 2757 2855 quandoque

216 2859 655 2950 objurgatus.
710 2862 777 2928 Is
825 2879 983 2929 cum
1036 2857 1357 2926 transiret
1404 2858 1853 2927 reverendum
1893 2858 2049 2944 ejus
2093 2855 2517 2948 sepulcrum,
2573 2855 2758 2925 vide-

223 2961 464 3035 retque
514 2948 611 3017 ibi
634 2948 867 3036 jacere
915 2947 1230 3016 homines
1278 2946 1632 3016 morbidos
1663 2959 1729 3016 et
1776 2947 1955 3016 male
2002 2947 2299 3026 ass'ectoS,
2340 2945 2615 3014 illorum
2677 2947 2758 3013 fi-

217 3036 380 3104 dem
434 3036 766 3107 stultitiae
817 3034 1152 3117 tribuens,
1198 3034 1341 3104 ibat
1377 3035 1829 3105 cachinnans.
1866 3040 1941 3106 Et
1965 3057 2122 3105 ecce
2155 3035 2380 3106 subito
2414 3035 2557 3104 acri
2606 3056 2757 3104 cor-

224 3125 487 3215 ripitur
533 3124 742 3205 febre,
798 3136 862 3192 et
890 3122 1308 3194 intolerabili
1332 3123 1576 3194 ardore
1622 3138 1923 3204 vexatur,
1973 3146 2164 3224 spem
2197 3124 2372 3193 vitae
2397 3124 2753 3213 abjiciens

220 3216 301 3282 At
350 3213 689 3305 colligens
737 3234 911 3294 sese,
949 3211 1112 3283 duci
1158 3213 1383 3302 coepit
1406 3213 1848 3303 poenitentia,
1891 3235 2372 3300 soclorumque
2406 3212 2753 3292 manibu5‚

223 3323 384 3370 cum
438 3325 561 3394 per
607 3323 680 3374 se
728 3323 864 3372 non
913 3310 1163 3391 posset,
1218 3322 1297 3371 eo
1345 3300 1756 3392 perductuS,
1813 3302 2164 3372 humiliter
2209 3301 2478 3370 veniam
2539 3301 2753 3391 petiit,

218 3401 378 3460 vota
427 3389 884 3490 nuncupavit,
936 3399 1001 3459 et
1056 3389 1389 3460 liberatus
1440 3403 1564 3461 est.
1625 3390 1890 3460 Idcirco
1935 3392 2122 3460 enim
2169 3411 2453 3481 corpore
2504 3411 2759 3480 poenas

227 3475 386 3561 luit,
436 3491 517 3550 ut
579 3500 814 3549 ammo
861 3490 1242 3548 sanaretur.
1298 3478 1488 3549 Alius
1537 3479 1821 3566 quidam
1894 3479 2149 3550 nobilis
2201 3477 2760 3548 adolescentulus

221 3564 684 3649 hemitritan,
736 3567 808 3636 id
840 3577 964 3648 est,
1017 3567 1486 3638 semitertiana
1533 3567 1720 3639 febre
1766 3568 1913 3637 dire
1961 3568 2428 3648 cruciabatur,
2481 3568 2592 3637 cui
2647 3588 2761 3636 ac-

225 3654 517 3727 cedebat
561 3655 767 3726 etiam
829 3656 1117 3727 morbus
1175 3655 1506 3727 caducus,
1580 3661 1646 3728 Is
1710 3656 1794 3726 de
1842 3657 2025 3737 vino,
2072 3679 2208 3744 quo
2262 3656 2579 3726 ablutum
2633 3655 2764 3725 fuit

219 3762 499 3815 sacrum
549 3744 733 3815 beati
781 3744 913 3814 viri
950 3766 1229 3835 corpuS,
1264 3746 1533 3826 bibenS,
1589 3758 1872 3815 curatus
1919 3759 2056 3817 est:
2101 3746 2550 3833 ejusdemque
2618 3745 2764 3814 vini

221 3843 390 3914 potu
437 3833 645 3906 multi
692 3856 729 3904 a
780 3834 1069 3904 diversis
1112 3846 1274 3904 sunt
1318 3833 1581 3904 morbis
1630 3834 1922 3903 liberati.

297 3921 342 4015 ,ξ
387 3927 475 3994 ὅ.
531 3925 864 3993 Mercator
909 3922 1198 4012 quidam
1246 3922 1333 3992 ab
1371 3933 1600 3993 extera
1630 3924 1908 4013 regione
1949 3937 2312 4004 revertens,
2355 3945 2480 4013 pro
2510 3921 2764 3994 distra-

224 4013 351 4074 ctis
384 4012 738 4083 mercibus
785 4011 934 4081 suis
979 4032 1257 4093 aurum,
1311 4022 1678 4102 argentum
1726 4024 1793 4081 et
1857 4034 2178 4103 magnam
2229 4013 2428 4083 serici
2491 4012 2765 4102 copiam

226 4101 636 4192 reportabat.
692 4104 861 4170 Cum
910 4099 1404 4170 transmitteret
1441 4112 1672 4169 autem
1709 4100 2122 4172 Rhodanum
2167 4102 2450 4181 flumen,
2490 4123 2715 4187 equus
2744 4155 2760 4181 ,

227 4198 343 4278 ⁰¹¹¹.
372 4204 449 4253 ea
480 4188 715 4258 omnia
747 4189 1197 4280 imposuerat,
1248 4210 1413 4258 cum
1462 4188 1738 4258 sarcina
1783 4211 1821 4257 e
1867 4189 2026 4258 navi
2088 4190 2363 4259 decidit.
2421 4194 2496 4258 Et
2543 4189 2768 4279 primo

226 4268 505 4351 quidem
540 4277 900 4348 videbatur
926 4277 1013 4348 ab
1046 4275 1187 4346 illis
1219 4276 1343 4366 qui
1374 4289 1573 4348 erant
1600 4277 1667 4346 in
1722 4278 1903 4360 navi,
1943 4277 2109 4348 dum
2144 4278 2457 4348 fluminis
2504 4278 2769 4367 impetu

226 4354 650 4435 traheretur:
702 4366 820 4436 sed
864 4388 1146 4459 pressus
1179 4365 1480 4449 sarcina,
1536 4367 1625 4436 ab
1672 4388 1912 4438 eorum
1962 4367 2183 4439 oculis
2223 4365 2610 4437 subductus
2637 4377 2762 4434 est.

228 4444 592 4535 Postquam
641 4453 854 4546 igitur
922 4476 1119 4529 casso
1190 4454 1426 4527 labore
1472 4476 1634 4528 eum
1710 4456 1913 4527 desiit
1972 4468 2308 4528 mercator
2367 4454 2761 4545 inquirere,

352 4567 597 4632 Sui-ius
613 4604 639 4620 -
667 4574 833 4634 Vitae
858 4574 966 4638 SS.
992 4605 1019 4622 ·
1039 4575 1164 4634 Vol.
1208 4571 1307 4635 v1.
2527 4573 2602 4632 39
