3357 4995
661 310 790 374 464
1203 327 1281 372 na
1320 326 1412 372 ss.
1450 325 1757 373 cssavxslo
1805 327 1881 372 m·
1929 321 2260 382 Paomsto,
2314 324 2448 370 me.
2793 302 3005 371 JUNH
3041 307 3127 370 ⁴9

572 411 901 481 adhibitis
948 411 1175 491 etiam,
1212 411 1469 497 quibus
1507 433 1625 500 per
1657 433 1782 479 nos
1813 433 2060 479 manus
2088 409 2507 499 imponenda
2529 408 2732 478 foret:
2775 409 2873 478 sic
2906 411 3131 478 sancti

572 514 908 589 martyres
957 500 1319 568 imminere
1354 513 1749 590 coeperunt,
1781 511 1854 568 ut
1892 499 2121 568 adhuc
2152 499 2349 567 nobis
2376 498 2741 567 silentibus
2783 499 3130 585 arripere-

574 602 685 658 tur
723 611 919 668 urna,
984 601 1047 656 et
1097 601 1510 658 sterneretur
1580 611 1794 689 prona
1845 587 1925 656 ad
1982 587 2209 656 locum
2261 588 2478 656 sancti
2532 586 2859 675 sepulcri.
2918 592 3127 656 Inve-

574 680 806 747 nimus
863 677 1077 746 mirae
1138 677 1636 767 magnitudinis
1689 679 1867 746 viros
1915 677 2113 756 duos,
2184 687 2257 744 ut
2312 677 2537 765 prisca
2586 690 2772 744 aetas
2820 674 3138 745 ferebat.·

572 771 737 836 Ossa
784 767 1018 835 omnia
1068 766 1353 842 inteora,
1421 766 1785 855 sanguinis
1829 765 2236 855 plurimum,
2280 765 2524 854 ingens
2572 787 2959 834 concursus
2995 788 3126 854 po-

573 855 718 946 puli
770 878 888 945 per
936 868 1151 924 totum
1196 855 1367 922 ilud
1418 855 1736 924 biduum.
1785 854 1957 936 Quid
2017 854 2282 922 multa?
2321 853 2767 922 condivimus
2817 854 3122 945 integra,

571 945 655 1014 ad
706 945 1016 1013 ordinem
1050 944 1552 1023 transtulimus,
1609 965 1884 1032 vespere
1906 944 2055 1032 jam
2106 943 2573 1022 incumbente,
2629 942 2714 1010 ad
2753 943 3122 1012 basilicam

574 1039 857 1102 Faustae
905 1035 934 1063 ²·
1002 1033 1094 1100 ibi
1171 1032 1440 1123 vigiliae
1500 1046 1632 1100 tota
1704 1046 1940 1112 nocte,
2025 1053 2275 1099 manus
2335 1031 2711 1120 impositio,
2796 1032 3130 1119 Sequenti

573 1122 681 1190 die
730 1121 1213 1192 transtulimus
1250 1144 1327 1189 ea
1377 1122 1444 1188 in
1500 1121 1855 1190 basilicam
1909 1143 2117 1206 quam
2162 1143 2248 1208 ap
2302 1121 2509 1189 ellent
2560 1120 3125 1190 Ambrosianam.

576 1217 747 1280 Dum
801 1210 1299 1289 transferimus,
1354 1231 1600 1278 caecus
1650 1224 1933 1280 sanatus
1980 1223 2100 1278 est.
2157 1143 2337 1277 Talis
2402 1208 2570 1277 mihi
2636 1210 2721 1277 ad
2776 1210 3124 1299 populum

578 1300 705 1369 fuit
755 1321 1004 1368 serm0.

663 1392 697 1474 ξ
746 1395 836 1459 3.
892 1393 1059 1456 Cum
1093 1400 1230 1456 tam
1280 1388 1597 1466 effusam,
1653 1400 1930 1474 tamque
1981 1385 2363 1455 inauditam
2407 1386 2920 1455 considerarem
2963 1408 3136 1454 con-

576 1489 819 1546 ventus
870 1477 1074 1545 vestri
1138 1476 1635 1556 celebritatem,
1704 1489 1768 1544 et
1824 1476 2097 1543 divinae
2163 1476 2423 1565 gratiae
2476 1497 2764 1543 munera
2820 1496 3001 1561 quae
3055 1476 3126 1543 in

576 1566 832 1635 sanctis
868 1566 1291 1653 martyribus
1329 1565 1769 1644 refulserunt,
1812 1565 2148 1653 imparem
2197 1586 2325 1644 me,
2372 1564 2606 1644 fateor,
2645 1564 2812 1633 huic
2852 1565 3133 1632 muneri

565 1654 994 1745 judicabam,
1038 1676 1161 1723 nec
1197 1654 1343 1722 fieri
1398 1676 1616 1744 posse,
1657 1668 1732 1721 ut
1764 1675 2078 1723 sermone
2113 1652 2562 1732 absolverem,
2599 1651 2787 1739 quod
2823 1652 2932 1720 vix
2971 1675 3133 1742 pos-
3182 1662 3187 1666 ’

575 1744 797 1811 simus
845 1744 1078 1811 animo
1127 1743 1503 1823 intendere,
1569 1743 1790 1811 oculis
1829 1741 2436 1831 comprehendere.
2501 1741 2624 1810 Sed
2680 1741 2799 1809 ubi
2851 1753 3130 1810 sancto-

575 1854 730 1901 rum
771 1832 899 1920 legi
932 1832 1156 1921 coepit
1181 1833 1391 1901 series
1424 1833 1953 1920 scripturarum,
2012 1832 2300 1921 largitus
2332 1844 2434 1899 est
2471 1835 2512 1900 S
2570 1831 2767 1900 iritus
2803 1835 3126 1912 SanctuS,

574 1920 694 2007 qui
745 1921 1016 1989 locutus
1050 1932 1150 1990 est
1185 1921 1251 1988 in
1308 1921 1681 2011 propbetiS,
1736 1943 1872 2006 quo
1922 1920 2214 2009 dignum
2273 1919 2490 2007 aliqui
2574 1931 2762 1989 tanto
2811 1932 3013 1988 coetu
3062 1933 3130 1988 et

575 2011 1041 2098 expectatione
1109 2023 1367 2089 vestra,
1425 2023 1942 2096 martyrumque
2010 2022 2405 2078 sanctorum
2462 2009 2764 2088 meritiS,
2823 2006 3133 2097 prosera-

579 2121 776 2167 mus:
835 2101 1019 2168 Coeli
1062 2109 1381 2167 enarrant
1410 2099 1699 2188 (inquit)
1743 2102 2038 2186 ⁸qlorz'am
2093 2100 2229 2165 Dei.
2286 2101 2448 2166 Cum
2504 2098 2756 2185 legitur
2805 2098 2905 2165 sic
2952 2097 3135 2186 psal-

579 2209 736 2254 mus
784 2189 1013 2277 (480⁸),
1069 2189 1369 2255 occurrit
1421 2187 1604 2274 quod
1660 2209 1792 2257 non
1853 2201 1986 2254 tam
2038 2186 2375 2254 elementa
2431 2186 2837 2265 materialia,
2912 2208 3125 2271 quam

577 2276 893 2345 coelestia
933 2277 1196 2354 merita,
1243 2276 1536 2377 dignum
1576 2282 1705 2345 Deo
1758 2276 2203 2364 praeconium
2254 2275 2516 2342 deferre
2571 2274 2956 2343 videantur.
2994 2279 3132 2343 Ho-

578 2364 815 2433 dierna
868 2379 1091 2434 tamen
1143 2365 1420 2434 fortuita
1456 2364 1743 2433 lectione
1787 2365 2027 2453 patuit,
2084 2364 2202 2450 qui
2253 2363 2425 2431 coeli
2476 2376 2799 2432 enarrent
2833 2362 3124 2453 gloriam

582 2454 719 2521 Dei.
773 2455 1067 2544 Aspicite
1129 2453 1214 2522 ad
1283 2454 1628 2524 dexteram
1682 2475 1953 2533 meam,
2023 2452 2309 2541 aspicite
2381 2451 2467 2520 ad
2538 2453 2890 2523 sinistram
2946 2450 3130 2521 Reli-

581 2544 783 2628 quias
834 2556 1331 2624 sacrosanctas,
1373 2544 1614 2612 videtis
1647 2543 1960 2612 coelestis
1999 2542 2537 2611 conversationis
2571 2543 2776 2622 viros,
2815 2556 3138 2630 spectan-

581 2644 681 2700 tes
730 2634 948 2701 animi
997 2631 1321 2701 sublimis
1373 2632 1721 2721 trophaea.
1779 2632 1896 2700 Isti
1948 2644 2110 2701 sunt
2179 2631 2373 2710 coeli,
2429 2632 2546 2717 qui
2612 2643 2936 2700 enarrant
2986 2629 3138 2719 glo-

584 2722 755 2789 riam
813 2722 950 2790 Dei.
1007 2726 1186 2790 Haec
1253 2744 1459 2812 opera
1529 2743 1863 2789 manuum
1917 2721 2067 2810 ejus
2134 2720 2512 2789 annunciat
2581 2720 3127 2788 firmamentum.

579 2815 722 2878 Non
774 2811 958 2878 enim
1012 2832 1126 2879 eos
1173 2810 1507 2879 secularis
1558 2809 1902 2889 illecebra,
1942 2809 2059 2877 sed
2111 2809 2325 2876 divini
2369 2809 2589 2898 gratia
2637 2829 2860 2897 operis
2891 2806 2974 2874 ad
3008 2806 3134 2874 fir-

580 2912 1011 2967 mamentum
1063 2899 1569 2968 sacratissimae
1620 2898 1961 2988 passionis
1992 2898 2231 2966 evexit.
2278 2899 2624 2985 Multoque
2666 2912 2819 2965 ante
2851 2916 3127 2963 morum

581 2987 1054 3074 virtutumque
1120 2988 1555 3057 documentis
1628 2987 2079 3056 annunciavit
2152 2988 2218 3054 in
2271 2988 2380 3055 his
2432 2986 2838 3076 martyrium
2870 3040 2884 3064 ,
2938 2983 3130 3070 quod

581 3074 914 3144 adversus
959 3075 1312 3146 lubricum
1341 3076 1557 3145 seculi
1600 3076 1812 3166 hujus
1861 3076 2141 3145 stabiles
2169 3098 2634 3165 permansere.

669 3167 705 3251 §
755 3168 840 3235 4.
896 3164 1169 3233 Coelum
1224 3177 1369 3233 erat
1407 3163 1689 3245 Paulus,
1737 3166 1857 3251 qui
1906 3164 2039 3232 ait:
2087 3171 2328 3233 Nostra
2371 3167 2780 3233 conversatio
2828 3165 2898 3231 in
2938 3163 3140 3241 coelis

582 3263 675 3322 est
713 3252 1066 3343 (Philipp.
1108 3254 1259 3341 111).
1316 3253 1493 3321 Coeli
1551 3265 1748 3322 erant
1794 3255 2097 3323 Jacobus
2147 3265 2211 3322 et
2269 3259 2593 3335 .loanneS‚
2657 3253 2957 3339 denique
3006 3249 3136 3318 filii

584 3341 870 3410 tonitrui
934 3356 1467 3431 nuncupantur:
1540 3355 1605 3411 et
1669 3342 1822 3411 ideo
1880 3343 2081 3428 quasi
2156 3341 2422 3412 coelum
2487 3343 2801 3411 Joannes
2851 3340 3137 3409 verbum

581 3430 766 3519 apud
816 3436 1027 3499 Deum
1080 3431 1268 3500 vidit.
1306 3435 1463 3521 Ipse
1491 3432 1825 3500 Dominus
1871 3438 2075 3501 ‚lesus
2127 3431 2437 3522 perpetui
2475 3430 2762 3500 luminis
2811 3443 2954 3498 erat
2988 3449 3142 3496 coe-

585 3519 777 3596 lum,
839 3541 994 3588 cum
1048 3535 1398 3590 enarraret
1456 3521 1567 3588 Dei
1624 3520 1913 3609 gloriam
1947 3576 1961 3601 ,
2017 3520 2133 3589 sed
2186 3543 2336 3590 eam
2371 3576 2385 3601 ‚
2440 3543 2646 3606 quam
2724 3541 2926 3590 nemo
2983 3528 3143 3586 ante

582 3621 1054 3697 conspexerat.
1111 3615 1188 3679 Et
1239 3610 1391 3678 ideo
1426 3609 1636 3677 dixit:
1697 3615 1902 3677 Deum
1941 3632 2130 3679 nemo
2182 3611 2352 3678 vidit
2407 3632 2706 3699 unquam
2737 3610 2981 3698 (Joan.
3036 3604 3134 3695 ι),

586 3697 722 3767 nisi
772 3698 1178 3787 unigenitus
1232 3698 1472 3779 Filius,
1534 3699 1653 3785 qui
1703 3711 1804 3767 est
1853 3699 1920 3766 in
1989 3699 2148 3769 sinu
2203 3699 2443 3779 PatriS,
2497 3699 2863 3767 enarravit.
2921 3700 3142 3786 Opera

582 3807 856 3873 quoque
909 3808 1246 3856 manuum
1287 3787 1402 3856 Dei
1453 3787 1508 3856 si
1560 3788 1860 3874 quaeriS‚
1902 3788 2061 3857 audi
2099 3789 2228 3857 Job
2264 3787 2648 3857 dicentem:
2705 3786 3003 3878 Spiritus
3035 3783 3144 3852 di-

586 3876 815 3956 vinuS‚
890 3876 1009 3961 qui
1060 3875 1240 3945 fecit.
1305 3880 1381 3945 Et
1429 3875 1582 3944 ideo
1630 3876 1960 3945 adversus
2010 3877 2264 3946 diaboli
2322 3889 2737 3946 tentamenta
2789 3876 3134 3955 firmatus,

589 3963 964 4035 inoffensae
1015 3964 1383 4053 vestigium
1427 3968 1851 4034 constantiae
1894 3966 2279 4035 reservavit.
2337 3965 2462 4035 Sed
2518 3965 2878 4035 veniamus
2911 3964 2995 4033 ad
3041 3984 3146 4032 re-

588 4051 817 4139 liqua:
875 4054 1026 4123 Dies
1071 4053 1362 4142 (inquit)
1407 4053 1543 4125 diei
1600 4068 1864 4123 eructat
1931 4055 2241 4123 verbum.
2307 4060 2473 4125 Ecce
2534 4056 2671 4123 veri
2722 4054 2893 4134 dies,
2963 4074 3142 4140 quos

589 4141 781 4211 nulla
813 4141 1035 4231 caligo
1085 4142 1305 4210 noctis
1355 4143 1742 4233 interpolat.
1775 4150 1938 4211 Ecce
1975 4145 2110 4212 veri
2158 4143 2329 4225 dies,
2365 4144 2549 4234 pleni
2586 4143 2871 4212 luminis
2903 4155 2969 4211 et
2999 4140 3142 4211 sul-

586 4231 775 4320 goris
841 4231 1124 4300 aeterni.
1181 4232 1308 4311 Qui
1360 4254 1496 4301 non
1560 4232 2021 4322 perfunctorio
2090 4255 2406 4302 sermone
2455 4235 2738 4303 verbum
2813 4231 2962 4311 Dei,
3018 4228 3145 4299 sed

635 4376 661 4401 ⁴¹
692 4372 922 4433 Situerat
952 4376 1281 4416 Ambrosiauae
1310 4379 1537 4427 proxima,
1557 4380 1692 4428 cujus
1714 4379 1864 4419 adhuc
1886 4381 2102 4428 superest
2143 4376 2506 4428 presbyterium.
2528 4381 2642 4420 Vide
2664 4377 2712 4420 in
2741 4376 2871 4420 Actis
2906 4379 2951 4418 8.
2985 4377 3146 4420 Victo-

585 4427 653 4469 ris
671 4428 820 4467 Mauri
842 4430 889 4468 M
898 4461 904 4469 .
927 4430 976 4468 tn
999 4428 1099 4469 Sur.
1128 4430 1227 4470 Vol.
1256 4432 1303 4477 V,
1327 4442 1370 4481 p.
1393 4432 1485 4472 207.
