<?xml version="1.0" encoding="UTF-8"?>
<!DOCTYPE html PUBLIC "-//W3C//DTD XHTML 1.0 Transitional//EN"
    "http://www.w3.org/TR/xhtml1/DTD/xhtml1-transitional.dtd">
<html xmlns="http://www.w3.org/1999/xhtml" xml:lang="en" lang="en">
 <head>
  <title>
</title>
<meta http-equiv="Content-Type" content="text/html;charset=utf-8" />
  <meta name='ocr-system' content='tesseract 3.04.00' />
  <meta name='ocr-capabilities' content='ocr_page ocr_carea ocr_par ocr_line ocrx_word'/>
</head>
<body>
  <div class='ocr_page' id='page_1' title='image "./historiaeseuvit02lippgoog_0367.png"; bbox 0 0 3357 4995; ppageno 0'>
   <div class='ocr_carea' id='block_1_1' title="bbox 263 323 2730 418">
    <p class='ocr_par' dir='ltr' id='par_1_1' title="bbox 263 323 2730 418">
     <span class='ocr_line' id='line_1_1' title="bbox 263 323 2730 418; baseline -0.001 -1"><span class='ocrx_word' id='word_1_1' title='bbox 263 323 496 418; x_wconf 69' lang='lat' dir='ltr'><strong>‘JUN11</strong></span> <span class='ocrx_word' id='word_1_2' title='bbox 558 355 631 418; x_wconf 76' lang='lat'>15</span> <span class='ocrx_word' id='word_1_3' title='bbox 2614 350 2730 416; x_wconf 71' lang='lat'>35⁴</span> 
     </span>
    </p>
   </div>
   <div class='ocr_carea' id='block_1_2' title="bbox 843 503 2256 607">
    <p class='ocr_par' dir='ltr' id='par_1_2' title="bbox 843 503 2256 607">
     <span class='ocr_line' id='line_1_2' title="bbox 843 503 2256 607; baseline -0.001 -1"><span class='ocrx_word' id='word_1_4' title='bbox 843 506 969 606; x_wconf 86' lang='lat' dir='ltr'>DE</span> <span class='ocrx_word' id='word_1_5' title='bbox 1036 506 1119 606; x_wconf 89' lang='lat' dir='ltr'>S.</span> <span class='ocrx_word' id='word_1_6' title='bbox 1195 505 1396 606; x_wconf 82' lang='lat' dir='ltr'>VlTl</span> <span class='ocrx_word' id='word_1_7' title='bbox 1469 503 2256 607; x_wconf 78' lang='lat' dir='ltr'>TRANSLATIONE</span> 
     </span>
    </p>
   </div>
   <div class='ocr_carea' id='block_1_3' title="bbox 1057 727 2008 796">
    <p class='ocr_par' dir='ltr' id='par_1_3' title="bbox 1057 727 2008 796">
     <span class='ocr_line' id='line_1_3' title="bbox 1057 727 2008 796; baseline -0.001 -1"><span class='ocrx_word' id='word_1_8' title='bbox 1057 727 1582 795; x_wconf 79' lang='lat' dir='ltr'>NARRATIO</span> <span class='ocrx_word' id='word_1_9' title='bbox 1646 729 2008 796; x_wconf 88' lang='lat' dir='ltr'>BREVIS</span> 
     </span>
    </p>
   </div>
   <div class='ocr_carea' id='block_1_4' title="bbox 267 941 2885 1215">
    <p class='ocr_par' dir='ltr' id='par_1_4' title="bbox 267 941 2885 1215">
     <span class='ocr_line' id='line_1_4' title="bbox 267 941 2885 1001; baseline -0.001 -8"><span class='ocrx_word' id='word_1_10' title='bbox 267 941 589 993; x_wconf 74' lang='lat' dir='ltr'>EXCERPTA</span> <span class='ocrx_word' id='word_1_11' title='bbox 610 943 689 991; x_wconf 76' lang='lat' dir='ltr'>Ex</span> <span class='ocrx_word' id='word_1_12' title='bbox 736 942 1015 1001; x_wconf 80' lang='lat' dir='ltr'>LIBELLO,</span> <span class='ocrx_word' id='word_1_13' title='bbox 1064 941 1234 1000; x_wconf 74' lang='lat' dir='ltr'>thu</span> <span class='ocrx_word' id='word_1_14' title='bbox 1260 941 1536 992; x_wconf 79' lang='lat' dir='ltr'>SCRIPSIT</span> <span class='ocrx_word' id='word_1_15' title='bbox 1560 942 1669 1001; x_wconf 89' lang='lat' dir='ltr'>QUI</span> <span class='ocrx_word' id='word_1_16' title='bbox 1709 942 1939 990; x_wconf 67' lang='lat' dir='ltr'>murm</span> <span class='ocrx_word' id='word_1_17' title='bbox 1981 941 2298 991; x_wconf 75' lang='lat' dir='ltr'>PRAESENS</span> <span class='ocrx_word' id='word_1_18' title='bbox 2338 941 2671 996; x_wconf 76' lang='lat' dir='ltr'>INTERFUIT</span> <span class='ocrx_word' id='word_1_19' title='bbox 2710 941 2827 990; x_wconf 86' lang='lat' dir='ltr'>SUB</span> <span class='ocrx_word' id='word_1_20' title='bbox 2878 971 2885 982; x_wconf 76' lang='lat'>=</span> 
     </span>
     <span class='ocr_line' id='line_1_5' title="bbox 360 1048 2820 1108; baseline -0 -10"><span class='ocrx_word' id='word_1_21' title='bbox 360 1048 670 1099; x_wconf 80' lang='lat' dir='ltr'>Lunovtco</span> <span class='ocrx_word' id='word_1_22' title='bbox 705 1049 808 1099; x_wconf 73' lang='lat'>1⁹10</span> <span class='ocrx_word' id='word_1_23' title='bbox 839 1048 1258 1108; x_wconf 70' lang='lat' dir='ltr'>IMPERATORE,</span> <span class='ocrx_word' id='word_1_24' title='bbox 1297 1048 1490 1098; x_wconf 76' lang='lat' dir='ltr'>cums</span> <span class='ocrx_word' id='word_1_25' title='bbox 1515 1048 1731 1099; x_wconf 68' lang='lat' dir='ltr'>NOMEN</span> <span class='ocrx_word' id='word_1_26' title='bbox 1771 1049 2046 1098; x_wconf 81' lang='lat' dir='ltr'>INSIGNIS</span> <span class='ocrx_word' id='word_1_27' title='bbox 2081 1050 2186 1098; x_wconf 67' lang='lat' dir='ltr'>HS·</span> <span class='ocrx_word' id='word_1_28' title='bbox 2224 1048 2421 1097; x_wconf 75' lang='lat' dir='ltr'>comtx</span> <span class='ocrx_word' id='word_1_29' title='bbox 2444 1049 2570 1100; x_wconf 86' lang='lat' dir='ltr'>NON</span> <span class='ocrx_word' id='word_1_30' title='bbox 2596 1050 2820 1097; x_wconf 67' lang='lat' dir='ltr'>naun.</span> 
     </span>
     <span class='ocr_line' id='line_1_6' title="bbox 355 1155 1935 1215; baseline 0 -9"><span class='ocrx_word' id='word_1_31' title='bbox 355 1157 597 1206; x_wconf 68' lang='lat' dir='ltr'>sumum</span> <span class='ocrx_word' id='word_1_32' title='bbox 645 1155 916 1215; x_wconf 78' lang='lat' dir='ltr'>ALIQUOT</span> <span class='ocrx_word' id='word_1_33' title='bbox 961 1155 1138 1205; x_wconf 85' lang='lat' dir='ltr'>LOCIS</span> <span class='ocrx_word' id='word_1_34' title='bbox 1183 1155 1415 1205; x_wconf 73' lang='lat' dir='ltr'>nomen</span> <span class='ocrx_word' id='word_1_35' title='bbox 1462 1155 1935 1206; x_wconf 64' lang='lat' dir='ltr'>RHENDAvaS.</span> 
     </span>
    </p>
   </div>
   <div class='ocr_carea' id='block_1_5' title="bbox 256 1326 2824 4439">
    <p class='ocr_par' dir='ltr' id='par_1_5' title="bbox 262 1326 2824 3173">
     <span class='ocr_line' id='line_1_7' title="bbox 353 1326 2824 1419; baseline -0.001 -20"><span class='ocrx_word' id='word_1_36' title='bbox 353 1331 392 1416; x_wconf 66' lang='grc' dir='ltr'>ξ</span> <span class='ocrx_word' id='word_1_37' title='bbox 437 1333 515 1400; x_wconf 83' lang='grc'>1.</span> <span class='ocrx_word' id='word_1_38' title='bbox 569 1326 1165 1410; x_wconf 80' lang='lat' dir='ltr'>Quemadmodum</span> <span class='ocrx_word' id='word_1_39' title='bbox 1229 1348 1386 1397; x_wconf 90' lang='lat' dir='ltr'>vero</span> <span class='ocrx_word' id='word_1_40' title='bbox 1437 1337 1502 1396; x_wconf 91' lang='lat' dir='ltr'>et</span> <span class='ocrx_word' id='word_1_41' title='bbox 1547 1347 1687 1415; x_wconf 91' lang='lat' dir='ltr'>quo</span> <span class='ocrx_word' id='word_1_42' title='bbox 1736 1339 2040 1419; x_wconf 86' lang='lat' dir='ltr'>ternpore</span> <span class='ocrx_word' id='word_1_43' title='bbox 2100 1327 2585 1417; x_wconf 82' lang='lat' dir='ltr'>pretiosissimi</span> <span class='ocrx_word' id='word_1_44' title='bbox 2637 1349 2824 1397; x_wconf 87' lang='lat' dir='ltr'>mar-</span> 
     </span>
     <span class='ocr_line' id='line_1_8' title="bbox 268 1415 2814 1507; baseline -0 -20"><span class='ocrx_word' id='word_1_45' title='bbox 268 1417 440 1507; x_wconf 87' lang='lat' dir='ltr'>tyris</span> <span class='ocrx_word' id='word_1_46' title='bbox 476 1415 606 1485; x_wconf 89' lang='lat' dir='ltr'>Viti</span> <span class='ocrx_word' id='word_1_47' title='bbox 646 1437 901 1507; x_wconf 87' lang='lat' dir='ltr'>corpus</span> <span class='ocrx_word' id='word_1_48' title='bbox 946 1416 1016 1485; x_wconf 92' lang='lat' dir='ltr'>in</span> <span class='ocrx_word' id='word_1_49' title='bbox 1069 1416 1431 1485; x_wconf 83' lang='lat' dir='ltr'>saxoniam</span> <span class='ocrx_word' id='word_1_50' title='bbox 1483 1415 1896 1486; x_wconf 90' lang='lat' dir='ltr'>translatum</span> <span class='ocrx_word' id='word_1_51' title='bbox 1945 1415 2066 1497; x_wconf 89' lang='lat' dir='ltr'>sit,</span> <span class='ocrx_word' id='word_1_52' title='bbox 2121 1427 2187 1486; x_wconf 91' lang='lat' dir='ltr'>et</span> <span class='ocrx_word' id='word_1_53' title='bbox 2239 1417 2311 1485; x_wconf 91' lang='lat' dir='ltr'>in</span> <span class='ocrx_word' id='word_1_54' title='bbox 2374 1418 2814 1498; x_wconf 80' lang='lat' dir='ltr'>monasterio,</span> 
     </span>
     <span class='ocr_line' id='line_1_9' title="bbox 264 1503 2820 1597; baseline 0 -22"><span class='ocrx_word' id='word_1_55' title='bbox 264 1504 448 1594; x_wconf 90' lang='lat' dir='ltr'>quod</span> <span class='ocrx_word' id='word_1_56' title='bbox 498 1503 776 1574; x_wconf 82' lang='lat' dir='ltr'>Corbe’a</span> <span class='ocrx_word' id='word_1_57' title='bbox 818 1525 988 1574; x_wconf 91' lang='lat' dir='ltr'>nova</span> <span class='ocrx_word' id='word_1_58' title='bbox 1019 1503 1297 1585; x_wconf 89' lang='lat' dir='ltr'>dicitur,</span> <span class='ocrx_word' id='word_1_59' title='bbox 1350 1503 1787 1588; x_wconf 83' lang='lat' dir='ltr'>collecatum,</span> <span class='ocrx_word' id='word_1_60' title='bbox 1824 1505 1884 1574; x_wconf 92' lang='lat' dir='ltr'>is</span> <span class='ocrx_word' id='word_1_61' title='bbox 1911 1503 2143 1592; x_wconf 90' lang='lat' dir='ltr'>quide</span> <span class='ocrx_word' id='word_1_62' title='bbox 2190 1505 2642 1577; x_wconf 90' lang='lat' dir='ltr'>translatione</span> <span class='ocrx_word' id='word_1_63' title='bbox 2668 1506 2820 1597; x_wconf 88' lang='lat' dir='ltr'>ejus</span> 
     </span>
     <span class='ocr_line' id='line_1_10' title="bbox 267 1591 2811 1685; baseline -0 -21"><span class='ocrx_word' id='word_1_64' title='bbox 267 1593 672 1664; x_wconf 85' lang='lat' dir='ltr'>inscribitur</span> <span class='ocrx_word' id='word_1_65' title='bbox 746 1591 1017 1673; x_wconf 88' lang='lat' dir='ltr'>ibellus,</span> <span class='ocrx_word' id='word_1_66' title='bbox 1057 1593 1317 1663; x_wconf 89' lang='lat' dir='ltr'>indicat</span> <span class='ocrx_word' id='word_1_67' title='bbox 1354 1616 1368 1660; x_wconf 75' lang='grc' dir='ltr'>ε</span> <span class='ocrx_word' id='word_1_68' title='bbox 1421 1594 1625 1684; x_wconf 86' lang='lat' dir='ltr'>cujus</span> <span class='ocrx_word' id='word_1_69' title='bbox 1664 1599 1913 1663; x_wconf 81' lang='lat' dir='ltr'>Auctor</span> <span class='ocrx_word' id='word_1_70' title='bbox 1932 1592 2271 1681; x_wconf 81' lang='lat' dir='ltr'>quaedam</span> <span class='ocrx_word' id='word_1_71' title='bbox 2311 1615 2383 1666; x_wconf 94' lang='lat' dir='ltr'>se</span> <span class='ocrx_word' id='word_1_72' title='bbox 2433 1606 2811 1685; x_wconf 88' lang='lat' dir='ltr'>praesente,</span> 
     </span>
     <span class='ocr_line' id='line_1_11' title="bbox 264 1681 2822 1782; baseline -0 -29"><span class='ocrx_word' id='word_1_73' title='bbox 264 1695 612 1761; x_wconf 86' lang='lat' dir='ltr'>caeterum</span> <span class='ocrx_word' id='word_1_74' title='bbox 662 1682 897 1751; x_wconf 91' lang='lat' dir='ltr'>omnia</span> <span class='ocrx_word' id='word_1_75' title='bbox 944 1682 1092 1752; x_wconf 91' lang='lat' dir='ltr'>suis</span> <span class='ocrx_word' id='word_1_76' title='bbox 1125 1681 1552 1772; x_wconf 86' lang='lat' dir='ltr'>temporibus</span> <span class='ocrx_word' id='word_1_77' title='bbox 1591 1681 1964 1782; x_wconf 79' lang='lat' dir='ltr'>contigisse</span> <span class='ocrx_word' id='word_1_78' title='bbox 1994 1694 2304 1772; x_wconf 80' lang='lat' dir='ltr'>testatur.</span> <span class='ocrx_word' id='word_1_79' title='bbox 2350 1688 2543 1756; x_wconf 77' lang='lat' dir='ltr'>Anno</span> <span class='ocrx_word' id='word_1_80' title='bbox 2593 1683 2822 1753; x_wconf 91' lang='lat' dir='ltr'>Domi-</span> 
     </span>
     <span class='ocr_line' id='line_1_12' title="bbox 264 1771 2822 1872; baseline 0 -32"><span class='ocrx_word' id='word_1_81' title='bbox 264 1772 462 1841; x_wconf 88' lang='lat' dir='ltr'>nicae</span> <span class='ocrx_word' id='word_1_82' title='bbox 537 1771 1053 1846; x_wconf 75' lang='lat' dir='ltr'>incarnationis,</span> <span class='ocrx_word' id='word_1_83' title='bbox 1110 1771 1683 1872; x_wconf 82' lang='lat' dir='ltr'>octingentesimo</span> <span class='ocrx_word' id='word_1_84' title='bbox 1731 1772 2313 1853; x_wconf 78' lang='lat' dir='ltr'>tricesimosextO,</span> <span class='ocrx_word' id='word_1_85' title='bbox 2372 1772 2822 1862; x_wconf 89' lang='lat' dir='ltr'>Imperatoris</span> 
     </span>
     <span class='ocr_line' id='line_1_13' title="bbox 262 1858 2822 1950; baseline 0 -20"><span class='ocrx_word' id='word_1_86' title='bbox 262 1881 423 1931; x_wconf 91' lang='lat' dir='ltr'>vero</span> <span class='ocrx_word' id='word_1_87' title='bbox 465 1858 789 1930; x_wconf 89' lang='lat' dir='ltr'>Ludovici</span> <span class='ocrx_word' id='word_1_88' title='bbox 836 1881 1018 1936; x_wconf 82' lang='lat' dir='ltr'>anno</span> <span class='ocrx_word' id='word_1_89' title='bbox 1066 1861 1343 1950; x_wconf 77' lang='lat' dir='ltr'>Imperii</span> <span class='ocrx_word' id='word_1_90' title='bbox 1380 1859 1905 1930; x_wconf 87' lang='lat' dir='ltr'>vicesimotertio</span> <span class='ocrx_word' id='word_1_91' title='bbox 1946 1860 2267 1930; x_wconf 89' lang='lat' dir='ltr'>Warinus</span> <span class='ocrx_word' id='word_1_92' title='bbox 2312 1860 2535 1931; x_wconf 78' lang='lat' dir='ltr'>Abbas</span> <span class='ocrx_word' id='word_1_93' title='bbox 2579 1883 2822 1931; x_wconf 90' lang='lat' dir='ltr'>mona-</span> 
     </span>
     <span class='ocr_line' id='line_1_14' title="bbox 264 1946 2818 2049; baseline 0 -30"><span class='ocrx_word' id='word_1_94' title='bbox 264 1948 453 2019; x_wconf 88' lang='lat' dir='ltr'>sterii</span> <span class='ocrx_word' id='word_1_95' title='bbox 505 1949 657 2018; x_wconf 91' lang='lat' dir='ltr'>novi</span> <span class='ocrx_word' id='word_1_96' title='bbox 709 1947 1167 2049; x_wconf 75' lang='lat' dir='ltr'>CorbeJensis‚</span> <span class='ocrx_word' id='word_1_97' title='bbox 1222 1949 1416 2039; x_wconf 87' lang='lat' dir='ltr'>petiit</span> <span class='ocrx_word' id='word_1_98' title='bbox 1471 1970 1511 2017; x_wconf 90' lang='lat' dir='ltr'>a</span> <span class='ocrx_word' id='word_1_99' title='bbox 1560 1949 1705 2019; x_wconf 89' lang='lat' dir='ltr'>viro</span> <span class='ocrx_word' id='word_1_100' title='bbox 1754 1946 2075 2039; x_wconf 88' lang='lat' dir='ltr'>religioso</span> <span class='ocrx_word' id='word_1_101' title='bbox 2122 1948 2515 2019; x_wconf 83' lang='lat' dir='ltr'>Hildewino</span> <span class='ocrx_word' id='word_1_102' title='bbox 2559 1949 2818 2021; x_wconf 78' lang='lat' dir='ltr'>Abbate</span> 
     </span>
     <span class='ocr_line' id='line_1_15' title="bbox 269 2037 2816 2129; baseline 0 -23"><span class='ocrx_word' id='word_1_103' title='bbox 269 2037 669 2108; x_wconf 88' lang='lat' dir='ltr'>monasterii</span> <span class='ocrx_word' id='word_1_104' title='bbox 728 2041 792 2106; x_wconf 91' lang='lat' dir='ltr'>S.</span> <span class='ocrx_word' id='word_1_105' title='bbox 852 2037 1155 2127; x_wconf 77' lang='lat' dir='ltr'>Dionysii</span> <span class='ocrx_word' id='word_1_106' title='bbox 1225 2037 1632 2108; x_wconf 90' lang='lat' dir='ltr'>Parisiensis</span> <span class='ocrx_word' id='word_1_107' title='bbox 1680 2049 1757 2107; x_wconf 91' lang='lat' dir='ltr'>ut</span> <span class='ocrx_word' id='word_1_108' title='bbox 1803 2037 1888 2106; x_wconf 94' lang='lat' dir='ltr'>de</span> <span class='ocrx_word' id='word_1_109' title='bbox 1951 2050 2349 2107; x_wconf 89' lang='lat' dir='ltr'>sanctorum</span> <span class='ocrx_word' id='word_1_110' title='bbox 2426 2051 2816 2129; x_wconf 85' lang='lat' dir='ltr'>martyrum</span> 
     </span>
     <span class='ocr_line' id='line_1_16' title="bbox 266 2125 2819 2284; baseline 0 -87"><span class='ocrx_word' id='word_1_111' title='bbox 266 2125 699 2217; x_wconf 87' lang='lat' dir='ltr'>corporibus,</span> <span class='ocrx_word' id='word_1_112' title='bbox 743 2147 920 2214; x_wconf 90' lang='lat' dir='ltr'>quae</span> <span class='ocrx_word' id='word_1_113' title='bbox 951 2149 990 2196; x_wconf 91' lang='lat' dir='ltr'>a</span> <span class='ocrx_word' id='word_1_114' title='bbox 1046 2125 1137 2195; x_wconf 93' lang='lat' dir='ltr'>ud</span> <span class='ocrx_word' id='word_1_115' title='bbox 1188 2126 1418 2284; x_wconf 64' lang='lat' dir='ltr'>igsum</span> <span class='ocrx_word' id='word_1_116' title='bbox 1471 2125 1589 2196; x_wconf 93' lang='lat' dir='ltr'>illo</span> <span class='ocrx_word' id='word_1_117' title='bbox 1623 2125 1773 2195; x_wconf 91' lang='lat' dir='ltr'>loco</span> <span class='ocrx_word' id='word_1_118' title='bbox 1820 2126 2388 2208; x_wconf 85' lang='lat' dir='ltr'>asservabantur,</span> <span class='ocrx_word' id='word_1_119' title='bbox 2451 2128 2819 2218; x_wconf 85' lang='lat' dir='ltr'>quippiam</span> 
     </span>
     <span class='ocr_line' id='line_1_17' title="bbox 266 2214 2819 2306; baseline 0 -21"><span class='ocrx_word' id='word_1_120' title='bbox 266 2215 399 2285; x_wconf 90' lang='lat' dir='ltr'>sibi</span> <span class='ocrx_word' id='word_1_121' title='bbox 430 2215 904 2304; x_wconf 87' lang='lat' dir='ltr'>impartiretur</span> <span class='ocrx_word' id='word_1_122' title='bbox 947 2237 987 2284; x_wconf 89' lang='lat' dir='ltr'>a</span> <span class='ocrx_word' id='word_1_123' title='bbox 1080 2236 1208 2285; x_wconf 92' lang='lat' dir='ltr'>con</span> <span class='ocrx_word' id='word_1_124' title='bbox 1268 2214 1632 2285; x_wconf 91' lang='lat' dir='ltr'>rmandam</span> <span class='ocrx_word' id='word_1_125' title='bbox 1692 2215 1898 2284; x_wconf 83' lang='lat' dir='ltr'>tidem</span> <span class='ocrx_word' id='word_1_126' title='bbox 1948 2215 2173 2306; x_wconf 90' lang='lat' dir='ltr'>gentis</span> <span class='ocrx_word' id='word_1_127' title='bbox 2220 2236 2388 2285; x_wconf 91' lang='lat' dir='ltr'>suae</span> <span class='ocrx_word' id='word_1_128' title='bbox 2417 2216 2642 2306; x_wconf 89' lang='lat' dir='ltr'>(puta,</span> <span class='ocrx_word' id='word_1_129' title='bbox 2700 2221 2819 2286; x_wconf 92' lang='lat' dir='ltr'>Sa-</span> 
     </span>
     <span class='ocr_line' id='line_1_18' title="bbox 266 2302 2822 2395; baseline 0.001 -23"><span class='ocrx_word' id='word_1_130' title='bbox 266 2302 600 2392; x_wconf 89' lang='lat' dir='ltr'>xonicae),</span> <span class='ocrx_word' id='word_1_131' title='bbox 635 2324 845 2391; x_wconf 90' lang='lat' dir='ltr'>quam</span> <span class='ocrx_word' id='word_1_132' title='bbox 898 2325 1119 2395; x_wconf 91' lang='lat' dir='ltr'>nuper</span> <span class='ocrx_word' id='word_1_133' title='bbox 1166 2303 1504 2373; x_wconf 87' lang='lat' dir='ltr'>industria</span> <span class='ocrx_word' id='word_1_134' title='bbox 1553 2303 2036 2394; x_wconf 83' lang='lat' dir='ltr'>gloriosissimi</span> <span class='ocrx_word' id='word_1_135' title='bbox 2102 2303 2545 2394; x_wconf 89' lang='lat' dir='ltr'>Imperatoris</span> <span class='ocrx_word' id='word_1_136' title='bbox 2596 2305 2822 2374; x_wconf 79' lang='lat' dir='ltr'>Caroli</span> 
     </span>
     <span class='ocr_line' id='line_1_19' title="bbox 269 2391 2824 2483; baseline 0 -21"><span class='ocrx_word' id='word_1_137' title='bbox 269 2391 399 2462; x_wconf 93' lang='lat' dir='ltr'>sub</span> <span class='ocrx_word' id='word_1_138' title='bbox 435 2392 689 2482; x_wconf 87' lang='lat' dir='ltr'>jugum</span> <span class='ocrx_word' id='word_1_139' title='bbox 741 2392 986 2462; x_wconf 78' lang='lat' dir='ltr'>Christi</span> <span class='ocrx_word' id='word_1_140' title='bbox 1035 2392 1429 2483; x_wconf 86' lang='lat' dir='ltr'>redegisset.</span> <span class='ocrx_word' id='word_1_141' title='bbox 1493 2393 1762 2476; x_wconf 87' lang='lat' dir='ltr'>Quibus</span> <span class='ocrx_word' id='word_1_142' title='bbox 1823 2392 2080 2462; x_wconf 86' lang='lat' dir='ltr'>Warini</span> <span class='ocrx_word' id='word_1_143' title='bbox 2134 2393 2453 2483; x_wconf 91' lang='lat' dir='ltr'>precibus</span> <span class='ocrx_word' id='word_1_144' title='bbox 2529 2391 2824 2462; x_wconf 88' lang='lat' dir='ltr'>libenter</span> 
     </span>
     <span class='ocr_line' id='line_1_20' title="bbox 264 2481 2818 2574; baseline 0.001 -23"><span class='ocrx_word' id='word_1_145' title='bbox 264 2484 511 2553; x_wconf 90' lang='lat' dir='ltr'>annuit</span> <span class='ocrx_word' id='word_1_146' title='bbox 559 2481 1003 2562; x_wconf 86' lang='lat' dir='ltr'>Hildewinus,</span> <span class='ocrx_word' id='word_1_147' title='bbox 1041 2482 1468 2572; x_wconf 84' lang='lat' dir='ltr'>permittente</span> <span class='ocrx_word' id='word_1_148' title='bbox 1514 2482 1718 2551; x_wconf 88' lang='lat' dir='ltr'>etiam</span> <span class='ocrx_word' id='word_1_149' title='bbox 1774 2481 2086 2572; x_wconf 88' lang='lat' dir='ltr'>piissimo</span> <span class='ocrx_word' id='word_1_150' title='bbox 2129 2485 2547 2574; x_wconf 89' lang='lat' dir='ltr'>Imperatore</span> <span class='ocrx_word' id='word_1_151' title='bbox 2590 2481 2818 2553; x_wconf 90' lang='lat' dir='ltr'>Ludo-</span> 
     </span>
     <span class='ocr_line' id='line_1_21' title="bbox 265 2570 2815 2661; baseline 0.002 -25"><span class='ocrx_word' id='word_1_152' title='bbox 265 2572 438 2650; x_wconf 88' lang='lat' dir='ltr'>vico,</span> <span class='ocrx_word' id='word_1_153' title='bbox 495 2571 960 2642; x_wconf 86' lang='lat' dir='ltr'>consentiente</span> <span class='ocrx_word' id='word_1_154' title='bbox 993 2570 1362 2641; x_wconf 89' lang='lat' dir='ltr'>Parisiensi</span> <span class='ocrx_word' id='word_1_155' title='bbox 1392 2571 1727 2661; x_wconf 87' lang='lat' dir='ltr'>Episcopo</span> <span class='ocrx_word' id='word_1_156' title='bbox 1773 2583 1839 2640; x_wconf 90' lang='lat' dir='ltr'>et</span> <span class='ocrx_word' id='word_1_157' title='bbox 1886 2570 2172 2640; x_wconf 90' lang='lat' dir='ltr'>caeteris</span> <span class='ocrx_word' id='word_1_158' title='bbox 2222 2570 2574 2641; x_wconf 90' lang='lat' dir='ltr'>nobilibus</span> <span class='ocrx_word' id='word_1_159' title='bbox 2622 2572 2815 2649; x_wconf 86' lang='lat' dir='ltr'>viris,</span> 
     </span>
     <span class='ocr_line' id='line_1_22' title="bbox 265 2659 2821 2749; baseline 0.001 -21"><span class='ocrx_word' id='word_1_160' title='bbox 265 2659 336 2728; x_wconf 92' lang='lat' dir='ltr'>in</span> <span class='ocrx_word' id='word_1_161' title='bbox 387 2681 468 2729; x_wconf 92' lang='lat' dir='ltr'>ea</span> <span class='ocrx_word' id='word_1_162' title='bbox 535 2660 835 2730; x_wconf 88' lang='lat' dir='ltr'>dioecesi</span> <span class='ocrx_word' id='word_1_163' title='bbox 895 2659 1526 2730; x_wconf 88' lang='lat' dir='ltr'>commorantibus:</span> <span class='ocrx_word' id='word_1_164' title='bbox 1581 2659 1783 2746; x_wconf 90' lang='lat' dir='ltr'>eique</span> <span class='ocrx_word' id='word_1_165' title='bbox 1864 2659 2044 2729; x_wconf 90' lang='lat' dir='ltr'>beati</span> <span class='ocrx_word' id='word_1_166' title='bbox 2105 2660 2304 2749; x_wconf 91' lang='lat' dir='ltr'>pueri</span> <span class='ocrx_word' id='word_1_167' title='bbox 2378 2672 2444 2729; x_wconf 91' lang='lat' dir='ltr'>et</span> <span class='ocrx_word' id='word_1_168' title='bbox 2493 2661 2821 2749; x_wconf 86' lang='lat' dir='ltr'>martyris</span> 
     </span>
     <span class='ocr_line' id='line_1_23' title="bbox 265 2747 2815 2838; baseline 0 -21"><span class='ocrx_word' id='word_1_169' title='bbox 265 2748 512 2817; x_wconf 89' lang='lat' dir='ltr'>Christi</span> <span class='ocrx_word' id='word_1_170' title='bbox 554 2748 683 2817; x_wconf 89' lang='lat' dir='ltr'>Viti</span> <span class='ocrx_word' id='word_1_171' title='bbox 730 2769 985 2838; x_wconf 90' lang='lat' dir='ltr'>corpus</span> <span class='ocrx_word' id='word_1_172' title='bbox 1031 2749 1101 2817; x_wconf 92' lang='lat' dir='ltr'>in</span> <span class='ocrx_word' id='word_1_173' title='bbox 1143 2748 1431 2817; x_wconf 87' lang='lat' dir='ltr'>ecclesia</span> <span class='ocrx_word' id='word_1_174' title='bbox 1481 2753 1544 2818; x_wconf 90' lang='lat' dir='ltr'>S.</span> <span class='ocrx_word' id='word_1_175' title='bbox 1602 2747 1902 2837; x_wconf 82' lang='lat' dir='ltr'>Dionysii</span> <span class='ocrx_word' id='word_1_176' title='bbox 1952 2769 2184 2818; x_wconf 88' lang='lat' dir='ltr'>coram</span> <span class='ocrx_word' id='word_1_177' title='bbox 2256 2748 2628 2819; x_wconf 90' lang='lat' dir='ltr'>innumera</span> <span class='ocrx_word' id='word_1_178' title='bbox 2677 2763 2815 2819; x_wconf 91' lang='lat' dir='ltr'>tam</span> 
     </span>
     <span class='ocr_line' id='line_1_24' title="bbox 262 2836 2821 2924; baseline 0.002 -21"><span class='ocrx_word' id='word_1_179' title='bbox 262 2836 764 2906; x_wconf 88' lang='lat' dir='ltr'>monachorum</span> <span class='ocrx_word' id='word_1_180' title='bbox 813 2859 1021 2924; x_wconf 87' lang='lat' dir='ltr'>quam</span> <span class='ocrx_word' id='word_1_181' title='bbox 1059 2837 1588 2918; x_wconf 72' lang='lat' dir='ltr'>canonicorum,</span> <span class='ocrx_word' id='word_1_182' title='bbox 1630 2836 2077 2924; x_wconf 75' lang='lat' dir='ltr'>diversaeque</span> <span class='ocrx_word' id='word_1_183' title='bbox 2124 2836 2545 2907; x_wconf 88' lang='lat' dir='ltr'>conditionis</span> <span class='ocrx_word' id='word_1_184' title='bbox 2593 2849 2659 2908; x_wconf 91' lang='lat' dir='ltr'>et</span> <span class='ocrx_word' id='word_1_185' title='bbox 2706 2860 2821 2908; x_wconf 90' lang='lat' dir='ltr'>ae-</span> 
     </span>
     <span class='ocr_line' id='line_1_25' title="bbox 264 2924 2820 3016; baseline 0 -23"><span class='ocrx_word' id='word_1_186' title='bbox 264 2925 426 2996; x_wconf 89' lang='lat' dir='ltr'>tatis</span> <span class='ocrx_word' id='word_1_187' title='bbox 473 2925 777 2996; x_wconf 90' lang='lat' dir='ltr'>virorum</span> <span class='ocrx_word' id='word_1_188' title='bbox 826 2948 907 2995; x_wconf 87' lang='lat' dir='ltr'>ac</span> <span class='ocrx_word' id='word_1_189' title='bbox 942 2925 1311 2996; x_wconf 89' lang='lat' dir='ltr'>mulierum</span> <span class='ocrx_word' id='word_1_190' title='bbox 1355 2924 1763 3014; x_wconf 84' lang='lat' dir='ltr'>frequentia,</span> <span class='ocrx_word' id='word_1_191' title='bbox 1819 2937 1971 3016; x_wconf 87' lang='lat' dir='ltr'>post</span> <span class='ocrx_word' id='word_1_192' title='bbox 2012 2937 2287 3016; x_wconf 90' lang='lat' dir='ltr'>peracta</span> <span class='ocrx_word' id='word_1_193' title='bbox 2318 2925 2429 2995; x_wconf 93' lang='lat' dir='ltr'>die</span> <span class='ocrx_word' id='word_1_194' title='bbox 2462 2926 2820 2997; x_wconf 85' lang='lat' dir='ltr'>Dominico</span> 
     </span>
     <span class='ocr_line' id='line_1_26' title="bbox 262 3013 2820 3105; baseline 0.001 -24"><span class='ocrx_word' id='word_1_195' title='bbox 262 3014 626 3084; x_wconf 84' lang='lat' dir='ltr'>Missarum</span> <span class='ocrx_word' id='word_1_196' title='bbox 680 3014 1040 3097; x_wconf 89' lang='lat' dir='ltr'>solemnia,</span> <span class='ocrx_word' id='word_1_197' title='bbox 1093 3013 1613 3103; x_wconf 86' lang='lat' dir='ltr'>decimoquarto</span> <span class='ocrx_word' id='word_1_198' title='bbox 1645 3014 1978 3084; x_wconf 88' lang='lat' dir='ltr'>Calendas</span> <span class='ocrx_word' id='word_1_199' title='bbox 2026 3014 2279 3105; x_wconf 86' lang='lat' dir='ltr'>Aprilis</span> <span class='ocrx_word' id='word_1_200' title='bbox 2327 3036 2602 3085; x_wconf 89' lang='lat' dir='ltr'>summo</span> <span class='ocrx_word' id='word_1_201' title='bbox 2655 3037 2820 3087; x_wconf 92' lang='lat' dir='ltr'>cum</span> 
     </span>
     <span class='ocr_line' id='line_1_27' title="bbox 262 3100 879 3173; baseline 0 -2"><span class='ocrx_word' id='word_1_202' title='bbox 262 3100 525 3172; x_wconf 88' lang='lat' dir='ltr'>honore</span> <span class='ocrx_word' id='word_1_203' title='bbox 575 3102 879 3173; x_wconf 71' lang='lat' dir='ltr'>tradidit:</span> 
     </span>
    </p>

    <p class='ocr_par' dir='ltr' id='par_1_6' title="bbox 256 3191 2823 4439">
     <span class='ocr_line' id='line_1_28' title="bbox 351 3191 2820 3293; baseline 0 -31"><span class='ocrx_word' id='word_1_204' title='bbox 351 3193 391 3279; x_wconf 66' lang='grc' dir='ltr'>ξ</span> <span class='ocrx_word' id='word_1_205' title='bbox 443 3196 533 3262; x_wconf 67' lang='lat'>2.</span> <span class='ocrx_word' id='word_1_206' title='bbox 615 3196 662 3260; x_wconf 82' lang='lat' dir='ltr'><strong>A</strong></span> <span class='ocrx_word' id='word_1_207' title='bbox 711 3191 1139 3282; x_wconf 90' lang='lat' dir='ltr'>temporibus</span> <span class='ocrx_word' id='word_1_208' title='bbox 1187 3194 1372 3263; x_wconf 91' lang='lat' dir='ltr'>enim</span> <span class='ocrx_word' id='word_1_209' title='bbox 1451 3192 1676 3282; x_wconf 90' lang='lat' dir='ltr'>Pipini</span> <span class='ocrx_word' id='word_1_210' title='bbox 1745 3193 1927 3293; x_wconf 84' lang='lat' dir='ltr'>regis</span> <span class='ocrx_word' id='word_1_211' title='bbox 1977 3197 2395 3263; x_wconf 85' lang='lat' dir='ltr'>Francorum</span> <span class='ocrx_word' id='word_1_212' title='bbox 2445 3215 2666 3281; x_wconf 90' lang='lat' dir='ltr'>usque</span> <span class='ocrx_word' id='word_1_213' title='bbox 2731 3192 2820 3263; x_wconf 88' lang='lat' dir='ltr'>ad</span> 
     </span>
     <span class='ocr_line' id='line_1_29' title="bbox 271 3276 2823 3372; baseline 0.002 -25"><span class='ocrx_word' id='word_1_214' title='bbox 271 3277 466 3349; x_wconf 91' lang='lat' dir='ltr'>illam</span> <span class='ocrx_word' id='word_1_215' title='bbox 500 3279 709 3360; x_wconf 89' lang='lat' dir='ltr'>diem,</span> <span class='ocrx_word' id='word_1_216' title='bbox 751 3281 1322 3370; x_wconf 89' lang='lat' dir='ltr'>pretiosissimum</span> <span class='ocrx_word' id='word_1_217' title='bbox 1362 3276 1685 3371; x_wconf 74' lang='lat' dir='ltr'>martyris</span> <span class='ocrx_word' id='word_1_218' title='bbox 1711 3281 1838 3351; x_wconf 80' lang='lat' dir='ltr'>viu</span> <span class='ocrx_word' id='word_1_219' title='bbox 1873 3302 2128 3372; x_wconf 89' lang='lat' dir='ltr'>corpus</span> <span class='ocrx_word' id='word_1_220' title='bbox 2166 3304 2245 3352; x_wconf 91' lang='lat' dir='ltr'>eo</span> <span class='ocrx_word' id='word_1_221' title='bbox 2280 3283 2350 3351; x_wconf 92' lang='lat' dir='ltr'>in</span> <span class='ocrx_word' id='word_1_222' title='bbox 2393 3281 2540 3352; x_wconf 91' lang='lat' dir='ltr'>loco</span> <span class='ocrx_word' id='word_1_223' title='bbox 2582 3282 2823 3352; x_wconf 91' lang='lat' dir='ltr'>multis</span> 
     </span>
     <span class='ocr_line' id='line_1_30' title="bbox 274 3368 2820 3461; baseline 0.001 -25"><span class='ocrx_word' id='word_1_224' title='bbox 274 3389 552 3452; x_wconf 91' lang='lat' dir='ltr'>semper</span> <span class='ocrx_word' id='word_1_225' title='bbox 580 3368 853 3459; x_wconf 88' lang='lat' dir='ltr'>insigne</span> <span class='ocrx_word' id='word_1_226' title='bbox 903 3370 1256 3439; x_wconf 88' lang='lat' dir='ltr'>miraculis</span> <span class='ocrx_word' id='word_1_227' title='bbox 1284 3382 1779 3459; x_wconf 88' lang='lat' dir='ltr'>permanserat,</span> <span class='ocrx_word' id='word_1_228' title='bbox 1820 3383 2184 3461; x_wconf 88' lang='lat' dir='ltr'>postquam</span> <span class='ocrx_word' id='word_1_229' title='bbox 2221 3370 2554 3440; x_wconf 83' lang='lat' dir='ltr'>Folradus</span> <span class='ocrx_word' id='word_1_230' title='bbox 2597 3371 2820 3441; x_wconf 83' lang='lat' dir='ltr'>Abbas</span> 
     </span>
     <span class='ocr_line' id='line_1_31' title="bbox 264 3457 2822 3549; baseline 0.002 -23"><span class='ocrx_word' id='word_1_231' title='bbox 264 3461 337 3526; x_wconf 92' lang='lat' dir='ltr'>S.</span> <span class='ocrx_word' id='word_1_232' title='bbox 395 3457 702 3546; x_wconf 88' lang='lat' dir='ltr'>Dionysii</span> <span class='ocrx_word' id='word_1_233' title='bbox 778 3478 1122 3528; x_wconf 89' lang='lat' dir='ltr'>consensu</span> <span class='ocrx_word' id='word_1_234' title='bbox 1184 3458 1365 3549; x_wconf 89' lang='lat' dir='ltr'>regis</span> <span class='ocrx_word' id='word_1_235' title='bbox 1415 3457 1762 3548; x_wconf 83' lang='lat' dir='ltr'>profectus</span> <span class='ocrx_word' id='word_1_236' title='bbox 1812 3463 2142 3541; x_wconf 89' lang='lat' dir='ltr'>Romam,</span> <span class='ocrx_word' id='word_1_237' title='bbox 2198 3481 2277 3529; x_wconf 85' lang='lat' dir='ltr'>ex</span> <span class='ocrx_word' id='word_1_238' title='bbox 2338 3481 2417 3529; x_wconf 93' lang='lat' dir='ltr'>eo</span> <span class='ocrx_word' id='word_1_239' title='bbox 2467 3458 2639 3540; x_wconf 90' lang='lat' dir='ltr'>loc0,</span> <span class='ocrx_word' id='word_1_240' title='bbox 2697 3460 2822 3530; x_wconf 90' lang='lat' dir='ltr'>ubi</span> 
     </span>
     <span class='ocr_line' id='line_1_32' title="bbox 263 3544 2820 3634; baseline 0.001 -19"><span class='ocrx_word' id='word_1_241' title='bbox 263 3544 623 3616; x_wconf 81' lang='lat' dir='ltr'>conditum</span> <span class='ocrx_word' id='word_1_242' title='bbox 676 3546 918 3627; x_wconf 83' lang='lat' dir='ltr'>suerat,</span> <span class='ocrx_word' id='word_1_243' title='bbox 973 3545 1045 3616; x_wconf 92' lang='lat' dir='ltr'>in</span> <span class='ocrx_word' id='word_1_244' title='bbox 1096 3547 1454 3617; x_wconf 86' lang='lat' dir='ltr'>Franciam</span> <span class='ocrx_word' id='word_1_245' title='bbox 1506 3547 1878 3618; x_wconf 87' lang='lat' dir='ltr'>transtulit.</span> <span class='ocrx_word' id='word_1_246' title='bbox 1933 3547 2113 3618; x_wconf 90' lang='lat' dir='ltr'>Illud</span> <span class='ocrx_word' id='word_1_247' title='bbox 2168 3570 2325 3617; x_wconf 86' lang='lat' dir='ltr'>vero</span> <span class='ocrx_word' id='word_1_248' title='bbox 2373 3570 2476 3628; x_wconf 89' lang='lat' dir='ltr'>eo,</span> <span class='ocrx_word' id='word_1_249' title='bbox 2531 3569 2670 3634; x_wconf 88' lang='lat' dir='ltr'>quo</span> <span class='ocrx_word' id='word_1_250' title='bbox 2713 3548 2820 3617; x_wconf 92' lang='lat' dir='ltr'>di-</span> 
     </span>
     <span class='ocr_line' id='line_1_33' title="bbox 260 3635 2821 3726; baseline 0.002 -23"><span class='ocrx_word' id='word_1_251' title='bbox 260 3646 450 3703; x_wconf 89' lang='lat' dir='ltr'>ctum</span> <span class='ocrx_word' id='word_1_252' title='bbox 486 3646 610 3715; x_wconf 89' lang='lat' dir='ltr'>est,</span> <span class='ocrx_word' id='word_1_253' title='bbox 668 3635 910 3706; x_wconf 90' lang='lat' dir='ltr'>ordine</span> <span class='ocrx_word' id='word_1_254' title='bbox 958 3648 1344 3726; x_wconf 87' lang='lat' dir='ltr'>acceptum,</span> <span class='ocrx_word' id='word_1_255' title='bbox 1390 3637 1712 3709; x_wconf 90' lang='lat' dir='ltr'>Warinus</span> <span class='ocrx_word' id='word_1_256' title='bbox 1744 3660 1903 3709; x_wconf 88' lang='lat' dir='ltr'>cum</span> <span class='ocrx_word' id='word_1_257' title='bbox 1938 3637 2087 3707; x_wconf 89' lang='lat' dir='ltr'>suis</span> <span class='ocrx_word' id='word_1_258' title='bbox 2119 3636 2334 3707; x_wconf 90' lang='lat' dir='ltr'>multa</span> <span class='ocrx_word' id='word_1_259' title='bbox 2386 3637 2821 3707; x_wconf 88' lang='lat' dir='ltr'>veneratione</span> 
     </span>
     <span class='ocr_line' id='line_1_34' title="bbox 262 3724 2822 3815; baseline 0.002 -23"><span class='ocrx_word' id='word_1_260' title='bbox 262 3744 498 3793; x_wconf 85' lang='lat' dir='ltr'>secum</span> <span class='ocrx_word' id='word_1_261' title='bbox 534 3736 922 3813; x_wconf 87' lang='lat' dir='ltr'>asportans,</span> <span class='ocrx_word' id='word_1_262' title='bbox 965 3746 1099 3794; x_wconf 91' lang='lat' dir='ltr'>non</span> <span class='ocrx_word' id='word_1_263' title='bbox 1131 3724 1372 3815; x_wconf 90' lang='lat' dir='ltr'>paucis</span> <span class='ocrx_word' id='word_1_264' title='bbox 1410 3747 1571 3795; x_wconf 90' lang='lat' dir='ltr'>eum</span> <span class='ocrx_word' id='word_1_265' title='bbox 1598 3725 2113 3807; x_wconf 88' lang='lat' dir='ltr'>comitantibus,</span> <span class='ocrx_word' id='word_1_266' title='bbox 2168 3724 2446 3795; x_wconf 89' lang='lat' dir='ltr'>tandem</span> <span class='ocrx_word' id='word_1_267' title='bbox 2489 3726 2822 3797; x_wconf 83' lang='lat' dir='ltr'>Saxoniae</span> 
     </span>
     <span class='ocr_line' id='line_1_35' title="bbox 262 3811 2821 3906; baseline 0.002 -26"><span class='ocrx_word' id='word_1_268' title='bbox 262 3811 526 3883; x_wconf 86' lang='lat' dir='ltr'>finibus</span> <span class='ocrx_word' id='word_1_269' title='bbox 573 3812 849 3893; x_wconf 86' lang='lat' dir='ltr'>invexit,</span> <span class='ocrx_word' id='word_1_270' title='bbox 902 3823 1107 3901; x_wconf 90' lang='lat' dir='ltr'>atque</span> <span class='ocrx_word' id='word_1_271' title='bbox 1153 3813 1396 3884; x_wconf 90' lang='lat' dir='ltr'>Idibus</span> <span class='ocrx_word' id='word_1_272' title='bbox 1419 3813 1610 3882; x_wconf 75' lang='lat' dir='ltr'>lunii</span> <span class='ocrx_word' id='word_1_273' title='bbox 1663 3815 1734 3882; x_wconf 94' lang='lat' dir='ltr'>in</span> <span class='ocrx_word' id='word_1_274' title='bbox 1787 3815 2140 3906; x_wconf 86' lang='lat' dir='ltr'>Corbejam</span> <span class='ocrx_word' id='word_1_275' title='bbox 2199 3835 2446 3884; x_wconf 90' lang='lat' dir='ltr'>novam</span> <span class='ocrx_word' id='word_1_276' title='bbox 2493 3815 2534 3853; x_wconf 78' lang='lat'>⁴*</span> <span class='ocrx_word' id='word_1_277' title='bbox 2583 3836 2821 3905; x_wconf 87' lang='lat' dir='ltr'>perve-</span> 
     </span>
     <span class='ocr_line' id='line_1_36' title="bbox 263 3900 2818 3995; baseline 0.003 -28"><span class='ocrx_word' id='word_1_278' title='bbox 263 3901 488 3981; x_wconf 88' lang='lat' dir='ltr'>niens,</span> <span class='ocrx_word' id='word_1_279' title='bbox 544 3923 738 3992; x_wconf 89' lang='lat' dir='ltr'>spem</span> <span class='ocrx_word' id='word_1_280' title='bbox 790 3900 1225 3995; x_wconf 77' lang='lat' dir='ltr'>salutemque</span> <span class='ocrx_word' id='word_1_281' title='bbox 1278 3903 1537 3988; x_wconf 88' lang='lat' dir='ltr'>patriae</span> <span class='ocrx_word' id='word_1_282' title='bbox 1574 3958 1589 3983; x_wconf 92' lang='lat'>,</span> <span class='ocrx_word' id='word_1_283' title='bbox 1645 3904 1992 3992; x_wconf 88' lang='lat' dir='ltr'>totiusque</span> <span class='ocrx_word' id='word_1_284' title='bbox 2054 3903 2386 3974; x_wconf 87' lang='lat' dir='ltr'>Saxoniae</span> <span class='ocrx_word' id='word_1_285' title='bbox 2443 3925 2476 3973; x_wconf 92' lang='lat' dir='ltr'>s</span> <span class='ocrx_word' id='word_1_286' title='bbox 2527 3903 2818 3974; x_wconf 90' lang='lat' dir='ltr'>ecialem</span> 
     </span>
     <span class='ocr_line' id='line_1_37' title="bbox 260 3990 2811 4083; baseline 0.002 -25"><span class='ocrx_word' id='word_1_287' title='bbox 260 4002 627 4079; x_wconf 89' lang='lat' dir='ltr'>patronum</span> <span class='ocrx_word' id='word_1_288' title='bbox 672 4012 843 4071; x_wconf 60' lang='lat' dir='ltr'>‚cum</span> <span class='ocrx_word' id='word_1_289' title='bbox 904 3990 1395 4062; x_wconf 81' lang='lat' dir='ltr'>inaestimabili</span> <span class='ocrx_word' id='word_1_290' title='bbox 1448 3990 1869 4083; x_wconf 90' lang='lat' dir='ltr'>populorum</span> <span class='ocrx_word' id='word_1_291' title='bbox 1923 3991 2226 4083; x_wconf 90' lang='lat' dir='ltr'>tripudio</span> <span class='ocrx_word' id='word_1_292' title='bbox 2274 3992 2417 4062; x_wconf 87' lang='lat' dir='ltr'>illic</span> <span class='ocrx_word' id='word_1_293' title='bbox 2516 3994 2811 4083; x_wconf 88' lang='lat' dir='ltr'>eposuit.</span> 
     </span>
     <span class='ocr_line' id='line_1_38' title="bbox 257 4081 2820 4172; baseline 0.002 -25"><span class='ocrx_word' id='word_1_294' title='bbox 257 4083 565 4160; x_wconf 86' lang='lat' dir='ltr'>Quantas</span> <span class='ocrx_word' id='word_1_295' title='bbox 613 4100 772 4149; x_wconf 91' lang='lat' dir='ltr'>vero</span> <span class='ocrx_word' id='word_1_296' title='bbox 804 4091 870 4149; x_wconf 92' lang='lat' dir='ltr'>et</span> <span class='ocrx_word' id='word_1_297' title='bbox 899 4093 1066 4167; x_wconf 90' lang='lat' dir='ltr'>quot</span> <span class='ocrx_word' id='word_1_298' title='bbox 1107 4083 1508 4153; x_wconf 89' lang='lat' dir='ltr'>morborum</span> <span class='ocrx_word' id='word_1_299' title='bbox 1561 4082 1956 4153; x_wconf 87' lang='lat' dir='ltr'>curationes</span> <span class='ocrx_word' id='word_1_300' title='bbox 2004 4103 2128 4171; x_wconf 90' lang='lat' dir='ltr'>per</span> <span class='ocrx_word' id='word_1_301' title='bbox 2157 4081 2312 4172; x_wconf 88' lang='lat' dir='ltr'>ejus</span> <span class='ocrx_word' id='word_1_302' title='bbox 2365 4081 2629 4151; x_wconf 89' lang='lat' dir='ltr'>itineris</span> <span class='ocrx_word' id='word_1_303' title='bbox 2679 4094 2820 4151; x_wconf 87' lang='lat' dir='ltr'>sta-</span> 
     </span>
     <span class='ocr_line' id='line_1_39' title="bbox 258 4167 2819 4269; baseline 0.002 -34"><span class='ocrx_word' id='word_1_304' title='bbox 258 4167 478 4237; x_wconf 90' lang='lat' dir='ltr'>tiones</span> <span class='ocrx_word' id='word_1_305' title='bbox 525 4167 767 4269; x_wconf 83' lang='lat' dir='ltr'>viginti</span> <span class='ocrx_word' id='word_1_306' title='bbox 817 4169 1182 4239; x_wconf 89' lang='lat' dir='ltr'>clementia</span> <span class='ocrx_word' id='word_1_307' title='bbox 1232 4168 1604 4239; x_wconf 88' lang='lat' dir='ltr'>Salvatoris</span> <span class='ocrx_word' id='word_1_308' title='bbox 1636 4170 2024 4241; x_wconf 87' lang='lat' dir='ltr'>exhibuerit</span> <span class='ocrx_word' id='word_1_309' title='bbox 2066 4171 2275 4260; x_wconf 89' lang='lat' dir='ltr'>(quae</span> <span class='ocrx_word' id='word_1_310' title='bbox 2322 4170 2604 4258; x_wconf 90' lang='lat' dir='ltr'>quidem</span> <span class='ocrx_word' id='word_1_311' title='bbox 2644 4192 2819 4258; x_wconf 88' lang='lat' dir='ltr'>qua-</span> 
     </span>
     <span class='ocr_line' id='line_1_40' title="bbox 256 4255 2815 4350; baseline 0.002 -26"><span class='ocrx_word' id='word_1_312' title='bbox 256 4255 752 4346; x_wconf 80' lang='lat' dir='ltr'>dragenarium</span> <span class='ocrx_word' id='word_1_313' title='bbox 805 4279 1175 4328; x_wconf 87' lang='lat' dir='ltr'>numerum</span> <span class='ocrx_word' id='word_1_314' title='bbox 1208 4258 1581 4347; x_wconf 85' lang='lat' dir='ltr'>excedunt)</span> <span class='ocrx_word' id='word_1_315' title='bbox 1619 4258 1741 4345; x_wconf 90' lang='lat' dir='ltr'>qui</span> <span class='ocrx_word' id='word_1_316' title='bbox 1793 4257 1935 4329; x_wconf 88' lang='lat' dir='ltr'>vult</span> <span class='ocrx_word' id='word_1_317' title='bbox 1982 4271 2203 4350; x_wconf 81' lang='lat' dir='ltr'>potest</span> <span class='ocrx_word' id='word_1_318' title='bbox 2252 4260 2325 4328; x_wconf 90' lang='lat' dir='ltr'>in</span> <span class='ocrx_word' id='word_1_319' title='bbox 2377 4257 2609 4329; x_wconf 91' lang='lat' dir='ltr'>libello</span> <span class='ocrx_word' id='word_1_320' title='bbox 2672 4281 2815 4328; x_wconf 89' lang='lat' dir='ltr'>me-</span> 
     </span>
     <span class='ocr_line' id='line_1_41' title="bbox 256 4345 2810 4439; baseline 0.001 -26"><span class='ocrx_word' id='word_1_321' title='bbox 256 4358 522 4415; x_wconf 90' lang='lat' dir='ltr'>morato</span> <span class='ocrx_word' id='word_1_322' title='bbox 543 4345 788 4437; x_wconf 88' lang='lat' dir='ltr'>legere,</span> <span class='ocrx_word' id='word_1_323' title='bbox 820 4347 1020 4418; x_wconf 89' lang='lat' dir='ltr'>nobis</span> <span class='ocrx_word' id='word_1_324' title='bbox 1046 4370 1204 4420; x_wconf 88' lang='lat' dir='ltr'>vero</span> <span class='ocrx_word' id='word_1_325' title='bbox 1227 4349 1374 4439; x_wconf 88' lang='lat' dir='ltr'>jam</span> <span class='ocrx_word' id='word_1_326' title='bbox 1403 4369 1538 4417; x_wconf 93' lang='lat' dir='ltr'>non</span> <span class='ocrx_word' id='word_1_327' title='bbox 1575 4361 1771 4417; x_wconf 91' lang='lat' dir='ltr'>vacat</span> <span class='ocrx_word' id='word_1_328' title='bbox 1799 4368 2365 4419; x_wconf 86' lang='lat' dir='ltr'>commemorare:</span> <span class='ocrx_word' id='word_1_329' title='bbox 2404 4348 2810 4439; x_wconf 87' lang='lat' dir='ltr'>praesertim</span> 
     </span>
    </p>
   </div>
   <div class='ocr_carea' id='block_1_6' title="bbox 312 4472 1855 4528">
    <p class='ocr_par' dir='ltr' id='par_1_7' title="bbox 312 4472 1855 4528">
     <span class='ocr_line' id='line_1_42' title="bbox 312 4472 1855 4528; baseline 0.003 -16"><span class='ocrx_word' id='word_1_330' title='bbox 312 4472 337 4499; x_wconf 69' lang='lat'>⁸</span> <span class='ocrx_word' id='word_1_331' title='bbox 364 4473 545 4521; x_wconf 65' lang='lat' dir='ltr'>con-baja</span> <span class='ocrx_word' id='word_1_332' title='bbox 568 4474 720 4521; x_wconf 75' lang='lat' dir='ltr'>vetus,</span> <span class='ocrx_word' id='word_1_333' title='bbox 740 4472 922 4516; x_wconf 73' lang='lat' dir='ltr'>Gallica</span> <span class='ocrx_word' id='word_1_334' title='bbox 941 4476 1046 4519; x_wconf 72' lang='lat' dir='ltr'>erat</span> <span class='ocrx_word' id='word_1_335' title='bbox 1065 4474 1141 4528; x_wconf 78' lang='lat' dir='ltr'>(de</span> <span class='ocrx_word' id='word_1_336' title='bbox 1162 4485 1218 4517; x_wconf 73' lang='lat' dir='ltr'>ea</span> <span class='ocrx_word' id='word_1_337' title='bbox 1235 4477 1284 4517; x_wconf 76' lang='lat' dir='ltr'>tn</span> <span class='ocrx_word' id='word_1_338' title='bbox 1306 4476 1444 4518; x_wconf 79' lang='lat' dir='ltr'>Surio</span> <span class='ocrx_word' id='word_1_339' title='bbox 1467 4475 1568 4516; x_wconf 79' lang='lat' dir='ltr'>Vol.</span> <span class='ocrx_word' id='word_1_340' title='bbox 1590 4476 1649 4520; x_wconf 86' lang='lat'>11,</span> <span class='ocrx_word' id='word_1_341' title='bbox 1668 4485 1718 4526; x_wconf 83' lang='lat' dir='ltr'>p.</span> <span class='ocrx_word' id='word_1_342' title='bbox 1741 4474 1855 4527; x_wconf 75' lang='lat'><strong>524).</strong></span> 
     </span>
    </p>
   </div>
  </div>
 </body>
</html>
