3357 4995
677 309 806 374 226
1319 326 1398 372 nn
1445 325 1500 372 s.
1554 287 1820 372 rumoni
1872 325 2037 373 vmc.
2090 326 2166 373 ΕΤ
2214 325 2402 373 mur.
2818 311 3037 376 JUMI
3085 313 3125 377 9
3169 279 3177 288 ⁸

584 412 762 481 illu-d
815 418 1172 480 narrantes
1220 409 1484 479 audire.
1551 414 1898 491 Quantum
1947 409 2289 489 dedecus,
2343 422 2686 496 quantum
2741 433 3117 483 moerorem

587 522 667 572 ac
702 499 1030 590 probrum
1072 499 1397 569 omnibus
1446 498 1685 588 impiis
1733 497 1871 567 illis
1919 510 2084 568 tunc
2118 498 2329 569 fuisse
2372 520 2497 588 par
2535 503 2681 569 est?
2729 505 2875 584 Qua
2917 501 3129 571 tristi-

589 589 709 670 tia,
754 611 894 675 quo
923 587 1118 657 vultu
1155 599 1220 655 et
1267 587 1517 656 rubore
1560 586 1872 677 perfusos
1922 586 2175 658 milites
2225 587 2383 658 illos
2415 588 2699 657 rediisse
2748 589 3122 670 credimuS‚

584 678 704 764 qui
755 677 982 766 reipsa
1026 676 1431 754 didicerant,
1473 696 1545 745 se
1593 697 1730 745 non
1760 697 1922 745 cum
1973 676 2398 757 hominibus,
2453 677 2573 745 sed
2622 699 2785 747 cum
2822 683 2953 748 Deo
2980 678 3128 748 bel-

586 765 732 835 lum
781 768 1059 856 gerere?
1103 765 1358 855 Joseph
1406 785 1544 851 quo
1594 778 1898 854 ternpore
1946 786 1985 834 a
2024 765 2310 835 domina
2354 788 2480 836 sua
2531 766 2805 835 insidiis
2857 769 3130 857 peteba-

584 865 731 935 tur,
757 866 1009 925 vestem
1061 854 1355 942 impuris
1402 875 1481 922 ac
1537 852 1840 923 scelestis
1889 854 2222 923 barbarae
2271 854 2584 927 mulieris
2640 856 2962 928 manibus
3011 856 3131 927 de-

584 954 841 1013 tentam
892 942 1189 1030 reliquit,
1244 955 1310 1011 et
1359 941 1589 1011 nudus
1621 941 1804 1011 exiit.
1851 941 2122 1034 Pelagia
2162 965 2318 1014 vero
2349 964 2571 1031 neque
2618 966 2870 1034 corpus
2920 967 3128 1015 suum

585 1032 672 1101 ab
721 1031 1193 1121 intemperatis
1239 1030 1379 1099 illis
1426 1030 1828 1101 hominihus
1878 1031 2065 1122 tangi
2107 1053 2310 1121 passa
2341 1045 2465 1113 est,
2514 1032 2631 1102 sed
2682 1055 2844 1103 cum
2893 1035 3130 1104 anima

585 1121 741 1211 ipsa
788 1142 1072 1210 corpore
1132 1119 1478 1189 denudata
1526 1120 1595 1187 in
1644 1119 1914 1189 coelum
1954 1120 2399 1201 ascendisset,
2457 1134 2520 1190 et
2569 1134 2877 1191 sanctam
2929 1144 3125 1193 suam

583 1231 864 1279 carnem
916 1209 1099 1309 apud
1136 1209 1362 1277 hostes
1411 1208 1819 1296 reliquisset,
1873 1209 1967 1278 ita
2013 1209 2262 1280 dubios
2301 1221 2365 1280 et
2406 1210 2764 1301 perplexos
2813 1210 3127 1281 adversa-

585 1299 727 1368 rios
777 1297 1097 1378 reddidit,
1150 1307 1227 1366 ut
1273 1297 1613 1367 nescirent
1659 1296 1829 1384 quid
1865 1297 2199 1368 facerent:
2239 1319 2461 1386 neque
2514 1299 2700 1369 enim
2753 1299 3119 1380 habebant,

585 1387 757 1475 quid
808 1386 1118 1473 reliquiis
1196 1384 1334 1456 illis
1380 1385 1706 1477 deinceps
1780 1385 2099 1457 facerent.
2179 1387 2363 1456 Talia
2430 1400 2592 1457 sunt
2654 1387 2948 1477 perfecta
3012 1390 3128 1456 Dei

585 1497 816 1566 opera,
872 1497 1098 1544 rerum
1150 1474 1695 1564 desperationem
1745 1474 1828 1544 ad
1883 1475 2642 1566 multamssacilitatem,
2682 1476 2953 1564 sibique
3001 1482 3121 1544 ad-

583 1565 1171 1642 versantium-res,
1224 1584 1401 1651 quae
1459 1562 1780 1634 videntur
1818 1563 2207 1646 facillimae,
2262 1565 2345 1633 ad
2396 1576 2766 1635 extremam
2803 1565 3126 1655 despera-

587 1653 844 1723 tionem
893 1652 1386 1722 transferentis,
3175 1674 3179 1679 ·

673 1743 709 1827 ξ
755 1744 856 1811 θ’..
887 1741 1062 1824 Quid
1115 1740 1514 1811 difficultate
1576 1741 1695 1810 illa
1745 1741 1993 1829 majus,
2041 1741 2135 1810 -in
2184 1762 2395 1829 quam
2509 1742 2689 1811 uella
2738 1755 2901 1811 tunc
2951 1744 3126 1812 inci-

585 1828 825 1899 derat?
877 1830 1052 1912 Quid
1105 1828 1423 1900 facilitate
1486 1829 2066 1910 illarum.1·erum,
2135 1851 2307 1917 quas
2357 1832 2453 1899 mi
2486 1831 2607 1901 ites
2671 1843 2834 1900 tunc
2883 1845 3126 1900 tracta-

583 1917 773 1998 bant,
829 1918 1108 2007 planius
1156 1919 1369 1987 videri
1418 1922 1721 2007 poterat?
1749 1918 2104 1988 Habebant
2128 1918 2427 2008 puellam
2466 1920 2655 1991 intus
2690 1919 2902 1989 solam
2937 1941 3124 1988 com-

586 2007 1025 2097 prehensam,
1080 2007 1281 2077 domo
1329 2008 1478 2096 ipsa
1540 2006 1723 2076 velut
1771 2028 2041 2076 carcere
2077 2007 2376 2094 quodam
2408 2008 2854 2084 conclusam,
2909 2022 2974 2078 et
3020 2021 3124 2076 ta-

585 2116 743 2165 men
803 2096 1156 2166 redierunt
1204 2096 1527 2186 praedam
1584 2115 1718 2164 non
1768 2095 2086 2164 assecuti.
2143 2100 2386 2165 Contra
2436 2096 2665 2187 puella
2734 2097 2906 2186 ipsa,
2961 2119 3121 2167 cum

587 2184 916 2254 omnibus
962 2184 1238 2255 auxiliis
1300 2197 1502 2272 atque
1548 2183 1981 2271 adJ'utoribus
2028 2182 2294 2254 deserta
2358 2199 2570 2264 esset,
2646 2207 2864 2272 neque
2904 2185 3121 2255 ullam

586 2273 919 2343 evadendi
968 2274 1148 2342 viam
1211 2273 1509 2351 haberet,
1561 2271 1681 2340 sed
1745 2294 1955 2360 prope
2020 2272 2297 2343 illarum
2372 2273 2673 2343 ferarum
2748 2296 2998 2345 manus
3045 2295 3117 2343 se

588 2363 881 2451 positam
927 2361 1214 2441 videret,
1267 2383 1346 2430 ex
1400 2361 1571 2450 ipsis
1620 2360 1963 2441 faucibuS‚
2018 2374 2093 2431 ut
2126 2361 2379 2449 aliquis
2435 2362 2737 2442 diceret,
2783 2363 3115 2452 abrepta,

587 2451 901 2522 omnium
951 2448 1241 2520 insidias
1288 2449 1585 2541 diffugit,
1638 2462 1704 2519 et
1753 2449 2004 2519 milites
2036 2471 2116 2520 ac
2155 2450 2451 2540 judiceS‚
2508 2452 2995 2542 principesque
3039 2450 3120 2521 il-

583 2539 687 2610 los
736 2540 1103 2629 superavit,
1173 2538 1378 2624 idque
1439 2562 1516 2608 eo
1592 2551 1930 2628 tempore,
1984 2561 2121 2627 quo
2169 2561 2409 2609 omnes
2473 2562 2543 2609 se
2594 2539 2784 2610 illius
2834 2541 3120 2610 victores

582 2628 853 2698 futuros
901 2629 1288 2719 sperabant.
2042 2670 2053 2679 -

668 2720 705 2803 ξ
753 2720 833 2788 8.
878 2722 1111 2787 Postea
1143 2738 1319 2787 vero,
1363 2738 1572 2802 quam
1611 2715 1840 2805 puella
1890 2717 2040 2806 ipsa
2082 2729 2351 2785 mortua
2399 2730 2524 2796 est,
2579 2730 2740 2787 tunc
2785 2718 2856 2786 in
2907 2717 3118 2805 maj0—

580 2827 722 2875 rem
776 2806 1317 2895 desperationem
1371 2805 1785 2885 inciderunt,
1841 2805 2317 2875 ut·discerent
2366 2811 2737 2894 Martyrum
2791 2819 3114 2885 mortem,

581 2900 954 2982 Martyrum
1003 2915 1152 2963 esse
1200 2894 1576 2962 victoriam.
1616 2898 1756 2963 Hoc
1803 2894 2089 2994 perinde
2137 2893 2288 2973 fuit,
2346 2916 2425 2964 ac
2473 2895 2528 2965 si
2582 2894 2923 2965 undarum
2986 2893 3119 2961 im-

579 2995 743 3072 petu
776 2982 861 3050 ad
915 2983 1142 3070 ipsum
1194 2995 1433 3071 portus
1481 2982 1745 3052 aditum
1797 2996 2100 3053 irruente
2156 2982 2505 3073 navigium
2576 3005 2795 3053 merce
2842 2982 3123 3071 copiosa

575 3084 641 3140 et
701 3072 1092 3161 margaritis
1144 3071 1456 3160 pretiosis
1509 3071 1872 3150 refertum,
1929 3093 2097 3141 cum
2144 3071 2439 3161 jamjam
2511 3071 2598 3140 ab
2648 3071 2919 3161 illaipsa
2988 3071 3122 3140 ssu-

575 3160 921 3229 ctuatione
972 3159 1557 3251 submergendum
1609 3180 1758 3229 esse
1826 3159 2201 3242 videretur,
2262 3161 2647 3251 periculum
2714 3182 2868 3230 mox
2916 3159 3121 3230 diffu-

579 3250 796 3339 gienS,
841 3249 927 3318 ab
962 3249 1110 3338 ipso
1168 3270 1506 3335 aquarum
1567 3249 1831 3339 impetu
1893 3249 2303 3338 impulsum,
2357 3271 2563 3337 quam
2629 3250 2984 3319 celerrime
3032 3249 3117 3318 ad

582 3350 857 3427 portum
910 3338 1388 3407 transmissum
1441 3351 1637 3407 esset.
1695 3339 1801 3407 Sic
1854 3338 2152 3408 militum
2206 3338 2484 3408 illorum
2546 3339 2807 3408 invasio
2864 3360 2942 3407 ac
2993 3351 3120 3407 ter-

578 3448 715 3507 ror,
772 3449 933 3495 cum
981 3427 1306 3496 omnibus
1339 3425 1548 3495 undis
1597 3425 2102 3497 formidolosior
2126 3427 2507 3506 incidisset,
2556 3426 2735 3507 fecit,
2784 3440 2860 3498 ut
2904 3425 3119 3495 multo

565 3515 868 3585 celerius
920 3515 1147 3605 puella
1195 3515 1546 3586 festinaret
1601 3515 1685 3583 ad
1740 3515 2004 3584 coelum
2064 3515 2472 3586 ascendere:
2528 3537 2839 3603 quaeque
2891 3515 3119 3583 navim

576 3603 797 3694 ipsam
851 3604 1296 3674 submersura
1353 3603 1708 3673 videbatur
1778 3604 1989 3683 unda,
2046 3604 2165 3673 illa
2220 3604 2476 3674 salvam
2530 3603 2612 3672 ad
2667 3603 3118 3690 tranquillum

575 3705 848 3783 portum
888 3693 1299 3763 transmisit:
1355 3714 1432 3761 ac
1481 3692 1728 3762 deinde
1775 3714 2029 3782 corpus
2096 3693 2268 3762 illud
2318 3692 2512 3762 omni
2561 3691 2829 3783 fulgore
2888 3691 3119 3782 splen-

575 3782 808 3851 didius
857 3803 934 3850 ex
989 3781 1124 3851 alto
1176 3781 1644 3861 deserebatur,
1708 3780 2063 3852 diabolum
2134 3782 2198 3850 id
2254 3781 2592 3851 videntem
2643 3781 2917 3850 feriens.
2974 3786 3115 3849 Non

571 3872 753 3939 enirn
809 3870 899 3939 ita
949 3870 1185 3961 fulgur
1224 3893 1260 3939 e
1308 3869 1516 3940 coelis
1563 3870 1973 3951 demissum,
2029 3871 2228 3940 nobis
2279 3870 2578 3940 terribile
2627 3869 2841 3938 videri
2903 3869 3113 3948 solet,

569 3972 645 4028 ut
676 3959 989 4115 Martyris
1037 3982 1290 4050 corpus
1337 3957 1611 4049 fulgure
1640 3959 1921 4050 gravius
1969 3957 2387 4030 daemonum
2441 3972 2704 4029 turmas
2754 3972 2918 4029 tunc
2964 3978 3119 4046 per·

568 4060 742 4117 terre
772 4059 924 4117 ecit.

655 4138 692 4223 §
740 4140 833 4205 9.
890 4137 1017 4206 Sed
1069 4149 1142 4206 ut
1191 4137 1419 4207 diseas
1498 4158 1628 4206 non
1705 4137 1851 4207 sine
1926 4136 2160 4205 divina
2220 4137 2646 4226 providentia
2724 4135 2806 4204 id·
2860 4134 3116 4203 facturn

565 4224 831 4306 fuisse,
883 4226 1014 4307 hoc
1066 4227 1431 4316 praecipue
1482 4224 1637 4295 licet
1700 4236 1929 4316 aperte
1979 4224 2198 4294 intelli
2227 4246 2361 4295 rere
2409 4248 2487 4294 ex
2553 4225 2774 4315 ipsius
2830 4222 3118 4312 virginis

565 4314 918 4405 proposito
965 4328 1030 4384 et
1079 4327 1395 4405 prompto
1443 4315 1711 4384 animo:
1747 4313 2071 4401 quodque
2100 4313 2193 4382 mi
2231 4316 2353 4384 ites
2403 4313 2506 4383 illi
2558 4313 2846 4403 virginis
2876 4311 3114 4381 dolum

569 4425 705 4472 non
740 4403 1263 4485 considerarim,
1317 4402 1435 4474 sed
1485 4402 1666 4490 quod
1711 4401 1825 4472 illa
1881 4402 2198 4493 petierat,
2255 4402 2547 4474 libenter
2594 4400 3059 4474 concesserint
3103 4424 3117 4465 ;
