3357 4995
693 310 776 376 34
1442 331 1522 377 nn
1570 331 1633 378 s.
1690 328 1967 377 simona
2012 327 2312 378 homerio
2843 312 3066 379 JUNII
3119 316 3152 379 1

592 413 934 493 turbatuS,
988 410 1072 481 ad
1127 412 1507 513 hospitium
1574 435 1647 483 se
1698 413 2005 497 retrahit,
2059 412 2394 484 deliberat
2431 412 2609 483 utin
2640 412 3024 485 crastinum
3061 416 3159 487 ad

588 501 885 593 patriam
937 513 1270 591 reportari
1315 503 1554 592 possit.
1602 503 1885 573 Interim
1936 523 2101 593 prae
2144 502 2363 573 nimio
2401 500 2640 572 dolore
2672 503 2866 592 gravi
2898 524 3157 575 somno

590 611 991 681 oppressuS,
1048 601 1198 679 post
1245 589 1686 680 gallicinium
1735 590 1940 679 quasi
1986 591 2059 661 in
2109 590 2358 664 ecstasi
2406 589 2654 671 factuS,
2691 590 2862 661 vidit
2898 613 3157 683 quem-

589 677 749 749 dam
813 690 1098 749 venusto
1145 679 1342 748 vultu
1388 702 1550 750 cum
1601 700 1856 771 magno
1904 679 2173 751 lumine
2220 678 2566 761 assistere,
2620 678 2870 768 hisque
2917 682 3159 754 verbis

589 768 824 858 ipsum
865 766 1213 838 blanditer
1259 768 1481 838 affari:
1537 768 1718 853 Quid
1757 769 1974 859 Jaces,
2029 769 2271 839 homo?
2311 772 2530 859 Surge
2578 767 2921 852 velociter,
2956 780 3022 840 et
3056 770 3153 840 ad

585 856 715 925 viri
764 856 881 926 Dei
927 856 1274 928 Simeonis
1336 856 1742 948 sepulcrum
1791 859 1926 928 cito
1975 856 2248 927 accede.
2302 860 2614 945 Cumque
2661 857 3139 948 responderet,

585 966 725 1015 non
774 966 975 1036 posse
1020 966 1095 1039 se
1142 945 1265 1026 ire,
1321 967 1395 1016 se
1434 945 1583 1035 jam
1634 957 1793 1016 ante
1840 946 2009 1017 illuc
2058 946 2350 1027 venisse,
2397 959 2462 1016 et
2510 945 2683 1016 nihil
2727 946 3146 1037 profecisse:

586 1033 706 1104 ille
754 1035 894 1103 ait:
947 1038 1087 1124 Ego
1136 1045 1197 1103 te
1244 1033 1521 1124 adjuvo,
1559 1056 1687 1126 ego
1719 1046 2053 1107 sustento:
2106 1034 2252 1105 noli
2299 1033 2608 1105 tardare:
2651 1047 2925 1125 praesto
2983 1059 3151 1108 sum

583 1134 661 1192 ut
707 1121 1048 1192 auxilium
1106 1122 1230 1193 tibi
1278 1122 1517 1193 feram.
1571 1123 1920 1196 Excitatus
1965 1145 2152 1215 ergo,
2208 1123 2424 1194 sensit
2482 1123 2961 1196 membrorum
3001 1126 3148 1195 vir·

586 1220 800 1281 tutem
855 1210 1183 1281 rediisse:
1236 1211 1499 1299 sicque,
1550 1214 1673 1300 qui
1723 1213 1985 1284 solebat
2042 1234 2300 1284 curvus
2346 1223 2551 1300 atque
2600 1225 2985 1303 prostratus
3034 1214 3150 1283 in·

582 1299 808 1369 firmis
854 1301 1093 1390 repere
1140 1300 1491 1383 manibus»,
1544 1302 1632 1371 ad
1682 1300 2087 1393 sepulcrum
2135 1301 2263 1371 viri
2314 1301 2455 1383 Dei,
2510 1300 2807 1372 mirante
2852 1302 3143 1394 populo,

584 1400 723 1458 toto
760 1410 1049 1479 corpore
1079 1401 1372 1472 erectus,
1410 1388 1728 1462 solidatis
1784 1390 2099 1461 ascendit
2147 1389 2471 1481 pedihus.

671 1478 708 1564 ξ
758 1481 903 1551 2¹.
957 1482 1050 1547 Ea
1097 1488 1519 1568 tempestate,
1574 1500 1737 1550 cum
1788 1479 2224 1550 Trevirorum
2272 1477 2537 1558 civitas,
2594 1479 2804 1549 tantis
2852 1478 3149 1579 polleret

586 1565 972 1648 miraculiS,
1025 1566 1111 1636 ad
1168 1565 1437 1637 domini
1486 1568 1827 1639 Simeonis
1866 1567 2271 1660 sepulcrum
2324 1578 2733 1658 apportatus
2781 1566 2912 1638 fult
2959 1589 3143 1658 puer

581 1667 732 1725 octo
778 1675 1147 1737 annorum,
1181 1656 1297 1726 cui
1330 1657 1615 1728 morbus
1639 1656 2053 1728 ambulandi
2081 1656 2430 1747 eripuerat
2469 1654 2804 1738 officium,
2840 1677 2967 1746 pro
2995 1673 3142 1744 qu'o

572 1744 723 1833 jam
771 1743 1000 1814 triduo
1050 1744 1439 1815 Simeonem
1490 1746 1980 1838 interpellarat
2010 1745 2280 1816 devotio
2329 1755 2721 1835 parentum.
2763 1749 2957 1814 Forte
2988 1758 3145 1816 erat

583 1831 770 1922 apud
824 1854 948 1903 nos
996 1830 1082 1901 de
1128 1832 1532 1904 Alemannia
1578 1836 1966 1907 monachus
2022 1855 2162 1904 non
2213 1832 2654 1904 mediocriter
2722 1833 3139 1905 liberalibus

582 1921 943 1994 institutus
988 1921 1403 2013 disciplinis,
1447 1945 1687 1995 verum
1735 1924 1946 1996 tantis
2002 1945 2141 1994 non
2182 1922 2357 1992 bene
2402 1921 2693 1991 credens
2743 1920 3132 1993 miraculis:

584 2011 705 2097 qui
751 2011 955 2081 etiam
1005 2022 1169 2081 tunc
1218 2033 1545 2102 praesens
1590 2012 1868 2095 aderat,
1921 2033 2083 2084 cum
2133 2011 2394 2082 ibidem
2447 2010 2560 2080 Dei
2622 2009 2956 2101 effulgent
3004 2011 3144 2079 mi-

584 2099 846 2179 racula,
883 2110 949 2169 et
994 2100 1338 2170 exorabile
1385 2101 1565 2172 beati
1605 2101 1947 2173 Simeonis
1987 2101 2312 2171 meritum
2360 2100 2536 2170 votis
2583 2098 2849 2189 aspirat
2897 2111 3138 2169 astan-

585 2187 783 2258 tium.
830 2193 1007 2258 Puer
1050 2188 1362 2277 utrisque
1414 2190 1740 2262 manibus
1777 2191 1978 2261 altari
2017 2188 2456 2269 adhaerebat,
2509 2186 2731 2257 donec
2779 2188 3140 2259 membro-

584 2298 741 2345 rum
791 2277 1090 2348 resoluta
1150 2281 1483 2370 compage
1515 2334 1530 2360 ,
1583 2300 1755 2351 sano
1816 2279 2031 2350 astitit
2088 2289 2356 2349 erectus
2402 2277 2474 2346 in
2523 2297 2836 2367 corpore.
2894 2281 3140 2364 Itaque

582 2365 971 2455 ingreditur
1017 2365 1336 2458 pedibus,
1393 2366 1511 2438 sed
1560 2368 1842 2438 tremuli
1890 2367 2190 2438 titubant
2220 2367 2559 2466 incessuS,
2601 2386 2778 2452 quos
2817 2364 3140 2465 nondum

582 2465 871 2527 naturae
918 2454 1245 2528 docuerat
1291 2478 1485 2528 usus.
1542 2456 1845 2529 Tandem
1895 2478 2109 2529 sanus
2157 2454 2397 2526 rediit:
2454 2475 2654 2544 isque
2701 2456 2786 2525 de
2833 2474 2971 2542 quo
3025 2454 3142 2524 d1-

583 2545 836 2705 ximusb,
875 2545 1044 2647 visis
1072 2545 1388 2626 credidit,
1429 2551 1641 2618 Deum
1674 2546 2005 2628 laudavit,
2044 2546 2351 2634 haecque
2378 2565 2957 2626 commemoranS,
2994 2543 3141 2613 lae—

584 2645 696 2704 tus
744 2657 783 2704 a
836 2647 1099 2705 scesslt.
2828 2648 2880 2698 ὕ·

660 2775 893 2839 Eodem
953 2793 1113 2841 anno
1166 2777 1430 2858 (nempe
1481 2777 1741 2857 mxxv)
1781 2771 1901 2860 q'uo
1952 2777 2015 2842 S.
2063 2778 2319 2843 Simeon
2379 2777 2717 2842 monachus
2757 2781 2822 2840 et
2864 2775 3146 2840 inclusus

588 2857 861 2918 Treviris
900 2867 1176 2920 mortuus
1215 2866 1336 2932 est,
1370 2861 1555 2921 tantis
1593 2859 1937 2922 coruscavit
1965 2858 2302 2929 miraculis,
2335 2865 2463 2921 uta
2491 2857 2822 2920 Benedicto
2848 2856 3002 2933 Papa
3030 2854 3140 2933 lx,

583 2935 1376 3095 gioeplgonlelolytlrlcgltiippiscopo
1417 2944 1691 3017 petente,
1734 2955 1878 3002 mox
1920 2939 2001 3001 sit
2042 2939 2432 3004 canonizatus
2457 2937 2584 3015 (Em
2617 2936 2843 3000 claron.
2877 2935 3147 2999 Hir-sau-
