3357 4995
645 316 725 381 ⁴4
1323 333 1400 378 nr.
1449 332 1504 385 s„
1559 330 1840 380 sacuNno
1890 332 2081 378 Auen.
2135 331 2325 378 mar.
2789 315 3012 381 JUNII
3061 318 3087 379 Ἰ
3159 381 3166 387 ,

556 418 986 506 magicarum
1032 416 1286 485 artium
1320 417 1763 486 cantionibus
1794 415 1861 485 id
1900 426 2205 505 patrasse
2235 416 2636 491 Secundum
2669 416 3095 500 existimans,

554 507 760 577 morti
805 528 964 575 eum
1026 504 1418 585 damnavit;
1477 517 1542 575 et
1588 527 1738 592 quo·
1787 515 2114 575 terrorem
2166 504 2494 595 supplicii
2543 506 2695 595 ers
2743 506 2814 574 in
2867 506 3103 596 plnres

554 595 990 676 diffunderet,
1045 593 1478 664 circumduci
1525 593 1727 664 illum
1758 593 2082 664 revinctis
2131 605 2283 683 post
2317 606 2586 684 tergum
2623 595 2949 666 manibus
2982 618 3105 687 per

553 685 778 754 vicina
829 682 1000 762 loca,
1054 706 1134 753 ac
1182 695 1527 771 postremo
1572 683 1881 753 Ameriae
1911 682 2017 772 (a)
2054 693 2470 752 ostentatum
2509 682 2602 751 in·
2634 685 2945 772 proximo
2992 686 3100 753 Ti-

552 772 736 842 beris
783 772 1073 842 flumine
1118 770 1346 853 obrui,
1400 793 1562 843 saxo
1607 792 1815 857 quem
1866 791 2069 862 aegre
2117 770 2320 841 multi
2359 770 2570 841 simul
2608 771 2926 864 homines
2959 796 3101 844 mo-

551 884 708 932 vere
758 872 1076 952 possent,
1129 858 1306 929 collo
1353 860 1502 948 eJus
1548 859 1867 960 alligatO,
1923 882 2008 929 ne
2055 881 2405 950 emergere
2452 881 2765 947 unquam
2820 875 3089 951 posset,

543 951 777 1040 jussit.
833 952 999 1020 Cu'm
1049 949 1329 1018 demum
1381 948 1468 1017 ab
1516 948 1718 1038 impu
1741 948 1995 1038 judicii
2031 947 2374 1018 ministris
2402 948 2474 1038 in
2511 950 2916 1039 profluentis
2945 951 3100 1043 ripa

552 1051 851 1109 statutus
897 1037 1162 1118 fuisset,
1217 1041 1282 1106 S.
1329 1042 1600 1125 Martyr,
1652 1036 1833 1107 datis
1880 1037 1967 1106 ad
2020 1049 2274 1123 terram
2312 1037 2632 1128 genibus,
2671 1051 2899 1128 grates
2957 1044 3092 1109 Deo

551 1129 714 1219 egit,
758 1141 823 1198 et
861 1125 1227 1217 implorata
1275 1138 1657 1195 erratorum
1714 1147 2002 1196 suorum
2064 1126 2287 1206 venia,
2344 1126 2462 1215 pia
2507 1126 2896 1216 precatione
2952 1128 3102 1197 ani-

552 1238 736 1286 mam
774 1238 971 1286 suam
1007 1214 1283 1284 divinae
1322 1213 1732 1305 benignitati
1769 1213 2291 1294 commendanS,
2337 1227 2519 1285 arcte
2558 1216 2975 1287 constrictus
3014 1238 3096 1286 ac

553 1305 793 1375 molari
839 1303 1056 1394 lapidi
1103 1302 1473 1385 revinctus,
1528 1324 1854 1394 praeceps
1893 1302 1963 1371 in
2015 1303 2309 1373 fluvium
2356 1314 2459 1372 est
2490 1302 2819 1393 deJectuS,
2865 1304 3098 1375 Calen-

553 1394 661 1464 dis
705 1393 924 1483 Junii,
959 1391 1084 1479 qui
1122 1392 1270 1461 dies
1316 1391 1547 1461 adhuc
1580 1391 1794 1463 festus
1836 1390 2145 1461 Ameriae
2192 1390 2443 1480 agitur.
2504 1396 2581 1461 At
2633 1392 2905 1464 facinus
2954 1406 3091 1463 tam

480 1550 489 1561 ,
552 1482 953 1572 indignum,
991 1481 1274 1568 iniquae
1319 1480 1553 1551 caedis
1600 1480 1940 1550 ministris
1995 1480 2285 1570 impune
2333 1501 2469 1550 non
2509 1479 2672 1563 fuit3
2717 1504 2879 1551 nam
2931 1487 3098 1573 Spo—

552 1570 766 1657 letum
801 1569 1188 1642 redeuntes,
1240 1569 1516 1639 duobus
1546 1568 1994 1640 ferocissimis
2041 1570 2227 1639 ursis
2270 1591 2433 1638 cum
2481 1571 2969 1652 occurrissent,
3007 1574 3095 1641 ab

550 1660 639 1729 iis
688 1658 910 1729 necati
956 1680 1036 1728 ac
1083 1657 1402 1727 dilaniati
1439 1660 1682 1728 omn'es
1729 1656 1944 1728 ferme
1989 1669 2177 1728 sunt.
2212 1658 2421 1727 Pauci
2476 1658 2598 1745 qui
2647 1659 2812 1749 fuga
2862 1681 3095 1731 evase-

551 1758 738 1829 runt,
777 1746 1025 1838 partim
1057 1747 1470 1837 cogitatione
1518 1746 1812 1836 periculi
1858 1746 1973 1815 cui
2023 1746 2274 1837 objecti
2319 1746 2618 1828 fuerant,
2656 1748 2910 1839 partim
2961 1748 3093 1818 mi-

551 1837 774 1906 raculi
814 1835 1146 1927 religione
1182 1835 1533 1916 commoti,
1564 1855 1727 1905 cum
1750 1856 1837 1905 ea
1869 1835 2019 1904 fieri
2048 1835 2198 1906 sine
2229 1835 2466 1905 divina
2497 1836 2564 1905 vi
2591 1858 2725 1907 non
2756 1859 2956 1927 posse
2987 1838 3096 1906 in-

553 1925 956 2017 telligerent,
998 1923 1419 1995 sacerdotem
1451 1923 1639 1994 haud
1673 1923 1875 2015 longe
1907 1924 1995 1993 ab
2025 1946 2104 1995 eo
2142 1924 2290 1995 loco
2322 1924 2699 1995 latitantem
2731 1926 2985 2008 adiere,
3029 1938 3096 1996 et

553 2014 640 2084 ab
680 2036 758 2084 eo
803 2014 875 2087 in
923 2013 1303 2084 christiana
1335 2012 1471 2082 fide
1506 2012 1799 2093 institui,
1835 2023 1900 2082 et
1934 2034 2127 2083 sacra
2159 2013 2480 2103 perfundi
2511 2017 2693 2103 aqua
2723 2017 3091 2105 petierunt,

551 2104 897 2190 vitamque
941 2102 1103 2171 inde
1150 2102 1221 2171 in
1270 2101 1647 2171 christiana
1693 2101 2025 2202 religione
2075 2113 2308 2172 sancte
2335 2103 2824 2178 Ztraduxerunt.
2866 2109 3094 2191 Neque

553 2192 629 2260 hi
658 2192 909 2271 solum,
946 2190 1064 2261 sed
1100 2190 1221 2259 alii
1252 2201 1600 2280 praeterea
1643 2190 1871 2271 multi,
1909 2190 2411 2263 miraculorum
2443 2204 2507 2261 et
2538 2193 2854 2282 martyrii
2884 2192 3095 2282 huJus
3177 2274 3186 2282 ,

548 2279 743 2350 fama·
763 2279 1067 2380 adducti,
1103 2284 1273 2350 Jesu
1298 2278 1546 2349 Christi
1586 2278 1973 2348 doctrinam
2004 2279 2353 2367 fidemque
2380 2279 2704 2370 amplexi,
2743 2281 3089 2373 baptismo

551 2391 624 2439 re
675 2381 935 2439 enerat1
982 2379 1166 2437 sunt.
2992 2412 2997 2417 ·

629 2392 675 2545 ξ
716 2462 803 2532 5.
856 2461 933 2528 At
981 2456 1287 2527 Eudoxia
1318 2456 1522 2548 -apud
1569 2477 1781 2543 quam
1838 2455 2091 2547 Spoleti
2139 2454 2495 2527 delituisse
2549 2458 2927 2546 aliquando
2985 2453 3097 2529 Se-

549 2547 860 2618 cundum
911 2547 1239 2627 diximuS,
1294 2568 1460 2616 nece
1505 2546 1656 2616 e‘us
1704 2559 2005 2637 accepta,
2040 2568 2164 2636 pro
2196 2567 2323 2616 sua
2354 2546 2689 2638 religione
2720 2561 2784 2618 e‘t
2826 2549 2892 2618 in
2935 2570 3097 2618 san-

550 2650 737 2707 ctum
788 2637 1014 2707 virum
1065 2636 1336 2726 pietate,
1394 2657 1517 2725 pro
1548 2647 1697 2705 ecta
1745 2634 1987 2716 domo,
2040 2635 2126 2705 ad
2186 2634 2414 2705 locum
2464 2637 2652 2706 unde
2711 2638 3096 2730 proJectum

552 2725 640 2794 in·
674 2726 933 2795 flumen
981 2725 1259 2795 beatum
1326 2730 1691 2814 Martyrem
1751 2723 2107 2805 audierat,
2160 2723 2424 2811 aliquot
2492 2726 2630 2815 piis
2692 2724 3094 2796 hominibus

551 2814 874 2884 comitata
940 2813 1159 2894 venit,
1219 2834 1611 2903 corpusque
1678 2813 1832 2903 ejus
1875 2812 2115 2898 jacens
2179 2813 2252 2882 in
2301 2812 2454 2903 ipso
2501 2813 2696 2904 ripae
2742 2836 2894 2883 mar
2943 2814 3086 2894 ine,

550 2902 744 2972 nullo
808 2902 1312 2992 suppliciorum
1363 2902 1673 3002 vestigio,
1743 2900 1946 3000 nulla⁴
1997 2901 2229 2971 limosi
2271 2902 2604 2992 gurgitis,
2673 2924 2810 2991 quo
2857 2925 2901 2993 p
2933 2922 3093 2986 ures

548 2991 695 3061 dies
742 2991 1032 3062 obrutus
1079 2990 1324 3072 fuerat,
1362 2990 1600 3060 illuvie
1645 2988 2109 3084 deformatum
2157 2991 2430 3084 reperit.
2489 2991 2683 3074 Quod
2728 3013 2890 3060 cum
2924 2989 3096 3060 divi-

550 3080 741 3156 nitus
787 3079 1044 3150 factum
1095 3102 1232 3150 non
1282 3079 1651 3161 dubitaret,
1695 3079 1870 3149 laeta
1915 3079 2078 3149 Jesu
2125 3078 2375 3150 Christi
2419 3090 2558 3149 tam
2607 3079 2971 3149 manifesta
3017 3079 3090 3148 in

547 3168 845 3239 cultores
893 3190 1056 3240 suos
1115 3168 1561 3259 benignitate,
1615 3168 1970 3239 sublatum
2021 3165 2224 3248 inde,
2260 3167 2330 3236 in
2373 3167 2652 3258 praedio
2683 3168 2867 3256 quod
2900 3173 3092 3238 Ame-

551 3257 704 3327 rino
748 3257 818 3327 in
863 3262 1036 3347 Agro
1086 3257 1403 3339 habebat,
1455 3279 1669 3345 quam
1717 3255 2228 3326 officiosissime
2271 3257 2513 3346 potuit,
2553 3278 2626 3326 se
2678 3256 2888 3326 elivit.
2943 3261 3092 3339 Quo

544 3369 625 3418 ex
674 3346 821 3417 loco
870 3345 1280 3417 translatum
1332 3358 1565 3436 postea
1611 3346 1954 3416 Ameriam
2003 3344 2349 3425 creditur,
2401 3345 2529 3416 ubi
2573 3367 2613 3414 a
2706 3351 3091 3416 Romanam

547 3448 840 3527 portam,
882 3435 1170 3525 paulum
1217 3449 1407 3506 extra
1456 3435 1753 3516 moenia,
1806 3445 2074 3504 vetusta
2120 3435 2191 3503 in
2241 3435 2408 3504 aede
2454 3456 2632 3523 quae
2678 3440 2742 3505 S.
2790 3434 3092 3505 Secundi

548 3525 830 3595 nomine
879 3537 1349 3616 nuncupatur,
1391 3536 1703 3614 repertus
1753 3544 2183 3594 marmoreus
2212 3522 2392 3612 lapis
2422 3535 2525 3593 est
2556 3524 2650 3593 ita
2675 3524 3085 3614 inscriptus:

545 3653 634 3667 -
660 3614 787 3683 Hic
814 3613 999 3704 jacet
1030 3636 1287 3705 corpus
1327 3617 1392 3684 S.
1431 3611 1731 3683 Secundi
1762 3611 2099 3699 Martyris.
2139 3650 2214 3662 -
2251 3613 2569 3702 Corporis
2603 3626 2833 3683 tamen
2864 3613 3089 3703 ipsius

547 3701 782 3773 nullae
827 3703 1184 3790 reliquiae,
1239 3701 1512 3774 nullum
1556 3701 1749 3771 aliud
1799 3699 2163 3791 vestigium
2213 3713 2416 3770 extat.
2468 3706 2546 3771 Et
2577 3702 2940 3771 Amerinus
2971 3722 3092 3791 po-

549 3791 763 3950 pulus
807 3806 989 3862 mart
1032 3814 1181 3893 ‚rem
1223 3792 1458 3883 ipsum
1500 3792 1678 3861 inter
1727 3795 2011 3861 Sanctos
2041 3789 2237 3860 urbis
2287 3794 2618 3860 Patronos
2657 3790 3086 3881 adoptatum,

549 3903 620 3951 re
652 3902 867 3972 lgtose
914 3904 994 3952 co
1025 3895 1099 3953 tt.
1985 3913 2016 3952 ο

601 4133 664 4185 (a)
693 4136 873 4174 Ameria
903 4134 1022 4182 (ital.
1040 4134 1225 4181 Amana)
1243 4133 1524 4184 oppidulum
1545 4133 1810 4186 episcopare
1829 4133 1880 4173 in
1899 4130 2104 4181 Umbria.
2123 4138 2151 4174 a
2168 4128 2326 4172 Tiberi
2343 4128 2538 4172 flumine
2558 4131 2596 4177 5,
2615 4128 2674 4170 ab
2693 4129 2810 4171 urbe
2835 4127 3024 4178 spoleto
3045 4129 3094 4167 3ο

548 4200 646 4241 rere
664 4210 890 4250 passuum
910 4199 1123 4242 millibus
1145 4201 1342 4241 distans.
