3357 4995
1248 422 1760 565 JUNIUS

1370 613 1673 636 ι-υ-ύ--ὸ-ο-ο-

585 868 1207 973 MARTYRIUM
1265 865 1369 970 B.
1446 868 1931 972 ANDREAE
2000 869 2128 971 DE
2198 869 2429 972 CHlO

432 1134 475 1176 A
524 1128 793 1177 GEORGIO
838 1128 1271 1178 TRAPEZUNTIO
1318 1128 1544 1176 STATIM
1592 1128 1744 1176 POST
1792 1129 1917 1176 mm
1966 1128 2208 1177 GESTAM
2260 1129 2562 1178 SCRIPTUM

1153 1312 1407 1367 Passus
1459 1322 1638 1367 anno
1680 1313 1864 1369 1465.

318 1513 353 1598 ξ
404 1516 481 1582 1.
520 1508 825 1593 ,Quando
862 1510 1011 1600 jam
1072 1509 1369 1578 triennio
1415 1532 1452 1578 e
1501 1512 1694 1593 Creta,
1741 1509 2406 1600 Constantinopolim
2461 1511 2781 1612 navigas-

233 1620 402 1681 sem,
456 1600 852 1685 ‚universam
903 1597 1096 1667 illam
1145 1597 1391 1667 urbem
1441 1620 1601 1669 cum
1653 1597 1891 1668 Galata
1939 1598 2150 1668 simul
2204 1601 2274 1667 in
2324 1598 2783 1670 admiratione

232 1700 436 1776 atque
481 1686 737 1779 gaudio
787 1687 1007 1776 reperi
1056 1688 1200 1756 non'
1246 1708 1481 1776 parvo,
1538 1700 1816 1777 propter
1863 1687 2219 1778 singulare
2266 1701 2333 1757 et
2382 1688 2780 1758 inauditum

229 1776 474 1847 multis
508 1775 936 1866 temporibus
982 1775 1289 1844 Andreae
1335 1775 1420 1845 de
1469 1775 1665 1855 Chio,
1709 1797 1833 1865 pro
1867 1781 2034 1846 Jesu
2073 1776 2322 1847 Christi
2358 1775 2783 1866 professione

229 1866 669 1955 martyrium.
719 1865 871 1933 Fuit
915 1864 1100 1933 enim
1134 1864 1346 1954 paulo
1378 1877 1536 1934 ante
1568 1864 1873 1934 mirabili
1904 1865 2292 1935 constantia
2333 1887 2453 1955 per
2485 1867 2778 1956 gratiam

229 1955 341 2023 Dei
388 1966 693 2045 gestum.
729 1958 897 2023 Nam
930 1975 1055 2044 ego
1104 1952 1385 2039 quidem
1427 1974 1665 2024 mense
1713 1953 2075 2023 Novembri
2107 1954 2443 2044 applicui,
2477 1977 2661 2024 anno
2695 1955 2783 2024 ab

226 2043 711 2113 incarnatione
757 2042 1030 2111 Domini
1079 2062 1412 2111 mccchxv.
1459 2041 1763 2112 Andreas
1811 2043 1970 2111 v‘ero
2002 2055 2268 2132 martyr
2300 2043 2553 2114 Christi
2583 2065 2786 2133 prae-

223 2132 482 2222 cipuus
515 2153 657 2202 xxix
706 2130 819 2200 die
866 2131 1125 2199 mensis
1174 2131 1357 2221 Maji,
1396 2130 1710 2232 ejusdem
1742 2133 1910 2202 anni
1938 2153 2266 2201 coronam
2304 2133 2614 2221 martyrii
2652 2133 2784 2201 mi-

223 2220 608 2291 sericordia
656 2219 903 2289 Christi
953 2233 1393 2300 consecutuS,
1429 2243 1497 2288 in
1536 2219 1762 2290 coelos
1793 2220 2449 2301 ascendit'adeum,
2489 2243 2614 2312 pro
2647 2242 2786 2308 quo

222 2311 486 2381 multos
532 2309 882 2379 cruciatus
931 2308 1285 2380 sustinuit.
1321 2313 1570 2378 Verum
1621 2308 1806 2396 quod
1856 2309 2344 2379 admirabilius
2384 2310 2512 2379 rite
2560 2310 2788 2380 consi-

219 2398 497 2475 deranti
543 2397 913 2478 videbitur,
965 2396 1140 2466 inuti
1189 2409 1315 2478 est,
1351 2397 1537 2485 quod
1589 2399 1726 2469 nisi
1778 2398 2083 2467 Andreae
2132 2399 2547 2487 martyrium
2607 2399 2788 2468 divi-

222 2489 416 2559 nitus
449 2486 869 2557 destinatum
902 2486 1139 2556 divina
1168 2485 1389 2577 gratia
1419 2486 1828 2559 Christianis
1856 2511 2056 2579 opem
2094 2487 2385 2569 tulisset,
2421 2500 2486 2557 et
2516 2489 2788 2558 animos

214 2599 462 2648 eorum
515 2577 904 2657 firmaeset,
957 2597 1213 2666 magna
1260 2576 1332 2644 in
1380 2598 1497 2647 eos
1543 2576 1816 2657 clades,
1874 2600 1953 2645 ac
2002 2587 2339 2645 aerumna
2386 2576 2634 2665 ingens
2698 2578 2787 2647 ab

215 2666 512 2735 inimico
550 2665 827 2766 generis
858 2664 1176 2747 humani,
1230 2665 1574 2764 procellae
1612 2666 1687 2734 in
1723 2686 1985 2735 morem
2034 2663 2279 2734 fuisset
2322 2662 2565 2734 effusa.
2620 2666 2787 2746 Qui-

218 2755 381 2825 dam
454 2775 668 2835 emm,
720 2753 924 2840 quem
974 2753 1261 2824 honoris
1315 2757 1527 2824 causa
1577 2776 1713 2823 non
1774 2754 2095 2834 nomino,
2146 2776 2226 2823 ex
2268 2759 2790 2843 Trapezuntana

218 2857 415 2916 ortus
440 2843 639 2923 urbe,
664 2842 1265 2933 Peripateticorum
1296 2843 1775 2934 philosophiae
1805 2843 2169 2933 professor,
2199 2842 2340 2913 sive
2366 2865 2491 2912 sua
2515 2854 2784 2931 sponte,

216 2947 289 3003 ut
321 2932 539 3003 m‘ulti
568 2932 788 3021 ajunt,
830 2932 971 3002 sive
1003 2932 1378 3021 impulsuS,
1419 2932 1675 3012 nescio,
1724 2952 1848 3001 nec
1883 2932 1942 3002 si
1992 2932 2233 3013 sciam,
2269 2931 2497 3001 dicere
2528 2932 2781 3012 ausim,

218 3028 514 3092 Crucem
567 3020 839 3089 Domini
894 3021 1190 3111 negavit,
1247 3032 1314 3089 et
1361 3020 1756 3090 Mahumeto
1804 3019 2142 3090 adhaesit.

303 3118 345 3192 ἓ
400 3114 496 3181 2.
551 3114 775 3192 Quare
822 3113 1201 3179 Turcarum
1242 3130 1361 3179 rex
1406 3110 1651 3189 elatus,
1706 3109 1934 3180 virum
1983 3108 2383 3196 quemdam,
2423 3110 2628 3200 cujus
2662 3130 2788 3177 no-

220 3222 377 3268 men
435 3220 549 3268 me
593 3198 793 3288 fugit,
847 3199 1217 3287 ipsumque
1248 3198 1783 3289 Trapezuntium
1833 3197 2122 3267 militiae
2169 3197 2678 3288 peritissimum
2710 3198 2782 3265 in

219 3309 574 3358 carcerem
611 3287 926 3377 conjecit:
962 3286 1257 3378 dignum
1291 3300 1505 3369 ratus,
1538 3299 1614 3356 ut
1646 3285 2147 3377 Philosophum
2184 3287 2540 3355 concivem
2573 3307 2785 3356 suum

217 3377 465 3446 volens
513 3375 839 3445 nolensve
893 3376 1307 3445 imitaretur:
1358 3376 1683 3466 cupiebat
1729 3376 1913 3445 enim
1964 3376 2115 3466 ejus
2168 3379 2380 3465 opera
2429 3376 2531 3444 uti
2583 3376 2656 3443 in
2714 3396 2788 3442 re

222 3464 539 3535 militari.
592 3469 897 3551 Cumque
945 3464 1332 3535 Christiano
1371 3473 1511 3534 non
1560 3464 1961 3545 confideret,
2007 3464 2095 3533 ad
2154 3461 2626 3533 Mahumetum
2678 3463 2787 3531 in—

219 3554 506 3624 trudere
550 3553 895 3643 cupiebat.
934 3558 1012 3623 At
1043 3552 1161 3623 ille
1189 3552 1425 3622 animo
1460 3565 1746 3642 martyr:
1779 3576 1816 3620 «
1849 3552 2338 3644 PhilosophuS,
2378 3552 2676 3632 dicebat,
2711 3551 2786 3619 in

221 3641 502 3714 deliciis
548 3642 906 3724 educatus,
961 3643 1222 3732 majore
1270 3663 1393 3732 spe
1452 3642 1794 3733 ipsarum,
1834 3641 2084 3711 Christi
2136 3662 2413 3711 crucem
2465 3640 2782 3731 negavit:

220 3752 350 3821 ego
401 3743 672 3811 autem,
715 3731 839 3819 qui
887 3752 1010 3821 pro
1064 3736 1485 3821 Imperatore
1533 3752 1685 3801 meo
1736 3730 2012 3801 mortali
2060 3742 2154 3800 tot
2203 3742 2566 3816 tantosque
2601 3729 2789 3798 labo-

221 3841 354 3901 reS,
420 3842 585 3890 cum
645 3819 916 3909 Scythis
962 3819 1145 3890 bella
1192 3840 1439 3909 gerens
1489 3819 1643 3901 tuli,
1701 3820 2127 3906 vulneraque
2174 3820 2410 3909 excepi
2444 3818 2673 3907 (dixit,
2722 3829 2789 3887 et

221 3919 469 3999 aperto
498 3920 793 3999 pectore,
833 3908 1186 3979 cicatrices
1220 3907 1657 4009 ostendebat)
1685 3931 1810 4000 pro
1840 3908 2263 3999 Imperatore
2295 3907 2571 3978 coelesti
2604 3928 2789 3976 mor-

223 4009 364 4067 tem
404 3997 694 4068 timebo?
740 3997 922 4067 absit
959 4020 1009 4067 a
1040 4018 1153 4067 me
1192 4009 1381 4067 tanta
1419 3998 1719 4068 insania.
1765 4003 1953 4080 Quae
1993 4018 2191 4066 mens
2223 4009 2574 4087 praeterea
2613 4008 2791 4067 esset

219 4106 410 4167 mea,
450 4085 551 4155 vel
1145 4085 1457 4167 stultitia,
1511 4085 1868 4157 veritatem
1918 4085 2179 4155 doloris
2227 4085 2545 4177 fugiendi
2573 4087 2790 4155 causa

222 4175 546 4265 prodere,
1145 4174 1501 4263 elestiaque
1553 4196 1771 4266 regna
1811 4174 2220 4266 repudiare,
2262 4175 2790 4262 Mahumetoque

221 4264 551 4335 adhaere}
1145 4285 1196 4332 n
1258 4263 1530 4334 labores
1594 4263 1886 4334 subeam
1925 4317 1940 4344 ,
1993 4263 2303 4354 pericula
2361 4285 2616 4364 magna
2665 4284 2789 4351 pro

199 4355 654 4454 ,Jmpcratore
690 4369 968 4423 mortali
1006 4353 1415 4443 suscipiam,
1454 4352 1724 4442 gladios
1764 4353 1832 4422 in
1885 4353 2311 4424 Christianos
2359 4352 2790 4422 Christianus

197 4443 384 4560 {lpse
448 4455 652 4514 natus
711 4441 1178 4533 distringam?
1258 4452 1324 4511 et
1392 4440 1718 4530 denique
1767 4442 1838 4511 in
1924 4454 2213 4511 mortem
2275 4462 2520 4522 ruere,
2574 4460 2785 4528 quam

159 4689 261 4804 x
