3357 4995
243 345 463 412 JUNII
515 305 617 410 to*
932 364 1010 410 na
1060 363 1150 410 ss,
1205 365 1319 411 mu.
1373 363 1639 411 omnmo
1688 364 1762 410 Er
1809 362 2086 412 cani-:Aut
2577 346 2703 411 233

246 448 638 527 mundaret,
684 469 891 537 super
930 470 1116 518 mare
1204 448 1450 518 edibus
1493 448 1988 536 ingrederetur,
2045 449 2265 518 ventis
2312 461 2377 518 et
2424 462 2790 538 tempesta·

245 537 430 606 tibus
476 536 867 626 imperaret.
891 566 910 598 ν
958 542 1157 607 Cerea
1194 538 1249 606 is
1298 538 1606 607 Vicarius
1641 536 1857 606 dixit:
1906 562 1940 604 ι(
1976 542 2184 609 Nosse
2233 537 2461 619 velim,
2502 538 2787 625 quinam

248 626 478 696 isthuc
528 624 784 695 sactum
837 625 990 695 sit.»

333 717 374 802 ἓ
421 719 510 786 2.
564 719 732 783 Tum
787 718 852 783 S.
907 715 1218 785 Getulius
1270 715 1528 784 vocavit
1561 715 1642 784 ad
1700 737 1771 782 se
1819 715 2210 784 Amantium
2263 715 2620 785 tribunum
2655 715 2793 784 fra-

249 811 418 873 trem‘
476 825 709 879 suum,
779 805 899 891 qui
949 817 1136 873 metu
1183 803 1903 894 Hadrianiprincipis
1965 803 2295 875 latitabat.
2353 805 2793 890 narravitque

245 892 309 961 ei
356 892 592 961 omnia
630 891 714 961 de
755 891 1005 961 Cereali
1057 893 1351 961 Vicario:
1406 913 1610 982 porro
1660 892 1792 982 ipsi
1857 893 2108 961 Cereali
2166 893 2496 963 indicavit
2536 897 2787 961 Aman-

248 982 422 1050 tium
496 980 769 1049 fratrem
838 1003 1068 1050 suum.
1125 981 1215 1049 Ad
1267 981 1470 1070 cujus
1529 992 1973 1071 conspectum
2030 981 2319 1051 mirifice
2368 981 2789 1051 exhilaratus

246 1083 347 1139 est
375 1069 688 1139 Cerealis.
735 1069 907 1139 Dixit
940 1081 1167 1139 autem
1201 1071 1263 1138 ei
1296 1074 1358 1139 S.
1403 1070 1756 1140 Getulius:
1794 1070 2065 1159 «Abjice
2089 1071 2235 1170 jam
2262 1070 2554 1140 Cerealis
2588 1070 2794 1138 frater

250 1170 429 1228 artes
477 1158 878 1238 diabolicas.
933 1171 997 1227 et
1063 1158 1472 1249 amplectere
1534 1160 1783 1229 Christi
1836 1158 2260 1248 patientiam.
2316 1165 2454 1250 Ego
2525 1160 2593 1227 in
2661 1164 2789 1248 Ty-

249 1247 528 1316 burtina
576 1248 749 1317 urbe
785 1269 942 1317 cum
999 1246 1318 1316 haberem
1353 1269 1662 1328 uxorem,
1706 1247 1957 1317 liberos
1986 1260 2049 1317 et
2081 1269 2268 1338 opes,
2309 1248 2637 1317 omnibus
2673 1270 2789 1314 va-

249 1336 464 1414 lefeci,
494 1346 569 1404 ut
595 1357 864 1425 possem
898 1335 981 1404 ad
1018 1348 1364 1405 aeternam
1401 1337 1755 1425 pervenire
1789 1336 2153 1406 salutem.»
2187 1336 2478 1407 Cerealis
2508 1358 2790 1426 respon-

253 1425 380 1493 dit:
416 1448 452 1490 «
481 1424 812 1510 Equidem
863 1446 987 1493 nec
1030 1446 1312 1495 uxorem
1355 1447 1479 1495 nec
1520 1425 1747 1515 proles
1771 1424 2015 1505 habe0,
2049 1447 2223 1513 quas
2273 1425 2688 1511 relinquam.
2722 1424 2791 1494 Si

253 1535 408 1583 vero
453 1526 552 1581 est
600 1512 859 1600 aliquid
912 1525 1292 1593 aeternum,
1332 1536 1416 1583 ne
1455 1535 1711 1601 quaeso
1759 1513 1828 1582 id
1880 1535 1989 1583 me
2035 1514 2333 1584 celetisn
2372 1519 2436 1583 S.
2477 1513 2790 1584 Getulius

254 1603 462 1671 dixit:
528 1626 561 1667 «
599 1607 959 1671 Aeternum
999 1601 1128 1671 hoc
1162 1615 1284 1682 est,
1327 1615 1413 1698 ,ut
1461 1601 1877 1673 manufactis
1942 1602 2148 1672 idolis
2208 1601 2663 1693 propudiatiS,
2720 1603 2788 1671 in

252 1690 594 1761 Christum
625 1691 738 1760 Dei
771 1690 995 1760 filium
1044 1691 1350 1761 credas.»
1391 1691 1685 1761 Cerealis
1722 1692 1849 1760 ait:
1883 1713 1919 1757 «
1949 1695 2025 1761 At
2057 1714 2195 1779 quo
2238 1691 2512 1761 tandem
2549 1691 2791 1760 ordine

251 1779 419 1849 haec
452 1778 623 1849 fides
657 1779 1101 1869 suscipienda
1147 1791 1270 1860 est,
1308 1792 1383 1849 ut
1419 1801 1502 1849 ne
1534 1780 1703 1868 quid
1735 1780 2079 1850 fuscatum
2121 1781 2192 1849 in
2231 1802 2339 1849 me
2391 1780 2725 1851 resideat?
2754 1803 2789 1845 »

251 1869 429 1937 Dixit
456 1869 514 1937 ei
561 1869 918 1938 Amantius
965 1868 1312 1948 tribunus,
1353 1869 1621 1939 amicus
1667 1869 1854 1958 ejus:
1910 1870 2393 1959 «Baptismum
2448 1870 2789 1959 percipies

250 1957 318 2025 in
370 1957 617 2028 Christi
667 1956 1116 2036 confessione,
1156 1971 1221 2026 et
1268 1958 1369 2027 sic
1427 1959 1636 2026 vitam
1684 1957 1973 2027 habebis
2022 1957 2540 2048 sempiternam.
2594 1956 2790 2040 Quod

250 2046 303 2114 si
343 2067 502 2115 vero
542 2045 901 2134 reliqueris
948 2045 1181 2116 omnia
1230 2063 1406 2133 quae
1443 2047 1510 2113 in
1561 2047 1690 2115 hoc
1723 2046 1993 2116 mundo
2037 2047 2328 2148 appeti5‚
2383 2048 2789 2136 centuplum

252 2135 572 2225 accipies,
615 2148 683 2204 et
718 2135 927 2204 vitam
977 2146 1322 2204 aeternam
1358 2134 1817 2225 possidebis.»
1854 2135 2146 2206 Cerealis
2170 2137 2306 2209 ait:
2339 2135 2643 2222 «Ecquid
2671 2135 2793 2205 ob-

171 2295 179 2302 ,
250 2236 404 2303 stat,
450 2245 587 2310 quo
637 2223 870 2293 minus
904 2245 1026 2313 pro
1074 2223 1340 2294 Christo
1374 2223 1517 2293 filio
1571 2224 1685 2293 Dei
1720 2224 2131 2314 sanguinem
2173 2246 2401 2294 meum
2453 2223 2793 2294 fundam?

251 2312 379 2381 Sed
419 2312 565 2401 jam
614 2334 871 2399 quaeso
904 2334 1130 2382 moras
1153 2334 1269 2381 vos
1305 2326 1571 2382 nectere
1625 2334 1706 2381 ne
1740 2312 2028 2383 velitis.»
2064 2311 2235 2382 Tum
2268 2324 2549 2383 sanctus
2584 2318 2785 2382 Getu-

251 2400 390 2471 lius
437 2400 519 2470 ad
575 2401 1060 2491 poenitentiam
1095 2422 1252 2469 eum
1305 2401 1821 2480 adhortabatur,
1876 2400 2226 2488 simulque
2275 2402 2337 2471 ei
2385 2401 2788 2470 triduanum

185 2574 192 2579 ,
249 2489 555 2561 indixere
584 2490 958 2580 jejunium,
1012 2489 1229 2559 donec
1268 2490 1601 2560 divinitus
1646 2489 2120 2570 edocerentur,
2174 2489 2342 2578 quid
2394 2489 2787 2560 faciendum

247 2592 456 2649 esset..
488 2583 796 2667 Cumque
846 2592 980 2649 tota
1020 2592 1217 2648 nocte
1265 2578 1335 2647 in
1388 2578 1642 2667 vigiliis
1670 2593 1737 2649 et
1770 2580 2094 2670 precibus
2141 2581 2496 2660 durarent,
2552 2578 2791 2648 audie·
2837 2578 2842 2585 ‘

249 2679 411 2737 runt
458 2689 694 2738 vocem
728 2668 1112 2758 angelicam
1162 2669 1350 2757 ipsos
1398 2668 1910 2748 admonentem,
1965 2679 2042 2737 ut
2092 2668 2354 2737 Sixtum
2405 2668 2602 2737 urhis
2664 2672 2789 2737 Ro·

247 2777 402 2825 mae
456 2757 872 2846 Episcopum
912 2756 998 2826 ad
1032 2778 1105 2825 se
1153 2769 1489 2839 vocarent,
1543 2769 1608 2825 et
1641 2756 1728 2826 ab
1777 2754 1897 2824 illo
1946 2757 2292 2845 baptisma
2331 2757 2784 2846 perciperent.

332 2848 370 2932 ξ
417 2849 510 2918 8.
565 2850 908 2916 Venerunt
955 2845 1167 2935 igitur
1225 2851 1557 2924 Romam,
1616 2858 1682 2914 et
1738 2845 2069 2919 accersito
2129 2847 2326 2915 beat‘o
2378 2845 2561 2914 Sixto
2636 2845 2791 2944 Epi·

247 2955 455 3023 scopo
488 2935 543 3016 *‚
577 2935 646 3002 in
696 2947 1010 3024 cryptam
1042 2933 1419 3020 quamdam
1476 2934 1650 3022 ejuS,
1703 2955 1911 3020 quam
1949 2933 2278 3013 diximus,
2333 2934 2636 3023 regionis
2688 2956 2792 3002 in-

295 3024 462 3094 ressi
514 3036 715 3094 sunt:
756 3022 876 3092 ubi
923 3027 992 3091 Β.
1049 3022 1275 3092 Sixtus
1310 3044 1497 3091 more
1546 3021 1930 3091 Christiano
1977 3044 2135 3091 eum
2194 3023 2613 3093 catechismo
2663 3023 2790 3091 im-

298 3113 420 3193 uit,
474 3135 553 3181 ac
601 3112 851 3181 deinde
888 3111 1275 3201 baptizavit.
1331 3110 1580 3181 Eadem
1631 3125 1860 3180 autem
1914 3111 2081 3181 hora
2122 3111 2292 3183 vidit
2331 3111 2624 3182 Cerealis
2672 3112 2792 3180 de-

247 3200 685 3270 scendentem
740 3221 948 3289 super
1016 3221 1086 3271 se
1136 3200 1465 3289 Spiritum
1531 3204 1903 3278 Sanctum,
1958 3215 2023 3269 et
2083 3222 2236 3270 mox
2302 3201 2567 3291 ingenti
2632 3222 2792 3270 voce

246 3289 602 3359 clamavit:
659 3294 827 3359 Ecce
877 3287 1066 3357 video
1117 3287 1352 3357 lumen
1387 3288 1738 3375 quoddam
1791 3288 1966 3359 Solis
2016 3312 2047 3359 s
2103 3288 2384 3359 lendore
2446 3289 2790 3359 illustrius

247 3379 318 3446 in
352 3400 459 3447 me
488 3378 738 3448 delabi.
780 3383 984 3447 Porro
1019 3382 1088 3445 B.
1131 3377 1357 3447 Sixtus
1393 3399 1515 3466 pro
1549 3377 1847 3467 singulis
1878 3379 2046 3447 obtu
2078 3377 2129 3447 it
2155 3392 2389 3447 sancta
2424 3378 2782 3455 libamina,

246 3480 311 3536 et
359 3468 727 3557 participes
773 3488 887 3535 eos
933 3465 1089 3535 fecit
1151 3467 1569 3537 sacrosancti
1620 3466 1934 3555 Corporis
1962 3479 2028 3535 et
2068 3466 2442 3567 Sanguinis
2491 3467 2781 3536 Christi:

245 3567 311 3624 et
347 3578 509 3625 cum
557 3579 672 3626 eos
722 3555 790 3624 in
839 3555 976 3626 fide
1007 3554 1506 3635 confirmasset,
1562 3555 1820 3645 gratias
1867 3576 2104 3645 agens,
2159 3556 2476 3625 discessit
2522 3555 2609 3624 ab
2657 3556 2779 3625 eis,

247 3644 496 3714 Eodem
552 3658 852 3733 tempore
890 3642 1217 3714 officiales
1253 3643 1589 3713 Cerealem
1625 3643 2096 3731 quaesierunt.
2138 3645 2333 3713 Venit
2361 3657 2591 3713 autem
2628 3645 2790 3713 Vin-

245 3733 514 3803 centius
560 3733 845 3822 quidam
908 3755 1010 3812 eo,
1067 3733 1187 3801 ubi
1233 3745 1430 3801 erant
1477 3733 1746 3811 Sancti,
1799 3753 2051 3802 aurum
2100 3733 2381 3822 publica
2437 3733 2790 3803 exactione

244 3820 607 3892 collectum
657 3823 1206 3912 absportaturus.
1255 3826 1337 3890 Ut
1382 3834 1611 3890 autem
1665 3821 1834 3891 vidit
1879 3842 2039 3891 eum
2088 3822 2407 3903 CerealiS,
2462 3821 2634 3891 dixit
2680 3821 2785 3891 ei:

248 3933 282 3975 «
334 3915 465 3980 Nos
500 3910 950 4011 temporarias
1000 3932 1107 3982 res
1144 3910 1292 4010 jam
1326 3909 1734 3999 abJecimuS,
1776 3921 1849 3979 ut
1890 3909 2209 3980 fruamur
2238 3910 2561 3982 aeternis.
2599 3915 2789 3980 Tem·
2821 3974 2839 3988 ‚

293 3998 511 4069 oralia
554 4021 740 4069 enim
773 4020 911 4069 una
943 4008 1104 4069 cum
1154 3997 1317 4070 illis.
1356 3998 1476 4085 qui
1525 4019 1758 4067 amore
1789 4020 1870 4068 ea
1900 4013 2437 4088 prosequuntur,
2480 4000 2549 4068 in
2603 4000 2787 4068 nihi-

272 4110 393 4157 um
424 4087 889 4178 redigentur.»
924 4092 1093 4156 Tum
1115 4087 1516 4157 Vincentius
1541 4107 1796 4177 magna
1836 4109 1998 4157 voce
2022 4087 2429 4159 exclamavit
2460 4111 2473 4157 :
2521 4092 2572 4158 Ο
2596 4088 2790 4178 prin-

242 4175 433 4266 cipes
463 4177 667 4248 ·orbis
698 4189 763 4246 et
800 4176 1224 4267 reipublicae
1275 4175 1778 4245 moderatores:
1819 4175 2147 4247 seductus
2193 4190 2295 4247 est
2342 4177 2635 4248 Cerealis
2683 4176 2791 4245 di·-

242 4265 503 4364 gnitate
530 4266 878 4337 Vicarius:
917 4264 1311 4352 relictisque
1335 4264 1494 4345 diis,
1534 4263 2021 4354 phantasmata
2051 4278 2391 4336 sectatur:
2433 4265 2795 4352 multaque

243 4357 346 4424 ira
387 4354 735 4434 incensus,
789 4354 1098 4425 celeriter
1144 4352 1453 4423 cucurrit
1504 4352 1590 4422 ad
1654 4353 2081 4425 Hadrianum
2124 4354 2537 4444 principem,
2594 4353 2792 4440 eique

305 4472 331 4499 *
359 4472 457 4514 col.
479 4473 525 4515 8.
547 4472 703 4515 sixtus
720 4473 800 4515 vel
820 4471 997 4522 xystus
1014 4468 1230 4521 Palaia
1250 4480 1417 4521 παρτ.
