3357 4995
218 289 541 404 JUNli‘o
1054 354 1131 401 DE
1180 353 1235 401 s.
1291 298 1605 401 sunwALo
1653 352 1953 401 Emscoro
2291 331 2294 332 ⁷
2573 339 2697 403 ⁴53

231 440 597 528 contrituS,
637 438 946 508 animam
982 437 1347 507 exhalavit.
1387 442 1463 506 At
1497 437 1664 506 socii
1702 450 1889 507 tanto
1919 438 2071 528 ejus
2121 438 2560 510 incommodo
2609 441 2782 510 affli-

236 529 359 608 cti,
408 528 491 598 ad
532 540 854 598 sanctum
904 526 1125 596 virum
1163 538 1560 596 accurrunt.
1614 531 1941 617 Properat
1977 527 2077 594 vir
2112 527 2250 607 Dei,
2292 527 2407 596 sed
2443 529 2558 598 ille
2590 533 2786 621 prius

241 617 410 687 abiit
442 639 480 686 e
529 616 687 697 vita,
722 637 933 702 quam
985 628 1212 706 posset
1240 613 1324 684 ad
1366 636 1523 684 eum
1580 616 1956 705 pervenire.
1996 621 2167 685 Tum
2203 638 2359 686 vero
2407 619 2785 689 oratorium

241 707 619 806 ingressu5‚
680 704 966 775 Domino
1017 697 1254 794 prece's
1299 725 1528 773 coram
1581 703 1783 774 altari
1814 703 2065 773 fundit.
2112 704 2279 773 Inde
2329 705 2503 775 redit
2550 708 2636 776 ad
2666 708 2786 777 ho-

244 816 502 864 minem
541 793 944 872 extinctum,
972 793 1172 883 jubet
1195 793 1723 879 circumstantes
1754 813 1993 864 omnes
2020 793 2409 875 abscedere,
2443 795 2784 865 incumbit

239 903 504 984 pronus
550 903 762 973 super
809 882 1122 963 cadaver,
1177 880 1470 950 alterum
1524 881 1824 952 Eliseum
1882 881 2235 951 exhibens,
2292 883 2491 952 Redit
2549 885 2787 955 anima

238 995 305 1042 111
357 994 639 1062 corpus,
703 983 770 1041 et
817 970 1022 1040 homo
1071 971 1142 1039 in
1193 970 1571 1060 pristinum
1636 983 1888 1042 statum
1941 971 2349 1041 restituitur.
2406 973 2647 1043 Vivum
2697 973 2786 1042 il-.

234 1061 383 1132 lum
437 1072 719 1132 sanctus
762 1072 952 1151 pater
1000 1081 1124 1128 nec
1156 1059 1302 1128 ulla
1352 1059 1720 1128 vulnerum
1773 1059 2056 1150 vestigia
2103 1060 2534 1143 retinentem,
2576 1063 2786 1132 sociis

233 1149 488 1219 reddit.
526 1149 901 1219 Solvuntur
951 1170 1111 1239 prae
1168 1147 1422 1237 gaudio
1461 1161 1526 1218 et
1572 1147 2029 1219 admiratione
2081 1149 2150 1218 in
2203 1149 2549 1239 lacrymas
2596 1150 2786 1222 o‘culi

225 1239 551 1309 omnium
602 1238 720 1324 qui
773 1237 933 1305 huic
982 1235 1375 1326 spectaculo
1414 1237 1811 1317 intererant,
1852 1250 1916 1306 et
1962 1237 2045 1307 ad
2088 1237 2293 1328 pedes
2334 1238 2459 1307 viri
2483 1240 2611 1314 Dei
2660 1240 2783 1310 ad-

226 1328 475 1406 voluti,
534 1348 822 1416 magnas
869 1325 1084 1394 edunt
1134 1346 1329 1394 voces
1379 1326 1447 1394 in
1497 1325 1793 1405 coelum,
1849 1326 1942 1396 ita
2000 1326 2346 1397 dicentes:
2401 1333 2565 1397 Vere
2622 1351 2782 1398 san-

226 1431 384 1486 ctus
436 1415 550 1485 Dei
597 1436 695 1496 eS,
756 1435 905 1506 vere
943 1413 1212 1483 amicus
1264 1413 1379 1483 Dei
1424 1437 1519 1484 es.
1568 1419 1706 1484 Hoc
1734 1414 1882 1485 loco
1911 1429 2152 1485 auctor
2175 1415 2354 1486 hanc
2381 1415 2462 1485 ad
2497 1421 2562 1486 S.
2600 1417 2782 1487 Gud-

228 1504 489 1573 walum
527 1503 1118 1595 precatiunculam
1163 1502 1568 1594 subjungit:
1620 1509 1745 1573 Per
1778 1505 1954 1573 hanc
1988 1515 2243 1574 tantam
2288 1505 2609 1663 gratiam,
2644 1529 2785 1593 qua

228 1593 632 1664 beatissime
682 1605 872 1681 pater
902 1591 1227 1662 Gudwale
1273 1592 1579 1662 animam
1630 1593 1962 1662 revocasti
1997 1592 2064 1661 in
2103 1614 2281 1663 mem
2340 1615 2415 1663 ra
2444 1593 2777 1676 defuncti,

228 1705 344 1752 am
404 1681 559 1752 liori
607 1681 831 1771 gratia
879 1703 1141 1762 revoca,
1177 1701 1626 1767 quaesumus,
1684 1680 1955 1750 animas
2004 1680 2346 1751 diabolica
2393 1684 2786 1773 captivitate

228 1772 319 1841 ab
376 1784 596 1841 uctas.
630 1770 813 1839 Vitae
842 1769 1209 1841 morientes
1236 1770 1497 1840 Christo
1528 1769 1801 1840 vivifica
1828 1783 1894 1840 et
1922 1769 2119 1840 morti
2158 1771 2480 1853 viventeS‚
2517 1772 2782 1843 mundo

235 1859 605 1940 mortifica,
646 1880 766 1949 per
812 1881 969 1929 eum
1006 1859 1126 1946 qui
1175 1879 1332 1927 vera
1379 1873 1481 1929 est
1528 1859 1921 1950 animarum
1959 1859 2118 1941 vita,
2156 1872 2220 1929 et
2251 1859 2486 1930 vivens
2514 1883 2787 1951 perma-

232 1961 369 2038 net,
402 1949 472 2016 in
526 1947 784 2017 secula.

318 2038 358 2124 ἓ
403 2041 548 2110 16.
604 2035 1006 2106 Proficiente
1046 2035 1295 2105 deinde
1331 2036 1749 2106 monasticae
1783 2036 2176 2106 ‘sanctionis
2209 2036 2473 2118 ordine,
2506 2050 2783 2128 patrum

226 2126 641 2195 auctoritate
694 2138 759 2195 ct
807 2125 987 2195 beati
1049 2124 1360 2194 Gudwali
1409 2124 1861 2215 dispositione
1917 2125 2332 2207 constituto,
2411 2127 2785 2196 necessarii

223 2213 510 2302 quidem
564 2236 737 2285 usus
786 2212 955 2288 tutio
1006 2213 1351 2303 postulare
1398 2213 1784 2308 videbatur,
1819 2223 1899 2283 'ut
1933 2213 2103 2283 hora
2136 2236 2316 2283 nona
2351 2215 2642 2304 peractis
2671 2238 2782 2308 sa·-

224 2315 743 2373 cramentorum
796 2301 1044 2372 Christi
1094 2301 1470 2383 solemniiS‚
1539 2301 1782 2372 fratres
1828 2303 2010 2372 cibo.
2042 2325 2331 2392 corpora
2388 2304 2771 2374 reficerent.

223 2395 308 2461 At
357 2404 639 2460 sanctus
690 2403 879 2482 pater
921 2390 1342 2481 productiori
1392 2391 1621 2461 inedia
1649 2390 1912 2461 Christo
1941 2413 2010 2462 se
2042 2391 2389 2461 victimam
2415 2393 2771 2474 exhiben5‚

226 2480 373 2552 illis
428 2479 816 2557 edentibus,
855 2480 923 2549 in
975 2479 1269 2550 oratorio
1304 2480 1623 2571 precibus
1674 2480 1978 2551 vacabat.
2027 2479 2279 2550 Eadem
2329 2495 2555 2552 autem
2610 2483 2782 2553 hora

224 2570 347 2640 sur
382 2569 669 2656 quidam
724 2569 997 2641 hortum
1034 2570 1432 2640 monasterii
1464 2569 1758 2661 ingredi,
1798 2570 2187 2657 herbasque
2228 2570 2388 2640 inde
2424 2585 2780 2661 asportare

226 2658 516 2730 solebat.
574 2663 822 2741 Frater,
875 2657 1080 2729 cu'us
1127 2680 1333 2729 curae
1374 2658 1432 2727 is
1482 2659 1721 2728 hortus
1751 2658 2279 2729 commendatus
2326 2673 2496 2740 erat,
2554 2660 2781 2747 quoti-

225 2748 441 2816 diana
483 2746 738 2817 laboris
788 2747 927 2825 suL
997 2745 1307 2836 ispendia
1357 2746 1614 2817 serebat
1661 2769 1882 2834 aequo
1930 2747 2187 2829 anim0‚
2234 2770 2525 2838 sperans
2559 2770 2630 2817 se
2661 2749 2781 2819 lio-

228 2836 490 2906 minem
542 2857 838 2923 nequam
889 2858 1016 2905 sua
1067 2835 1393 2926 patientia
1440 2837 1507 2905 in
1569 2837 1748 2906 viam
1801 2851 2305 2907 revocaturum.
2353 2837 2478 2906 Sed
2544 2837 2665 2907 illo
2707 2838 2778 2907 in

228 2924 378 2993 dies
423 2924 661 3025 pejora
710 2924 1053 3004 moliente,
1106 2924 1189 2993 ad
1247 2938 1503 3014 patrem
1542 2918 1947 2996 Gudwalum
1998 2924 2104 2994 res
2140 2938 2221 2994 rt.
2279 2925 2402 2996 Ille
2463 2948 2644 3010 ver0,
2700 2939 2777 2997 ut

227 3026 372 3082 erat
440 3013 899 3093 mitissimus,
965 3012 1115 3083 Nisi·
1178 3013 1402 3092 hunc,
1465 3014 1743 3101 inquit,
1820 3036 1905 3083 su
2157 3015 2599 3105 compelleret
2661 3037 2777 3084 ne-

226 3102 562 3183 cessitaS,
620 3123 1056 3189 nequaquam
1119 3100 1247 3172 hoc
1310 3124 1381 3173 se
1429 3103 1685 3172 scelere
1752 3103 1941 3172 obstr
2068 3115 2232 3173 eret.
2312 3103 2438 3173 Sed
2511 3104 2778 3175 sustine

224 3213 449 3278 usque
512 3191 583 3259 in
641 3190 1024 3261 crastinum
1058 3245 1073 3271 ‚
1143 3204 1207 3260 et
1255 3189 1547 3281 gloriam
1615 3192 1729 3261 Dei
1782 3192 2168 3261 miraberis.
2222 3192 2445 3261 Altera
2504 3192 2618 3262 die
2669 3215 2777 3262 re-

224 3279 328 3349 dit
374 3279 489 3348 fur
549 3278 633 3348 ad
693 3302 819 3351 sua
884 3277 1158 3359 studia,
1238 3279 1352 3350 sed
1424 3280 1759 3352 divinitus
1832 3280 2105 3351 tandem
2182 3281 2510 3371 proditur,
2554 3281 2777 3351 omni-

225 3368 382 3438 bus.
449 3373 546 3457 Ap
598 3367 781 3437 aruit
826 3367 1012 3437 enim
1078 3367 1180 3435 illi
1233 3389 1522 3457 persona
1571 3369 1949 3449 terribilis,
2028 3369 2391 3440 sacerdotii
2439 3369 2775 3460 dignitate

226 3456 551 3526 venerabi
586 3456 642 3525 is
677 3510 693 3537 ,
770 3470 975 3544 atque
1036 3455 1220 3525 inter
1280 3479 1525 3547 aspera
1587 3457 2093 3548 objurgationis
2167 3459 2369 3528 verba
2446 3458 2775 3548 pastorali

224 3545 422 3634 virga
482 3545 627 3614 sive
689 3543 862 3634 pedo
931 3544 1156 3616 caedit
1226 3544 1648 3635 improbum.
1709 3552 1785 3616 At
1857 3546 1971 3616 ille
2035 3568 2245 3637 prope
2314 3568 2556 3616 amens
2614 3547 2773 3617 effe-

226 3647 403 3715 ctus,
462 3633 641 3703 'dum
691 3631 765 3703 fu
814 3656 893 3703 ae
942 3633 1366 3724 praesidium
1414 3647 1691 3725 captare
1739 3635 1904 3709 vult,
1941 3635 2232 3704 immani
2289 3634 2773 3706 vociferatione

227 3746 299 3794 se
348 3723 582 3881 potius
624 3743 745 3812 pro
801 3723 889 3792 it:
942 3723 1250 3810 dumque
1299 3745 1531 3813 sepem
1585 3723 1929 3796 transilire
1957 3736 2267 3805 conatur,
2306 3737 2636 3811 tanquam
2666 3725 2776 3793 in-

226 3813 352 3882 visi
409 3811 484 3881 ili
537 3823 839 3883 retentus
886 3813 1125 3881 catena
1162 3866 1178 3892 ‚
1231 3833 1378 3883 sese
1417 3812 1565 3881 loco
1629 3833 1900 3883 movere
1962 3834 2100 3883 non
2167 3825 2451 3903 poterat.
2509 3817 2774 3883 Fratres

226 3913 412 3971 tanto
474 3900 787 3971 clamore.
835 3900 1148 3991 permoti,
1214 3911 1589 3970 accurrunt
1636 3900 1723 3970 ad
1774 3900 2087 3981 hortum,
2140 3914 2205 3970 et
2254 3923 2325 3970 re
2386 3903 2766 3991 perspecta,

222 3994 438 4061 Deum
478 3987 865 4060 mirabilem
900 3988 1322 4079 praedicant.
1376 3989 1678 4059 Tandem
1732 3989 2139 4060 venerabilis
2172 3995 2367 4060 Pater
2393 3990 2770 4061 Gudwalus

220 4101 380 4149 cum
434 4077 765 4168 gravitate
811 4077 1113 4165 quadam
1163 4098 1241 4146 co
1289 4076 1648 4158 accedens,
1710 4092 1775 4148 et
1836 4078 2188 4149 hominem
2229 4079 2563 4149 miserum
2605 4102 2771 4149 con-

220 4168 594 4258 templans,
649 4170 925 4256 Oportet
969 4164 1141 4247 110ss
1172 4166 1419 4253 inquit,
1474 4166 1895 4248 charissimi,
1941 4166 2159 4256 hujus
2206 4167 2561 4237 erroribus
2585 4189 2775 4237 com·

220 4257 387 4348 pati.
454 4260 687 4325 Frater
745 4254 929 4324 enim
981 4267 1211 4325 noster
1257 4250 1476 4325 estin
1528 4255 1817 4325 Christo.
1872 4260 2149 4347 Oportet
2200 4277 2320 4347 pro
2373 4256 2490 4327 illo
2537 4256 2778 4347 depre-
2811 4332 2844 4364 ,

218 4345 361 4415 cari
425 4343 822 4423 Dominum,
888 4355 983 4425 ut,
1019 4344 1384 4431 utriusque
1446 4343 1754 4425 hominis
1813 4345 1876 4414 ei
1932 4346 2227 4415 salutem
2292 4346 2628 4422 restituat,
2694 4350 2774 4415 Ut

222 4447 452 4504 autem
507 4432 719 4503 miser
751 4432 867 4501 ille
915 4445 1232 4502 sanctum
1286 4433 1509 4503 virum
1562 4432 1828 4503 audivit
1876 4434 2294 4521 loquentem,
2351 4433 2584 4523 vultus
2622 4434 2773 4523 eJus
