<?xml version="1.0" encoding="UTF-8"?>
<!DOCTYPE html PUBLIC "-//W3C//DTD XHTML 1.0 Transitional//EN"
    "http://www.w3.org/TR/xhtml1/DTD/xhtml1-transitional.dtd">
<html xmlns="http://www.w3.org/1999/xhtml" xml:lang="en" lang="en">
 <head>
  <title>
</title>
<meta http-equiv="Content-Type" content="text/html;charset=utf-8" />
  <meta name='ocr-system' content='tesseract 3.04.00' />
  <meta name='ocr-capabilities' content='ocr_page ocr_carea ocr_par ocr_line ocrx_word'/>
</head>
<body>
  <div class='ocr_page' id='page_1' title='image "./historiaeseuvit02lippgoog_0329.png"; bbox 0 0 3357 4995; ppageno 0'>
   <div class='ocr_carea' id='block_1_1' title="bbox 227 321 2809 388">
    <p class='ocr_par' dir='ltr' id='par_1_1' title="bbox 227 321 2809 388">
     <span class='ocr_line' id='line_1_1' title="bbox 227 321 2809 388; baseline -0.001 -1"><span class='ocrx_word' id='word_1_1' title='bbox 227 321 454 388; x_wconf 81' lang='lat' dir='ltr'>JUNII</span> <span class='ocrx_word' id='word_1_2' title='bbox 507 322 588 385; x_wconf 68' lang='lat'>⁴3</span> <span class='ocrx_word' id='word_1_3' title='bbox 969 338 1048 384; x_wconf 70' lang='lat' dir='ltr'>nit</span> <span class='ocrx_word' id='word_1_4' title='bbox 1099 339 1154 384; x_wconf 89' lang='lat' dir='ltr'>s.</span> <span class='ocrx_word' id='word_1_5' title='bbox 1212 335 1490 385; x_wconf 52' lang='lat' dir='ltr'>amomo</span> <span class='ocrx_word' id='word_1_6' title='bbox 1540 339 1580 383; x_wconf 75' lang='lat' dir='ltr'><strong>A</strong></span> <span class='ocrx_word' id='word_1_7' title='bbox 1630 337 1840 384; x_wconf 73' lang='lat' dir='ltr'>rAnuA</span> <span class='ocrx_word' id='word_1_8' title='bbox 1889 337 2068 384; x_wconf 75' lang='lat' dir='ltr'>mero</span> <span class='ocrx_word' id='word_1_9' title='bbox 2581 322 2708 384; x_wconf 74' lang='grc'>313</span> <span class='ocrx_word' id='word_1_10' title='bbox 2792 338 2809 352; x_wconf 61' lang='grc'><strong>“</strong></span> 
     </span>
    </p>
   </div>
   <div class='ocr_carea' id='block_1_2' title="bbox 229 418 2805 4417">
    <p class='ocr_par' dir='ltr' id='par_1_2' title="bbox 231 418 2794 688">
     <span class='ocr_line' id='line_1_2' title="bbox 231 418 2791 515; baseline -0.001 -21"><span class='ocrx_word' id='word_1_11' title='bbox 231 418 610 515; x_wconf 81' lang='lat' dir='ltr'>perpetuae</span> <span class='ocrx_word' id='word_1_12' title='bbox 629 423 928 514; x_wconf 87' lang='lat' dir='ltr'>Virginis</span> <span class='ocrx_word' id='word_1_13' title='bbox 947 434 1078 492; x_wconf 86' lang='lat' dir='ltr'>tem</span> <span class='ocrx_word' id='word_1_14' title='bbox 1090 423 1283 512; x_wconf 90' lang='lat' dir='ltr'>plum</span> <span class='ocrx_word' id='word_1_15' title='bbox 1301 433 1577 491; x_wconf 86' lang='lat' dir='ltr'>ventum</span> <span class='ocrx_word' id='word_1_16' title='bbox 1606 434 1731 501; x_wconf 90' lang='lat' dir='ltr'>est,</span> <span class='ocrx_word' id='word_1_17' title='bbox 1755 422 2133 512; x_wconf 85' lang='lat' dir='ltr'>Episcopus</span> <span class='ocrx_word' id='word_1_18' title='bbox 2156 423 2576 493; x_wconf 82' lang='lat' dir='ltr'>sacrificium</span> <span class='ocrx_word' id='word_1_19' title='bbox 2607 423 2791 492; x_wconf 92' lang='lat' dir='ltr'>fecit:</span> 
     </span>
     <span class='ocr_line' id='line_1_3' title="bbox 231 510 2794 603; baseline 0 -21"><span class='ocrx_word' id='word_1_20' title='bbox 231 534 317 582; x_wconf 92' lang='lat' dir='ltr'>eo</span> <span class='ocrx_word' id='word_1_21' title='bbox 365 526 657 603; x_wconf 89' lang='lat' dir='ltr'>peracto,</span> <span class='ocrx_word' id='word_1_22' title='bbox 697 526 775 581; x_wconf 87' lang='lat' dir='ltr'>et</span> <span class='ocrx_word' id='word_1_23' title='bbox 820 512 1126 598; x_wconf 80' lang='lat' dir='ltr'>exequiis</span> <span class='ocrx_word' id='word_1_24' title='bbox 1157 510 1540 587; x_wconf 87' lang='lat' dir='ltr'>celebratis,</span> <span class='ocrx_word' id='word_1_25' title='bbox 1594 512 1835 596; x_wconf 89' lang='lat' dir='ltr'>quinto</span> <span class='ocrx_word' id='word_1_26' title='bbox 1866 511 1952 580; x_wconf 91' lang='lat' dir='ltr'>ab</span> <span class='ocrx_word' id='word_1_27' title='bbox 1985 512 2179 582; x_wconf 92' lang='lat' dir='ltr'>obitu</span> <span class='ocrx_word' id='word_1_28' title='bbox 2226 512 2377 602; x_wconf 88' lang='lat' dir='ltr'>ejus</span> <span class='ocrx_word' id='word_1_29' title='bbox 2418 512 2533 580; x_wconf 81' lang='lat' dir='ltr'>die</span> <span class='ocrx_word' id='word_1_30' title='bbox 2571 524 2794 582; x_wconf 89' lang='lat' dir='ltr'>terrae</span> 
     </span>
     <span class='ocr_line' id='line_1_4' title="bbox 233 600 1683 688; baseline -0.003 -17"><span class='ocrx_word' id='word_1_31' title='bbox 233 602 640 671; x_wconf 88' lang='lat' dir='ltr'>mandatum</span> <span class='ocrx_word' id='word_1_32' title='bbox 691 614 792 671; x_wconf 85' lang='lat' dir='ltr'>est</span> <span class='ocrx_word' id='word_1_33' title='bbox 834 600 1354 672; x_wconf 87' lang='lat' dir='ltr'>sanctissimum</span> <span class='ocrx_word' id='word_1_34' title='bbox 1406 621 1683 688; x_wconf 79' lang='lat' dir='ltr'>corpus,</span> 
     </span>
    </p>

    <p class='ocr_par' dir='ltr' id='par_1_3' title="bbox 229 687 2801 2200">
     <span class='ocr_line' id='line_1_5' title="bbox 328 687 2799 784; baseline -0.002 -21"><span class='ocrx_word' id='word_1_35' title='bbox 328 693 365 776; x_wconf 65' lang='grc' dir='ltr'>ἓ</span> <span class='ocrx_word' id='word_1_36' title='bbox 412 695 571 763; x_wconf 71' lang='grc'>46.</span> <span class='ocrx_word' id='word_1_37' title='bbox 628 690 876 759; x_wconf 88' lang='lat' dir='ltr'>Eodem</span> <span class='ocrx_word' id='word_1_38' title='bbox 923 690 1070 778; x_wconf 91' lang='lat' dir='ltr'>ipso</span> <span class='ocrx_word' id='word_1_39' title='bbox 1119 689 1277 764; x_wconf 91' lang='lat' dir='ltr'>die,</span> <span class='ocrx_word' id='word_1_40' title='bbox 1332 700 1728 777; x_wconf 80' lang='lat' dir='ltr'>tempestate</span> <span class='ocrx_word' id='word_1_41' title='bbox 1778 687 1896 756; x_wconf 91' lang='lat' dir='ltr'>illa</span> <span class='ocrx_word' id='word_1_42' title='bbox 1926 689 2016 784; x_wconf 48' lang='lat' dir='ltr'>‚in</span> <span class='ocrx_word' id='word_1_43' title='bbox 2070 690 2632 776; x_wconf 78' lang='lat' dir='ltr'>tranquillitatem</span> <span class='ocrx_word' id='word_1_44' title='bbox 2690 713 2799 758; x_wconf 87' lang='lat' dir='ltr'>re-</span> 
     </span>
     <span class='ocr_line' id='line_1_6' title="bbox 231 776 2796 868; baseline 0.001 -21"><span class='ocrx_word' id='word_1_45' title='bbox 231 778 486 859; x_wconf 88' lang='lat' dir='ltr'>dacta,</span> <span class='ocrx_word' id='word_1_46' title='bbox 540 791 915 868; x_wconf 91' lang='lat' dir='ltr'>coeperunt</span> <span class='ocrx_word' id='word_1_47' title='bbox 993 776 1482 846; x_wconf 74' lang='lat' dir='ltr'>miraculorum</span> <span class='ocrx_word' id='word_1_48' title='bbox 1535 797 1900 847; x_wconf 88' lang='lat' dir='ltr'>coruscare</span> <span class='ocrx_word' id='word_1_49' title='bbox 1967 778 2206 866; x_wconf 82' lang='lat' dir='ltr'>signa,</span> <span class='ocrx_word' id='word_1_50' title='bbox 2268 779 2356 847; x_wconf 91' lang='lat' dir='ltr'>ita</span> <span class='ocrx_word' id='word_1_51' title='bbox 2421 793 2495 848; x_wconf 86' lang='lat' dir='ltr'>ut</span> <span class='ocrx_word' id='word_1_52' title='bbox 2552 780 2796 865; x_wconf 90' lang='lat' dir='ltr'>quovis</span> 
     </span>
     <span class='ocr_line' id='line_1_7' title="bbox 230 864 2788 945; baseline -0.001 -10"><span class='ocrx_word' id='word_1_53' title='bbox 230 867 459 936; x_wconf 85' lang='lat' dir='ltr'>affecti</span> <span class='ocrx_word' id='word_1_54' title='bbox 496 870 759 945; x_wconf 79' lang='lat' dir='ltr'>morbO,</span> <span class='ocrx_word' id='word_1_55' title='bbox 799 866 884 933; x_wconf 88' lang='lat' dir='ltr'>ad</span> <span class='ocrx_word' id='word_1_56' title='bbox 936 877 1326 934; x_wconf 83' lang='lat' dir='ltr'>contactum</span> <span class='ocrx_word' id='word_1_57' title='bbox 1365 864 1642 934; x_wconf 89' lang='lat' dir='ltr'>tumbae</span> <span class='ocrx_word' id='word_1_58' title='bbox 1692 866 1818 932; x_wconf 91' lang='lat' dir='ltr'>viri</span> <span class='ocrx_word' id='word_1_59' title='bbox 1866 867 1975 934; x_wconf 89' lang='lat' dir='ltr'>Dei</span> <span class='ocrx_word' id='word_1_60' title='bbox 2044 888 2193 936; x_wconf 84' lang='lat' dir='ltr'>mox</span> <span class='ocrx_word' id='word_1_61' title='bbox 2249 867 2788 937; x_wconf 82' lang='lat' dir='ltr'>revalescerent:</span> 
     </span>
     <span class='ocr_line' id='line_1_8' title="bbox 229 954 2796 1045; baseline 0 -22"><span class='ocrx_word' id='word_1_62' title='bbox 229 956 557 1043; x_wconf 87' lang='lat' dir='ltr'>quivero</span> <span class='ocrx_word' id='word_1_63' title='bbox 592 977 751 1045; x_wconf 88' lang='lat' dir='ltr'>prae</span> <span class='ocrx_word' id='word_1_64' title='bbox 803 954 1002 1023; x_wconf 89' lang='lat' dir='ltr'>turba</span> <span class='ocrx_word' id='word_1_65' title='bbox 1056 955 1339 1043; x_wconf 88' lang='lat' dir='ltr'>propius</span> <span class='ocrx_word' id='word_1_66' title='bbox 1401 954 1723 1022; x_wconf 81' lang='lat' dir='ltr'>accedere</span> <span class='ocrx_word' id='word_1_67' title='bbox 1790 976 1924 1022; x_wconf 88' lang='lat' dir='ltr'>non</span> <span class='ocrx_word' id='word_1_68' title='bbox 1987 968 2317 1043; x_wconf 90' lang='lat' dir='ltr'>poterant,</span> <span class='ocrx_word' id='word_1_69' title='bbox 2375 979 2603 1024; x_wconf 87' lang='lat' dir='ltr'>coram</span> <span class='ocrx_word' id='word_1_70' title='bbox 2651 979 2796 1025; x_wconf 91' lang='lat' dir='ltr'>om-</span> 
     </span>
     <span class='ocr_line' id='line_1_9' title="bbox 234 1042 2787 1132; baseline -0.001 -19"><span class='ocrx_word' id='word_1_71' title='bbox 234 1044 454 1113; x_wconf 91' lang='lat' dir='ltr'>nibus</span> <span class='ocrx_word' id='word_1_72' title='bbox 500 1045 704 1114; x_wconf 87' lang='lat' dir='ltr'>etiam</span> <span class='ocrx_word' id='word_1_73' title='bbox 743 1044 810 1111; x_wconf 93' lang='lat' dir='ltr'>in</span> <span class='ocrx_word' id='word_1_74' title='bbox 867 1042 1089 1132; x_wconf 79' lang='lat' dir='ltr'>platea</span> <span class='ocrx_word' id='word_1_75' title='bbox 1122 1043 1272 1111; x_wconf 90' lang='lat' dir='ltr'>sani</span> <span class='ocrx_word' id='word_1_76' title='bbox 1320 1043 1708 1111; x_wconf 82' lang='lat' dir='ltr'>evaderent.</span> <span class='ocrx_word' id='word_1_77' title='bbox 1759 1044 1860 1113; x_wconf 88' lang='lat' dir='ltr'>Ibi</span> <span class='ocrx_word' id='word_1_78' title='bbox 1912 1064 2144 1113; x_wconf 90' lang='lat' dir='ltr'>revera</span> <span class='ocrx_word' id='word_1_79' title='bbox 2192 1045 2375 1113; x_wconf 90' lang='lat' dir='ltr'>oculi</span> <span class='ocrx_word' id='word_1_80' title='bbox 2426 1067 2787 1114; x_wconf 88' lang='lat' dir='ltr'>caecorum</span> 
     </span>
     <span class='ocr_line' id='line_1_10' title="bbox 232 1131 2800 1222; baseline -0.001 -20"><span class='ocrx_word' id='word_1_81' title='bbox 232 1134 748 1222; x_wconf 85' lang='lat' dir='ltr'>aperiebantur,</span> <span class='ocrx_word' id='word_1_82' title='bbox 804 1154 1006 1201; x_wconf 90' lang='lat' dir='ltr'>aures</span> <span class='ocrx_word' id='word_1_83' title='bbox 1054 1131 1422 1200; x_wconf 88' lang='lat' dir='ltr'>surdorum</span> <span class='ocrx_word' id='word_1_84' title='bbox 1480 1132 1823 1220; x_wconf 87' lang='lat' dir='ltr'>patebant,</span> <span class='ocrx_word' id='word_1_85' title='bbox 1864 1132 2159 1202; x_wconf 91' lang='lat' dir='ltr'>claudus</span> <span class='ocrx_word' id='word_1_86' title='bbox 2200 1134 2387 1202; x_wconf 62' lang='lat' dir='ltr'>‘sicut</span> <span class='ocrx_word' id='word_1_87' title='bbox 2420 1155 2663 1202; x_wconf 88' lang='lat' dir='ltr'>cervus</span> <span class='ocrx_word' id='word_1_88' title='bbox 2691 1155 2800 1201; x_wconf 90' lang='lat' dir='ltr'>sa-</span> 
     </span>
     <span class='ocr_line' id='line_1_11' title="bbox 233 1219 2798 1310; baseline -0 -19"><span class='ocrx_word' id='word_1_89' title='bbox 233 1222 491 1291; x_wconf 86' lang='lat' dir='ltr'>liebat:</span> <span class='ocrx_word' id='word_1_90' title='bbox 548 1222 645 1291; x_wconf 90' lang='lat' dir='ltr'>ibi</span> <span class='ocrx_word' id='word_1_91' title='bbox 686 1221 909 1292; x_wconf 89' lang='lat' dir='ltr'>soluta</span> <span class='ocrx_word' id='word_1_92' title='bbox 946 1237 1294 1289; x_wconf 89' lang='lat' dir='ltr'>mutorum</span> <span class='ocrx_word' id='word_1_93' title='bbox 1348 1219 1609 1309; x_wconf 89' lang='lat' dir='ltr'>lingua,</span> <span class='ocrx_word' id='word_1_94' title='bbox 1665 1220 1985 1290; x_wconf 91' lang='lat' dir='ltr'>velociter</span> <span class='ocrx_word' id='word_1_95' title='bbox 2017 1235 2082 1289; x_wconf 90' lang='lat' dir='ltr'>et</span> <span class='ocrx_word' id='word_1_96' title='bbox 2123 1221 2326 1310; x_wconf 89' lang='lat' dir='ltr'>plane</span> <span class='ocrx_word' id='word_1_97' title='bbox 2378 1228 2506 1291; x_wconf 89' lang='lat' dir='ltr'>Deo</span> <span class='ocrx_word' id='word_1_98' title='bbox 2558 1222 2798 1291; x_wconf 89' lang='lat' dir='ltr'>laudes</span> 
     </span>
     <span class='ocr_line' id='line_1_12' title="bbox 235 1310 2798 1401; baseline 0 -22"><span class='ocrx_word' id='word_1_99' title='bbox 235 1312 643 1401; x_wconf 87' lang='lat' dir='ltr'>promebat:</span> <span class='ocrx_word' id='word_1_100' title='bbox 699 1310 996 1396; x_wconf 91' lang='lat' dir='ltr'>denique</span> <span class='ocrx_word' id='word_1_101' title='bbox 1045 1330 1245 1377; x_wconf 90' lang='lat' dir='ltr'>omne</span> <span class='ocrx_word' id='word_1_102' title='bbox 1312 1330 1533 1398; x_wconf 90' lang='lat' dir='ltr'>genus</span> <span class='ocrx_word' id='word_1_103' title='bbox 1581 1310 2102 1399; x_wconf 85' lang='lat' dir='ltr'>aegritudinum</span> <span class='ocrx_word' id='word_1_104' title='bbox 2160 1310 2677 1399; x_wconf 88' lang='lat' dir='ltr'>depellebatur‚</span> <span class='ocrx_word' id='word_1_105' title='bbox 2733 1325 2798 1379; x_wconf 88' lang='lat' dir='ltr'>et</span> 
     </span>
     <span class='ocr_line' id='line_1_13' title="bbox 235 1397 2797 1489; baseline -0.001 -21"><span class='ocrx_word' id='word_1_106' title='bbox 235 1412 471 1489; x_wconf 89' lang='lat' dir='ltr'>optata</span> <span class='ocrx_word' id='word_1_107' title='bbox 520 1399 853 1469; x_wconf 90' lang='lat' dir='ltr'>divinitus</span> <span class='ocrx_word' id='word_1_108' title='bbox 884 1397 1213 1467; x_wconf 88' lang='lat' dir='ltr'>beneficia</span> <span class='ocrx_word' id='word_1_109' title='bbox 1257 1397 1828 1486; x_wconf 86' lang='lat' dir='ltr'>impetrabantur.</span> <span class='ocrx_word' id='word_1_110' title='bbox 1866 1405 2070 1468; x_wconf 87' lang='lat' dir='ltr'>Porro</span> <span class='ocrx_word' id='word_1_111' title='bbox 2101 1399 2281 1469; x_wconf 90' lang='lat' dir='ltr'>cives</span> <span class='ocrx_word' id='word_1_112' title='bbox 2313 1400 2411 1467; x_wconf 90' lang='lat' dir='ltr'>illi</span> <span class='ocrx_word' id='word_1_113' title='bbox 2447 1400 2531 1468; x_wconf 95' lang='lat' dir='ltr'>de</span> <span class='ocrx_word' id='word_1_114' title='bbox 2572 1401 2797 1489; x_wconf 90' lang='lat' dir='ltr'>capite</span> 
     </span>
     <span class='ocr_line' id='line_1_14' title="bbox 234 1485 2798 1588; baseline 0 -31"><span class='ocrx_word' id='word_1_115' title='bbox 234 1488 496 1571; x_wconf 82' lang='lat' dir='ltr'>PontiS,</span> <span class='ocrx_word' id='word_1_116' title='bbox 532 1489 653 1588; x_wconf 83' lang='lat' dir='ltr'>qui</span> <span class='ocrx_word' id='word_1_117' title='bbox 689 1501 960 1577; x_wconf 89' lang='lat' dir='ltr'>pontem</span> <span class='ocrx_word' id='word_1_118' title='bbox 996 1486 1497 1566; x_wconf 85' lang='lat' dir='ltr'>destruxerant,</span> <span class='ocrx_word' id='word_1_119' title='bbox 1555 1485 1882 1575; x_wconf 85' lang='lat' dir='ltr'>lacrymis</span> <span class='ocrx_word' id='word_1_120' title='bbox 1932 1488 2146 1556; x_wconf 85' lang='lat' dir='ltr'>infusi</span> <span class='ocrx_word' id='word_1_121' title='bbox 2194 1503 2257 1557; x_wconf 92' lang='lat' dir='ltr'>et</span> <span class='ocrx_word' id='word_1_122' title='bbox 2291 1488 2615 1558; x_wconf 87' lang='lat' dir='ltr'>detractis</span> <span class='ocrx_word' id='word_1_123' title='bbox 2660 1489 2798 1557; x_wconf 91' lang='lat' dir='ltr'>cal—</span> 
     </span>
     <span class='ocr_line' id='line_1_15' title="bbox 232 1576 2800 1666; baseline 0 -22"><span class='ocrx_word' id='word_1_124' title='bbox 232 1591 639 1656; x_wconf 83' lang='lat' dir='ltr'>ceamentis,</span> <span class='ocrx_word' id='word_1_125' title='bbox 697 1576 884 1645; x_wconf 86' lang='lat' dir='ltr'>Clero</span> <span class='ocrx_word' id='word_1_126' title='bbox 916 1598 1075 1644; x_wconf 89' lang='lat' dir='ltr'>cum</span> <span class='ocrx_word' id='word_1_127' title='bbox 1129 1576 1463 1644; x_wconf 82' lang='lat' dir='ltr'>Crucibus</span> <span class='ocrx_word' id='word_1_128' title='bbox 1493 1588 1557 1642; x_wconf 87' lang='lat' dir='ltr'>et</span> <span class='ocrx_word' id='word_1_129' title='bbox 1606 1576 1848 1645; x_wconf 73' lang='lat' dir='ltr'>vexillo</span> <span class='ocrx_word' id='word_1_130' title='bbox 1893 1578 2358 1666; x_wconf 85' lang='lat' dir='ltr'>praecedente,</span> <span class='ocrx_word' id='word_1_131' title='bbox 2399 1601 2557 1646; x_wconf 88' lang='lat' dir='ltr'>cum</span> <span class='ocrx_word' id='word_1_132' title='bbox 2615 1589 2800 1646; x_wconf 82' lang='lat' dir='ltr'>tanta.</span> 
     </span>
     <span class='ocr_line' id='line_1_16' title="bbox 237 1665 2792 1755; baseline 0 -20"><span class='ocrx_word' id='word_1_133' title='bbox 237 1667 616 1736; x_wconf 88' lang='lat' dir='ltr'>reverentia</span> <span class='ocrx_word' id='word_1_134' title='bbox 667 1677 731 1734; x_wconf 89' lang='lat' dir='ltr'>et</span> <span class='ocrx_word' id='word_1_135' title='bbox 787 1665 1172 1734; x_wconf 86' lang='lat' dir='ltr'>humilitate</span> <span class='ocrx_word' id='word_1_136' title='bbox 1222 1686 1451 1733; x_wconf 89' lang='lat' dir='ltr'>coram</span> <span class='ocrx_word' id='word_1_137' title='bbox 1505 1665 1776 1733; x_wconf 89' lang='lat' dir='ltr'>tumulo</span> <span class='ocrx_word' id='word_1_138' title='bbox 1835 1688 1905 1733; x_wconf 91' lang='lat' dir='ltr'>se</span> <span class='ocrx_word' id='word_1_139' title='bbox 1956 1667 2366 1755; x_wconf 85' lang='lat' dir='ltr'>prostraturi</span> <span class='ocrx_word' id='word_1_140' title='bbox 2417 1672 2792 1746; x_wconf 80' lang='lat' dir='ltr'>venerunt,</span> 
     </span>
     <span class='ocr_line' id='line_1_17' title="bbox 233 1753 2798 1845; baseline -0.001 -20"><span class='ocrx_word' id='word_1_141' title='bbox 233 1769 314 1825; x_wconf 88' lang='lat' dir='ltr'>ut</span> <span class='ocrx_word' id='word_1_142' title='bbox 363 1755 780 1845; x_wconf 73' lang='lat' dir='ltr'>poenitentia</span> <span class='ocrx_word' id='word_1_143' title='bbox 817 1776 942 1823; x_wconf 90' lang='lat' dir='ltr'>sua</span> <span class='ocrx_word' id='word_1_144' title='bbox 991 1754 1262 1821; x_wconf 89' lang='lat' dir='ltr'>animos</span> <span class='ocrx_word' id='word_1_145' title='bbox 1303 1753 1721 1822; x_wconf 90' lang='lat' dir='ltr'>intuentium</span> <span class='ocrx_word' id='word_1_146' title='bbox 1771 1754 1855 1821; x_wconf 92' lang='lat' dir='ltr'>ad</span> <span class='ocrx_word' id='word_1_147' title='bbox 1911 1755 2199 1824; x_wconf 90' lang='lat' dir='ltr'>multam</span> <span class='ocrx_word' id='word_1_148' title='bbox 2253 1755 2798 1824; x_wconf 86' lang='lat' dir='ltr'>commiseratio-</span> 
     </span>
     <span class='ocr_line' id='line_1_18' title="bbox 235 1841 2787 1932; baseline 0 -21"><span class='ocrx_word' id='word_1_149' title='bbox 235 1866 395 1912; x_wconf 87' lang='lat' dir='ltr'>nem</span> <span class='ocrx_word' id='word_1_150' title='bbox 444 1846 938 1932; x_wconf 83' lang='lat' dir='ltr'>permoverent.</span> <span class='ocrx_word' id='word_1_151' title='bbox 993 1847 1200 1909; x_wconf 91' lang='lat' dir='ltr'>Erant</span> <span class='ocrx_word' id='word_1_152' title='bbox 1235 1841 1334 1909; x_wconf 89' lang='lat' dir='ltr'>illi</span> <span class='ocrx_word' id='word_1_153' title='bbox 1388 1842 1659 1922; x_wconf 88' lang='lat' dir='ltr'>milites,</span> <span class='ocrx_word' id='word_1_154' title='bbox 1717 1842 2090 1912; x_wconf 86' lang='lat' dir='ltr'>delicatum</span> <span class='ocrx_word' id='word_1_155' title='bbox 2122 1844 2485 1913; x_wconf 86' lang='lat' dir='ltr'>hominum</span> <span class='ocrx_word' id='word_1_156' title='bbox 2529 1866 2787 1932; x_wconf 89' lang='lat' dir='ltr'>genus:</span> 
     </span>
     <span class='ocr_line' id='line_1_19' title="bbox 233 1930 2790 2019; baseline 0 -16"><span class='ocrx_word' id='word_1_157' title='bbox 233 1955 413 2019; x_wconf 89' lang='lat' dir='ltr'>quos</span> <span class='ocrx_word' id='word_1_158' title='bbox 441 1934 648 2002; x_wconf 89' lang='lat' dir='ltr'>etiam</span> <span class='ocrx_word' id='word_1_159' title='bbox 699 1945 1048 2000; x_wconf 89' lang='lat' dir='ltr'>matronae</span> <span class='ocrx_word' id='word_1_160' title='bbox 1098 1930 1384 2009; x_wconf 89' lang='lat' dir='ltr'>nobiles,</span> <span class='ocrx_word' id='word_1_161' title='bbox 1445 1953 1603 2017; x_wconf 88' lang='lat' dir='ltr'>prae</span> <span class='ocrx_word' id='word_1_162' title='bbox 1656 1932 2112 2001; x_wconf 89' lang='lat' dir='ltr'>teneritudine</span> <span class='ocrx_word' id='word_1_163' title='bbox 2164 1933 2269 2000; x_wconf 82' lang='lat' dir='ltr'>vix</span> <span class='ocrx_word' id='word_1_164' title='bbox 2330 1955 2400 2001; x_wconf 91' lang='lat' dir='ltr'>se</span> <span class='ocrx_word' id='word_1_165' title='bbox 2449 1931 2790 2011; x_wconf 87' lang='lat' dir='ltr'>ferentes,</span> 
     </span>
     <span class='ocr_line' id='line_1_20' title="bbox 235 2019 2795 2110; baseline 0 -22"><span class='ocrx_word' id='word_1_166' title='bbox 235 2021 522 2092; x_wconf 89' lang='lat' dir='ltr'>nudatis</span> <span class='ocrx_word' id='word_1_167' title='bbox 557 2021 850 2110; x_wconf 87' lang='lat' dir='ltr'>pedibus</span> <span class='ocrx_word' id='word_1_168' title='bbox 886 2021 1372 2106; x_wconf 88' lang='lat' dir='ltr'>sequebantur.</span> <span class='ocrx_word' id='word_1_169' title='bbox 1410 2025 1538 2088; x_wconf 85' lang='lat' dir='ltr'>Nec</span> <span class='ocrx_word' id='word_1_170' title='bbox 1575 2020 1623 2087; x_wconf 89' lang='lat' dir='ltr'>ii</span> <span class='ocrx_word' id='word_1_171' title='bbox 1649 2019 2029 2100; x_wconf 82' lang='lat' dir='ltr'>dumtaxat,</span> <span class='ocrx_word' id='word_1_172' title='bbox 2073 2021 2188 2089; x_wconf 90' lang='lat' dir='ltr'>sed</span> <span class='ocrx_word' id='word_1_173' title='bbox 2217 2021 2399 2090; x_wconf 89' lang='lat' dir='ltr'>cives</span> <span class='ocrx_word' id='word_1_174' title='bbox 2434 2043 2675 2092; x_wconf 91' lang='lat' dir='ltr'>omnes</span> <span class='ocrx_word' id='word_1_175' title='bbox 2725 2023 2795 2089; x_wconf 91' lang='lat' dir='ltr'>in</span> 
     </span>
     <span class='ocr_line' id='line_1_21' title="bbox 241 2108 2801 2200; baseline 0 -22"><span class='ocrx_word' id='word_1_176' title='bbox 241 2121 472 2198; x_wconf 88' lang='lat' dir='ltr'>partes</span> <span class='ocrx_word' id='word_1_177' title='bbox 515 2109 890 2187; x_wconf 86' lang='lat' dir='ltr'>distributi,</span> <span class='ocrx_word' id='word_1_178' title='bbox 947 2109 1139 2178; x_wconf 88' lang='lat' dir='ltr'>statis</span> <span class='ocrx_word' id='word_1_179' title='bbox 1171 2108 1417 2177; x_wconf 89' lang='lat' dir='ltr'>diebus</span> <span class='ocrx_word' id='word_1_180' title='bbox 1457 2131 1613 2178; x_wconf 89' lang='lat' dir='ltr'>cum</span> <span class='ocrx_word' id='word_1_181' title='bbox 1669 2109 1881 2177; x_wconf 85' lang='lat' dir='ltr'>simili</span> <span class='ocrx_word' id='word_1_182' title='bbox 1933 2110 2390 2198; x_wconf 88' lang='lat' dir='ltr'>processione,</span> <span class='ocrx_word' id='word_1_183' title='bbox 2446 2110 2731 2200; x_wconf 88' lang='lat' dir='ltr'>abjectis</span> <span class='ocrx_word' id='word_1_184' title='bbox 2763 2133 2801 2179; x_wconf 89' lang='lat' dir='ltr'>a</span> 
     </span>
    </p>

    <p class='ocr_par' dir='ltr' id='par_1_4' title="bbox 295 2197 2793 2276">
     <span class='ocr_line' id='line_1_22' title="bbox 295 2197 2793 2276; baseline 0.001 -10"><span class='ocrx_word' id='word_1_185' title='bbox 295 2198 542 2267; x_wconf 91' lang='lat' dir='ltr'>edibus</span> <span class='ocrx_word' id='word_1_186' title='bbox 590 2197 861 2276; x_wconf 75' lang='lat' dir='ltr'>calceis,</span> <span class='ocrx_word' id='word_1_187' title='bbox 897 2197 984 2264; x_wconf 89' lang='lat' dir='ltr'>ad</span> <span class='ocrx_word' id='word_1_188' title='bbox 1018 2219 1293 2266; x_wconf 90' lang='lat' dir='ltr'>sacrum</span> <span class='ocrx_word' id='word_1_189' title='bbox 1329 2197 1503 2265; x_wconf 92' lang='lat' dir='ltr'>beati</span> <span class='ocrx_word' id='word_1_190' title='bbox 1539 2198 1664 2265; x_wconf 87' lang='lat' dir='ltr'>viri</span> <span class='ocrx_word' id='word_1_191' title='bbox 1696 2198 2045 2267; x_wconf 89' lang='lat' dir='ltr'>tumulum</span> <span class='ocrx_word' id='word_1_192' title='bbox 2080 2199 2519 2267; x_wconf 88' lang='lat' dir='ltr'>accedebant.</span> <span class='ocrx_word' id='word_1_193' title='bbox 2556 2201 2793 2268; x_wconf 89' lang='lat' dir='ltr'>Venie-</span> 
     </span>
    </p>

    <p class='ocr_par' dir='ltr' id='par_1_5' title="bbox 236 2285 2805 4417">
     <span class='ocr_line' id='line_1_23' title="bbox 299 2285 2791 2376; baseline 0 -21"><span class='ocrx_word' id='word_1_194' title='bbox 299 2299 416 2355; x_wconf 89' lang='lat' dir='ltr'>ant</span> <span class='ocrx_word' id='word_1_195' title='bbox 464 2287 698 2355; x_wconf 90' lang='lat' dir='ltr'>itidem</span> <span class='ocrx_word' id='word_1_196' title='bbox 764 2285 1223 2376; x_wconf 86' lang='lat' dir='ltr'>religiosi,·ac</span> <span class='ocrx_word' id='word_1_197' title='bbox 1285 2299 1626 2373; x_wconf 86' lang='lat' dir='ltr'>postremo</span> <span class='ocrx_word' id='word_1_198' title='bbox 1702 2287 2079 2375; x_wconf 87' lang='lat' dir='ltr'>Episcopus</span> <span class='ocrx_word' id='word_1_199' title='bbox 2139 2309 2297 2355; x_wconf 90' lang='lat' dir='ltr'>cum</span> <span class='ocrx_word' id='word_1_200' title='bbox 2370 2301 2504 2355; x_wconf 92' lang='lat' dir='ltr'>toto</span> <span class='ocrx_word' id='word_1_201' title='bbox 2565 2287 2791 2364; x_wconf 67' lang='lat' dir='ltr'>clero,</span> 
     </span>
     <span class='ocr_line' id='line_1_24' title="bbox 247 2374 2793 2465; baseline 0 -23"><span class='ocrx_word' id='word_1_202' title='bbox 247 2387 723 2465; x_wconf 89' lang='lat' dir='ltr'>praeceptores</span> <span class='ocrx_word' id='word_1_203' title='bbox 771 2397 929 2443; x_wconf 85' lang='lat' dir='ltr'>curn</span> <span class='ocrx_word' id='word_1_204' title='bbox 984 2374 1200 2442; x_wconf 89' lang='lat' dir='ltr'>multa</span> <span class='ocrx_word' id='word_1_205' title='bbox 1269 2374 1735 2444; x_wconf 91' lang='lat' dir='ltr'>studiosorum</span> <span class='ocrx_word' id='word_1_206' title='bbox 1788 2389 2080 2452; x_wconf 88' lang='lat' dir='ltr'>caterva;</span> <span class='ocrx_word' id='word_1_207' title='bbox 2138 2376 2573 2464; x_wconf 83' lang='lat' dir='ltr'>Magistratus</span> <span class='ocrx_word' id='word_1_208' title='bbox 2634 2398 2793 2444; x_wconf 83' lang='lat' dir='ltr'>curn</span> 
     </span>
     <span class='ocr_line' id='line_1_25' title="bbox 246 2459 2797 2554; baseline -0 -21"><span class='ocrx_word' id='word_1_209' title='bbox 246 2462 550 2533; x_wconf 88' lang='lat' dir='ltr'>militum</span> <span class='ocrx_word' id='word_1_210' title='bbox 585 2479 649 2534; x_wconf 93' lang='lat' dir='ltr'>et</span> <span class='ocrx_word' id='word_1_211' title='bbox 685 2459 1064 2553; x_wconf 81' lang='lat' dir='ltr'>potentium</span> <span class='ocrx_word' id='word_1_212' title='bbox 1103 2461 1506 2550; x_wconf 83' lang='lat' dir='ltr'>frequentia,</span> <span class='ocrx_word' id='word_1_213' title='bbox 1560 2463 1819 2550; x_wconf 90' lang='lat' dir='ltr'>aliique</span> <span class='ocrx_word' id='word_1_214' title='bbox 1860 2463 2166 2534; x_wconf 89' lang='lat' dir='ltr'>diversar</span> <span class='ocrx_word' id='word_1_215' title='bbox 2224 2486 2286 2531; x_wconf 91' lang='lat' dir='ltr'>m</span> <span class='ocrx_word' id='word_1_216' title='bbox 2335 2465 2589 2533; x_wconf 91' lang='lat' dir='ltr'>artium</span> <span class='ocrx_word' id='word_1_217' title='bbox 2645 2486 2797 2554; x_wconf 90' lang='lat' dir='ltr'>pro-</span> 
     </span>
     <span class='ocr_line' id='line_1_26' title="bbox 238 2552 2802 2643; baseline 0 -22"><span class='ocrx_word' id='word_1_218' title='bbox 238 2553 576 2633; x_wconf 80' lang='lat' dir='ltr'>fessoreS,</span> <span class='ocrx_word' id='word_1_219' title='bbox 635 2552 1035 2643; x_wconf 86' lang='lat' dir='ltr'>singulatim</span> <span class='ocrx_word' id='word_1_220' title='bbox 1109 2553 1444 2622; x_wconf 86' lang='lat' dir='ltr'>ordinatis</span> <span class='ocrx_word' id='word_1_221' title='bbox 1499 2554 2102 2641; x_wconf 86' lang='lat' dir='ltr'>processionibus,</span> <span class='ocrx_word' id='word_1_222' title='bbox 2166 2575 2201 2620; x_wconf 91' lang='lat' dir='ltr'>c</span> <span class='ocrx_word' id='word_1_223' title='bbox 2247 2554 2370 2622; x_wconf 90' lang='lat' dir='ltr'>rtis</span> <span class='ocrx_word' id='word_1_224' title='bbox 2428 2553 2673 2622; x_wconf 88' lang='lat' dir='ltr'>diebus</span> <span class='ocrx_word' id='word_1_225' title='bbox 2737 2568 2802 2622; x_wconf 90' lang='lat' dir='ltr'>et</span> 
     </span>
     <span class='ocr_line' id='line_1_27' title="bbox 239 2641 2799 2730; baseline -0.001 -19"><span class='ocrx_word' id='word_1_226' title='bbox 239 2643 456 2722; x_wconf 89' lang='lat' dir='ltr'>horis,</span> <span class='ocrx_word' id='word_1_227' title='bbox 511 2664 741 2712; x_wconf 87' lang='lat' dir='ltr'>cereos</span> <span class='ocrx_word' id='word_1_228' title='bbox 783 2643 1112 2710; x_wconf 84' lang='lat' dir='ltr'>habentes</span> <span class='ocrx_word' id='word_1_229' title='bbox 1161 2642 1230 2709; x_wconf 90' lang='lat' dir='ltr'>in</span> <span class='ocrx_word' id='word_1_230' title='bbox 1291 2641 1638 2721; x_wconf 79' lang='lat' dir='ltr'>manibuS,</span> <span class='ocrx_word' id='word_1_231' title='bbox 1699 2643 1937 2730; x_wconf 89' lang='lat' dir='ltr'>positis</span> <span class='ocrx_word' id='word_1_232' title='bbox 1985 2642 2258 2722; x_wconf 78' lang='lat' dir='ltr'>calceiS,</span> <span class='ocrx_word' id='word_1_233' title='bbox 2314 2642 2799 2712; x_wconf 81' lang='lat' dir='ltr'>decentissime</span> 
     </span>
     <span class='ocr_line' id='line_1_28' title="bbox 241 2730 2795 2819; baseline 0 -19"><span class='ocrx_word' id='word_1_234' title='bbox 241 2732 690 2801; x_wconf 90' lang='lat' dir='ltr'>advenerunt.</span> <span class='ocrx_word' id='word_1_235' title='bbox 741 2737 945 2800; x_wconf 92' lang='lat' dir='ltr'>Erant</span> <span class='ocrx_word' id='word_1_236' title='bbox 992 2743 1219 2799; x_wconf 89' lang='lat' dir='ltr'>autem</span> <span class='ocrx_word' id='word_1_237' title='bbox 1280 2732 1479 2809; x_wconf 91' lang='lat' dir='ltr'>cerei,</span> <span class='ocrx_word' id='word_1_238' title='bbox 1526 2731 1645 2815; x_wconf 89' lang='lat' dir='ltr'>qui</span> <span class='ocrx_word' id='word_1_239' title='bbox 1714 2744 1869 2799; x_wconf 91' lang='lat' dir='ltr'>ante</span> <span class='ocrx_word' id='word_1_240' title='bbox 1914 2730 2227 2819; x_wconf 89' lang='lat' dir='ltr'>singulos</span> <span class='ocrx_word' id='word_1_241' title='bbox 2276 2731 2795 2800; x_wconf 88' lang='lat' dir='ltr'>adventantium</span> 
     </span>
     <span class='ocr_line' id='line_1_29' title="bbox 242 2817 2802 2909; baseline -0 -20"><span class='ocrx_word' id='word_1_242' title='bbox 242 2832 481 2890; x_wconf 89' lang='lat' dir='ltr'>caetus</span> <span class='ocrx_word' id='word_1_243' title='bbox 533 2820 1027 2909; x_wconf 62' lang='lat' dir='ltr'>portabantur,2</span> <span class='ocrx_word' id='word_1_244' title='bbox 1058 2841 1137 2887; x_wconf 90' lang='lat' dir='ltr'>ea</span> <span class='ocrx_word' id='word_1_245' title='bbox 1192 2817 1648 2908; x_wconf 91' lang='lat' dir='ltr'>longitudine,</span> <span class='ocrx_word' id='word_1_246' title='bbox 1711 2831 1787 2888; x_wconf 89' lang='lat' dir='ltr'>ut</span> <span class='ocrx_word' id='word_1_247' title='bbox 1838 2841 1970 2888; x_wconf 91' lang='lat' dir='ltr'>non</span> <span class='ocrx_word' id='word_1_248' title='bbox 2028 2820 2158 2888; x_wconf 84' lang='lat' dir='ltr'>nisi</span> <span class='ocrx_word' id='word_1_249' title='bbox 2210 2819 2441 2906; x_wconf 88' lang='lat' dir='ltr'>aliqua</span> <span class='ocrx_word' id='word_1_250' title='bbox 2494 2821 2802 2908; x_wconf 87' lang='lat' dir='ltr'>praecisa</span> 
     </span>
     <span class='ocr_line' id='line_1_30' title="bbox 239 2907 2801 2999; baseline -0.001 -21"><span class='ocrx_word' id='word_1_251' title='bbox 239 2921 458 2999; x_wconf 88' lang='lat' dir='ltr'>parte,</span> <span class='ocrx_word' id='word_1_252' title='bbox 513 2909 694 2977; x_wconf 92' lang='lat' dir='ltr'>intra</span> <span class='ocrx_word' id='word_1_253' title='bbox 741 2908 979 2977; x_wconf 91' lang='lat' dir='ltr'>aedem</span> <span class='ocrx_word' id='word_1_254' title='bbox 1020 2908 1455 2977; x_wconf 89' lang='lat' dir='ltr'>beatissimae</span> <span class='ocrx_word' id='word_1_255' title='bbox 1499 2907 1731 2976; x_wconf 87' lang='lat' dir='ltr'>Matris</span> <span class='ocrx_word' id='word_1_256' title='bbox 1785 2907 1894 2976; x_wconf 92' lang='lat' dir='ltr'>Dei</span> <span class='ocrx_word' id='word_1_257' title='bbox 1948 2907 2179 2976; x_wconf 89' lang='lat' dir='ltr'>inferri</span> <span class='ocrx_word' id='word_1_258' title='bbox 2234 2920 2534 2996; x_wconf 81' lang='lat' dir='ltr'>possent,</span> <span class='ocrx_word' id='word_1_259' title='bbox 2584 2908 2801 2977; x_wconf 89' lang='lat' dir='ltr'>multa</span> 
     </span>
     <span class='ocr_line' id='line_1_31' title="bbox 236 2996 2795 3078; baseline 0 -13"><span class='ocrx_word' id='word_1_260' title='bbox 236 2998 445 3066; x_wconf 88' lang='lat' dir='ltr'>etiam</span> <span class='ocrx_word' id='word_1_261' title='bbox 519 2997 895 3066; x_wconf 87' lang='lat' dir='ltr'>formarum</span> <span class='ocrx_word' id='word_1_262' title='bbox 948 2997 1124 3064; x_wconf 90' lang='lat' dir='ltr'>inter</span> <span class='ocrx_word' id='word_1_263' title='bbox 1176 3018 1246 3065; x_wconf 91' lang='lat' dir='ltr'>se</span> <span class='ocrx_word' id='word_1_264' title='bbox 1299 2996 1621 3065; x_wconf 87' lang='lat' dir='ltr'>varietate</span> <span class='ocrx_word' id='word_1_265' title='bbox 1692 2997 2062 3065; x_wconf 87' lang='lat' dir='ltr'>artificiose</span> <span class='ocrx_word' id='word_1_266' title='bbox 2112 2996 2445 3067; x_wconf 88' lang='lat' dir='ltr'>distincti.</span> <span class='ocrx_word' id='word_1_267' title='bbox 2502 2997 2795 3078; x_wconf 86' lang='lat' dir='ltr'>Quidam</span> 
     </span>
     <span class='ocr_line' id='line_1_32' title="bbox 238 3084 2803 3175; baseline -0.001 -20"><span class='ocrx_word' id='word_1_268' title='bbox 238 3087 447 3155; x_wconf 91' lang='lat' dir='ltr'>etiam</span> <span class='ocrx_word' id='word_1_269' title='bbox 498 3107 661 3175; x_wconf 91' lang='lat' dir='ltr'>prae</span> <span class='ocrx_word' id='word_1_270' title='bbox 711 3108 836 3156; x_wconf 87' lang='lat' dir='ltr'>suo</span> <span class='ocrx_word' id='word_1_271' title='bbox 868 3084 1168 3175; x_wconf 90' lang='lat' dir='ltr'>pondere</span> <span class='ocrx_word' id='word_1_272' title='bbox 1217 3085 1528 3153; x_wconf 89' lang='lat' dir='ltr'>humeris</span> <span class='ocrx_word' id='word_1_273' title='bbox 1584 3086 2058 3174; x_wconf 88' lang='lat' dir='ltr'>portabantur,</span> <span class='ocrx_word' id='word_1_274' title='bbox 2119 3084 2431 3155; x_wconf 91' lang='lat' dir='ltr'>nonnulli</span> <span class='ocrx_word' id='word_1_275' title='bbox 2477 3085 2803 3155; x_wconf 88' lang='lat' dir='ltr'>curribus</span> 
     </span>
     <span class='ocr_line' id='line_1_33' title="bbox 241 3174 2796 3262; baseline -0 -20"><span class='ocrx_word' id='word_1_276' title='bbox 241 3175 689 3243; x_wconf 85' lang='lat' dir='ltr'>vehebantur.</span> <span class='ocrx_word' id='word_1_277' title='bbox 731 3178 896 3243; x_wconf 86' lang='lat' dir='ltr'>Cum</span> <span class='ocrx_word' id='word_1_278' title='bbox 951 3195 1081 3242; x_wconf 91' lang='lat' dir='ltr'>non</span> <span class='ocrx_word' id='word_1_279' title='bbox 1140 3186 1415 3262; x_wconf 89' lang='lat' dir='ltr'>possent</span> <span class='ocrx_word' id='word_1_280' title='bbox 1463 3185 1693 3242; x_wconf 85' lang='lat' dir='ltr'>autem</span> <span class='ocrx_word' id='word_1_281' title='bbox 1750 3196 1910 3262; x_wconf 93' lang='lat' dir='ltr'>prae</span> <span class='ocrx_word' id='word_1_282' title='bbox 1945 3175 2161 3242; x_wconf 88' lang='lat' dir='ltr'>nimia</span> <span class='ocrx_word' id='word_1_283' title='bbox 2220 3174 2665 3244; x_wconf 89' lang='lat' dir='ltr'>multitudine</span> <span class='ocrx_word' id='word_1_284' title='bbox 2713 3174 2796 3243; x_wconf 86' lang='lat' dir='ltr'>ad</span> 
     </span>
     <span class='ocr_line' id='line_1_34' title="bbox 242 3262 2802 3353; baseline -0 -22"><span class='ocrx_word' id='word_1_285' title='bbox 242 3262 573 3334; x_wconf 85' lang='lat' dir='ltr'>ecclesiae</span> <span class='ocrx_word' id='word_1_286' title='bbox 615 3262 843 3330; x_wconf 88' lang='lat' dir='ltr'>valvas</span> <span class='ocrx_word' id='word_1_287' title='bbox 893 3262 1255 3339; x_wconf 90' lang='lat' dir='ltr'>accedere,</span> <span class='ocrx_word' id='word_1_288' title='bbox 1295 3283 1525 3331; x_wconf 91' lang='lat' dir='ltr'>cereos</span> <span class='ocrx_word' id='word_1_289' title='bbox 1557 3262 1625 3329; x_wconf 91' lang='lat' dir='ltr'>in</span> <span class='ocrx_word' id='word_1_290' title='bbox 1680 3263 1900 3351; x_wconf 89' lang='lat' dir='ltr'>platea</span> <span class='ocrx_word' id='word_1_291' title='bbox 1949 3264 2132 3331; x_wconf 88' lang='lat' dir='ltr'>circa</span> <span class='ocrx_word' id='word_1_292' title='bbox 2184 3263 2421 3353; x_wconf 90' lang='lat' dir='ltr'>templi</span> <span class='ocrx_word' id='word_1_293' title='bbox 2471 3264 2645 3331; x_wconf 89' lang='lat' dir='ltr'>ostia</span> <span class='ocrx_word' id='word_1_294' title='bbox 2668 3276 2802 3332; x_wconf 92' lang='lat' dir='ltr'>sta—</span> 
     </span>
     <span class='ocr_line' id='line_1_35' title="bbox 244 3350 2797 3439; baseline -0.001 -19"><span class='ocrx_word' id='word_1_295' title='bbox 244 3352 552 3421; x_wconf 90' lang='lat' dir='ltr'>tuebant.</span> <span class='ocrx_word' id='word_1_296' title='bbox 593 3355 728 3420; x_wconf 87' lang='lat' dir='ltr'>Nec</span> <span class='ocrx_word' id='word_1_297' title='bbox 758 3351 1061 3429; x_wconf 89' lang='lat' dir='ltr'>deerant,</span> <span class='ocrx_word' id='word_1_298' title='bbox 1116 3351 1235 3436; x_wconf 88' lang='lat' dir='ltr'>qui</span> <span class='ocrx_word' id='word_1_299' title='bbox 1286 3372 1494 3439; x_wconf 89' lang='lat' dir='ltr'>super</span> <span class='ocrx_word' id='word_1_300' title='bbox 1545 3373 1781 3419; x_wconf 88' lang='lat' dir='ltr'>muros</span> <span class='ocrx_word' id='word_1_301' title='bbox 1832 3351 2103 3420; x_wconf 90' lang='lat' dir='ltr'>lumina</span> <span class='ocrx_word' id='word_1_302' title='bbox 2141 3350 2579 3431; x_wconf 89' lang='lat' dir='ltr'>collocarent,</span> <span class='ocrx_word' id='word_1_303' title='bbox 2634 3364 2698 3420; x_wconf 93' lang='lat' dir='ltr'>et</span> <span class='ocrx_word' id='word_1_304' title='bbox 2730 3354 2797 3419; x_wconf 90' lang='lat' dir='ltr'>in</span> 
     </span>
     <span class='ocr_line' id='line_1_36' title="bbox 249 3439 2795 3529; baseline 0 -22"><span class='ocrx_word' id='word_1_305' title='bbox 249 3440 493 3529; x_wconf 86' lang='lat' dir='ltr'>plateis</span> <span class='ocrx_word' id='word_1_306' title='bbox 541 3440 868 3509; x_wconf 84' lang='lat' dir='ltr'>excubias</span> <span class='ocrx_word' id='word_1_307' title='bbox 917 3439 1252 3529; x_wconf 91' lang='lat' dir='ltr'>perpetim</span> <span class='ocrx_word' id='word_1_308' title='bbox 1304 3451 1604 3527; x_wconf 88' lang='lat' dir='ltr'>agerent:</span> <span class='ocrx_word' id='word_1_309' title='bbox 1655 3439 1838 3525; x_wconf 91' lang='lat' dir='ltr'>iique</span> <span class='ocrx_word' id='word_1_310' title='bbox 1902 3461 2022 3508; x_wconf 94' lang='lat' dir='ltr'>nec</span> <span class='ocrx_word' id='word_1_311' title='bbox 2073 3440 2348 3509; x_wconf 87' lang='lat' dir='ltr'>aestivis</span> <span class='ocrx_word' id='word_1_312' title='bbox 2403 3439 2795 3519; x_wconf 89' lang='lat' dir='ltr'>ardoribus,</span> 
     </span>
     <span class='ocr_line' id='line_1_37' title="bbox 244 3527 2804 3619; baseline -0 -22"><span class='ocrx_word' id='word_1_313' title='bbox 244 3550 371 3598; x_wconf 90' lang='lat' dir='ltr'>nec</span> <span class='ocrx_word' id='word_1_314' title='bbox 406 3528 735 3617; x_wconf 80' lang='lat' dir='ltr'>hybernis</span> <span class='ocrx_word' id='word_1_315' title='bbox 784 3528 1140 3618; x_wconf 88' lang='lat' dir='ltr'>algoribus</span> <span class='ocrx_word' id='word_1_316' title='bbox 1170 3527 1256 3595; x_wconf 89' lang='lat' dir='ltr'>ab</span> <span class='ocrx_word' id='word_1_317' title='bbox 1289 3527 1631 3613; x_wconf 84' lang='lat' dir='ltr'>ejusmodi</span> <span class='ocrx_word' id='word_1_318' title='bbox 1669 3528 1940 3617; x_wconf 90' lang='lat' dir='ltr'>pietatis</span> <span class='ocrx_word' id='word_1_319' title='bbox 1988 3528 2237 3597; x_wconf 89' lang='lat' dir='ltr'>studiis</span> <span class='ocrx_word' id='word_1_320' title='bbox 2287 3529 2504 3597; x_wconf 88' lang='lat' dir='ltr'>arceri</span> <span class='ocrx_word' id='word_1_321' title='bbox 2554 3550 2625 3597; x_wconf 87' lang='lat' dir='ltr'>se</span> <span class='ocrx_word' id='word_1_322' title='bbox 2684 3551 2804 3619; x_wconf 91' lang='lat' dir='ltr'>pa-</span> 
     </span>
     <span class='ocr_line' id='line_1_38' title="bbox 246 3615 2800 3707; baseline 0 -22"><span class='ocrx_word' id='word_1_323' title='bbox 246 3617 619 3686; x_wconf 88' lang='lat' dir='ltr'>tiebantur.</span> <span class='ocrx_word' id='word_1_324' title='bbox 672 3617 1353 3707; x_wconf 79' lang='lat' dir='ltr'>Jungebanturcum</span> <span class='ocrx_word' id='word_1_325' title='bbox 1381 3615 1698 3685; x_wconf 92' lang='lat' dir='ltr'>noctibus</span> <span class='ocrx_word' id='word_1_326' title='bbox 1738 3616 1910 3696; x_wconf 88' lang='lat' dir='ltr'>dies,</span> <span class='ocrx_word' id='word_1_327' title='bbox 1957 3616 2212 3701; x_wconf 65' lang='lat' dir='ltr'>et,aliis</span> <span class='ocrx_word' id='word_1_328' title='bbox 2256 3630 2405 3705; x_wconf 90' lang='lat' dir='ltr'>post</span> <span class='ocrx_word' id='word_1_329' title='bbox 2446 3617 2619 3687; x_wconf 91' lang='lat' dir='ltr'>alios</span> <span class='ocrx_word' id='word_1_330' title='bbox 2646 3640 2800 3686; x_wconf 92' lang='lat' dir='ltr'>suc-</span> 
     </span>
     <span class='ocr_line' id='line_1_39' title="bbox 239 3704 2801 3796; baseline -0 -20"><span class='ocrx_word' id='word_1_331' title='bbox 239 3705 650 3777; x_wconf 89' lang='lat' dir='ltr'>cedentibus</span> <span class='ocrx_word' id='word_1_332' title='bbox 698 3706 848 3774; x_wconf 88' lang='lat' dir='ltr'>sine</span> <span class='ocrx_word' id='word_1_333' title='bbox 897 3704 1043 3775; x_wconf 91' lang='lat' dir='ltr'>ulla</span> <span class='ocrx_word' id='word_1_334' title='bbox 1084 3705 1592 3774; x_wconf 89' lang='lat' dir='ltr'>intermissione</span> <span class='ocrx_word' id='word_1_335' title='bbox 1651 3710 1782 3773; x_wconf 91' lang='lat' dir='ltr'>Deo</span> <span class='ocrx_word' id='word_1_336' title='bbox 1819 3704 2059 3775; x_wconf 88' lang='lat' dir='ltr'>laudes</span> <span class='ocrx_word' id='word_1_337' title='bbox 2101 3720 2462 3794; x_wconf 87' lang='lat' dir='ltr'>gratesque</span> <span class='ocrx_word' id='word_1_338' title='bbox 2497 3705 2801 3796; x_wconf 90' lang='lat' dir='ltr'>ageban-</span> 
     </span>
     <span class='ocr_line' id='line_1_40' title="bbox 245 3792 2801 3882; baseline -0.001 -19"><span class='ocrx_word' id='word_1_339' title='bbox 245 3807 383 3864; x_wconf 88' lang='lat' dir='ltr'>tur.</span> <span class='ocrx_word' id='word_1_340' title='bbox 423 3795 829 3865; x_wconf 86' lang='lat' dir='ltr'>Laetabatur</span> <span class='ocrx_word' id='word_1_341' title='bbox 861 3794 1093 3863; x_wconf 87' lang='lat' dir='ltr'>Padua</span> <span class='ocrx_word' id='word_1_342' title='bbox 1137 3792 1286 3882; x_wconf 89' lang='lat' dir='ltr'>(alii</span> <span class='ocrx_word' id='word_1_343' title='bbox 1337 3793 1689 3862; x_wconf 89' lang='lat' dir='ltr'>Patavium</span> <span class='ocrx_word' id='word_1_344' title='bbox 1727 3794 2000 3880; x_wconf 89' lang='lat' dir='ltr'>vocant)</span> <span class='ocrx_word' id='word_1_345' title='bbox 2040 3794 2247 3862; x_wconf 90' lang='lat' dir='ltr'>tantis</span> <span class='ocrx_word' id='word_1_346' title='bbox 2295 3805 2533 3863; x_wconf 90' lang='lat' dir='ltr'>ornata</span> <span class='ocrx_word' id='word_1_347' title='bbox 2593 3795 2801 3864; x_wconf 92' lang='lat' dir='ltr'>lumi-</span> 
     </span>
     <span class='ocr_line' id='line_1_41' title="bbox 240 3880 2805 3971; baseline -0 -19"><span class='ocrx_word' id='word_1_348' title='bbox 240 3882 475 3962; x_wconf 88' lang='lat' dir='ltr'>nibus,</span> <span class='ocrx_word' id='word_1_349' title='bbox 529 3884 736 3953; x_wconf 85' lang='lat' dir='ltr'>tantis</span> <span class='ocrx_word' id='word_1_350' title='bbox 770 3883 1111 3952; x_wconf 88' lang='lat' dir='ltr'>illustrata</span> <span class='ocrx_word' id='word_1_351' title='bbox 1171 3880 1583 3971; x_wconf 84' lang='lat' dir='ltr'>fulgoribus,</span> <span class='ocrx_word' id='word_1_352' title='bbox 1640 3903 1764 3951; x_wconf 90' lang='lat' dir='ltr'>nec</span> <span class='ocrx_word' id='word_1_353' title='bbox 1798 3882 1980 3953; x_wconf 91' lang='lat' dir='ltr'>ullas</span> <span class='ocrx_word' id='word_1_354' title='bbox 2031 3883 2332 3952; x_wconf 87' lang='lat' dir='ltr'>noctium</span> <span class='ocrx_word' id='word_1_355' title='bbox 2378 3883 2592 3952; x_wconf 91' lang='lat' dir='ltr'>sensit</span> <span class='ocrx_word' id='word_1_356' title='bbox 2639 3883 2805 3951; x_wconf 88' lang='lat' dir='ltr'>cali-</span> 
     </span>
     <span class='ocr_line' id='line_1_42' title="bbox 239 3970 2796 4062; baseline -0.001 -21"><span class='ocrx_word' id='word_1_357' title='bbox 239 3973 460 4062; x_wconf 88' lang='lat' dir='ltr'>gines.</span> <span class='ocrx_word' id='word_1_358' title='bbox 500 3977 883 4043; x_wconf 78' lang='lat' dir='ltr'>Accurrunt</span> <span class='ocrx_word' id='word_1_359' title='bbox 915 3970 1172 4051; x_wconf 85' lang='lat' dir='ltr'>Veneti,</span> <span class='ocrx_word' id='word_1_360' title='bbox 1226 3984 1593 4060; x_wconf 89' lang='lat' dir='ltr'>properant</span> <span class='ocrx_word' id='word_1_361' title='bbox 1633 3973 2007 4040; x_wconf 81' lang='lat' dir='ltr'>Cenomani</span> <span class='ocrx_word' id='word_1_362' title='bbox 2040 3971 2096 4050; x_wconf 50' lang='grc'>4,.</span> <span class='ocrx_word' id='word_1_363' title='bbox 2138 3970 2392 4041; x_wconf 89' lang='lat' dir='ltr'>adsunt</span> <span class='ocrx_word' id='word_1_364' title='bbox 2437 3972 2796 4051; x_wconf 84' lang='lat' dir='ltr'>vicentini,</span> 
     </span>
     <span class='ocr_line' id='line_1_43' title="bbox 243 4059 2793 4162; baseline -0.001 -32"><span class='ocrx_word' id='word_1_365' title='bbox 243 4061 700 4162; x_wconf 85' lang='lat' dir='ltr'>Longobardi,</span> <span class='ocrx_word' id='word_1_366' title='bbox 757 4060 1001 4139; x_wconf 89' lang='lat' dir='ltr'>Sclavi,</span> <span class='ocrx_word' id='word_1_367' title='bbox 1060 4059 1549 4149; x_wconf 77' lang='lat' dir='ltr'>AquilejenseS‚</span> <span class='ocrx_word' id='word_1_368' title='bbox 1611 4060 1983 4138; x_wconf 88' lang='lat' dir='ltr'>Germani,</span> <span class='ocrx_word' id='word_1_369' title='bbox 2045 4061 2397 4150; x_wconf 80' lang='lat' dir='ltr'>Hungari,</span> <span class='ocrx_word' id='word_1_370' title='bbox 2458 4060 2577 4128; x_wconf 92' lang='lat' dir='ltr'>His</span> <span class='ocrx_word' id='word_1_371' title='bbox 2631 4062 2793 4137; x_wconf 89' lang='lat' dir='ltr'>ani,</span> 
     </span>
     <span class='ocr_line' id='line_1_44' title="bbox 244 4146 2793 4238; baseline -0.001 -20"><span class='ocrx_word' id='word_1_372' title='bbox 244 4149 461 4219; x_wconf 84' lang='lat' dir='ltr'>Galli:</span> <span class='ocrx_word' id='word_1_373' title='bbox 520 4150 804 4238; x_wconf 89' lang='lat' dir='ltr'>suisque</span> <span class='ocrx_word' id='word_1_374' title='bbox 851 4147 1072 4218; x_wconf 90' lang='lat' dir='ltr'>oculis</span> <span class='ocrx_word' id='word_1_375' title='bbox 1122 4159 1480 4217; x_wconf 89' lang='lat' dir='ltr'>cernentes</span> <span class='ocrx_word' id='word_1_376' title='bbox 1550 4146 1885 4219; x_wconf 89' lang='lat' dir='ltr'>divinitus</span> <span class='ocrx_word' id='word_1_377' title='bbox 1945 4147 2394 4218; x_wconf 87' lang='lat' dir='ltr'>celeberrima</span> <span class='ocrx_word' id='word_1_378' title='bbox 2457 4147 2584 4218; x_wconf 91' lang='lat' dir='ltr'>dec</span> <span class='ocrx_word' id='word_1_379' title='bbox 2615 4149 2793 4217; x_wconf 90' lang='lat' dir='ltr'>arari</span> 
     </span>
     <span class='ocr_line' id='line_1_45' title="bbox 247 4236 2800 4327; baseline -0.001 -19"><span class='ocrx_word' id='word_1_380' title='bbox 247 4238 608 4320; x_wconf 87' lang='lat' dir='ltr'>miracula,</span> <span class='ocrx_word' id='word_1_381' title='bbox 665 4240 734 4307; x_wconf 88' lang='lat' dir='ltr'>in</span> <span class='ocrx_word' id='word_1_382' title='bbox 785 4236 1026 4308; x_wconf 87' lang='lat' dir='ltr'>laudes</span> <span class='ocrx_word' id='word_1_383' title='bbox 1074 4237 1567 4327; x_wconf 89' lang='lat' dir='ltr'>omnipotentis</span> <span class='ocrx_word' id='word_1_384' title='bbox 1617 4236 1731 4305; x_wconf 92' lang='lat' dir='ltr'>Dei</span> <span class='ocrx_word' id='word_1_385' title='bbox 1773 4239 1897 4306; x_wconf 87' lang='lat' dir='ltr'>su&#39;a</span> <span class='ocrx_word' id='word_1_386' title='bbox 1932 4258 2052 4306; x_wconf 90' lang='lat' dir='ltr'>ora</span> <span class='ocrx_word' id='word_1_387' title='bbox 2102 4236 2445 4317; x_wconf 85' lang='lat' dir='ltr'>laxabant,</span> <span class='ocrx_word' id='word_1_388' title='bbox 2501 4249 2566 4306; x_wconf 88' lang='lat' dir='ltr'>et</span> <span class='ocrx_word' id='word_1_389' title='bbox 2594 4238 2800 4307; x_wconf 88' lang='lat' dir='ltr'>corde</span> 
     </span>
     <span class='ocr_line' id='line_1_46' title="bbox 249 4324 2795 4417; baseline -0.001 -22"><span class='ocrx_word' id='word_1_390' title='bbox 249 4328 674 4417; x_wconf 88' lang='lat' dir='ltr'>compuncti,</span> <span class='ocrx_word' id='word_1_391' title='bbox 712 4337 990 4416; x_wconf 89' lang='lat' dir='ltr'>peccata</span> <span class='ocrx_word' id='word_1_392' title='bbox 1013 4347 1139 4396; x_wconf 90' lang='lat' dir='ltr'>sua</span> <span class='ocrx_word' id='word_1_393' title='bbox 1171 4326 1546 4405; x_wconf 81' lang='lat' dir='ltr'>FratribuS,</span> <span class='ocrx_word' id='word_1_394' title='bbox 1581 4337 1809 4395; x_wconf 88' lang='lat' dir='ltr'>tantae</span> <span class='ocrx_word' id='word_1_395' title='bbox 1839 4326 2080 4397; x_wconf 89' lang='lat' dir='ltr'>turbae</span> <span class='ocrx_word' id='word_1_396' title='bbox 2121 4326 2233 4395; x_wconf 84' lang='lat' dir='ltr'>vix</span> <span class='ocrx_word' id='word_1_397' title='bbox 2265 4324 2795 4406; x_wconf 80' lang='lat' dir='ltr'>sufficientibuS,</span> 
     </span>
    </p>
   </div>
   <div class='ocr_carea' id='block_1_3' title="bbox 302 4450 1467 4496">
    <p class='ocr_par' dir='ltr' id='par_1_6' title="bbox 302 4450 1467 4496">
     <span class='ocr_line' id='line_1_47' title="bbox 302 4450 1467 4496; baseline -0.003 -1"><span class='ocrx_word' id='word_1_398' title='bbox 302 4455 327 4481; x_wconf 78' lang='grc'>*</span> <span class='ocrx_word' id='word_1_399' title='bbox 356 4451 630 4495; x_wconf 58' lang='lat' dir='ltr'>Brixia-uses</span> <span class='ocrx_word' id='word_1_400' title='bbox 649 4453 1022 4496; x_wconf 71' lang='lat' dir='ltr'>Cenomanorum</span> <span class='ocrx_word' id='word_1_401' title='bbox 1041 4452 1234 4495; x_wconf 63' lang='lat' dir='ltr'>Colonia</span> <span class='ocrx_word' id='word_1_402' title='bbox 1255 4463 1279 4493; x_wconf 84' lang='lat' dir='ltr'>e</span> <span class='ocrx_word' id='word_1_403' title='bbox 1299 4450 1467 4493; x_wconf 66' lang='lat' dir='ltr'>Gallia.</span> 
     </span>
    </p>
   </div>
  </div>
 </body>
</html>
