3357 4995
731 348 816 412 50
1315 363 1394 409 na
1442 362 1533 411 ss.
1589 362 1705 410 un.
1759 360 1954 410 ramo
2002 361 2079 409 m·
2125 359 2518 409 manentum
2882 344 3036 411 JUN
3046 345 3108 411 11
3145 347 3197 410 -2

640 460 706 518 et
755 446 1195 539 lampadibus
1245 447 1495 517 iterum
1545 467 1695 519 esse
1743 444 2247 534 torquendum:
2301 445 2419 515 sed
2470 443 2557 515 ad
2608 445 2846 535 palum
2895 468 3053 517 cras
3113 447 3198 517 li-

689 537 940 617 aberis,
995 535 1436 623 ferarumque
1485 535 1834 607 morsibus
1884 535 2248 615 lacertum,
2299 533 2511 603 vitam
2561 534 2862 616 amittes,
2899 535 2958 607 si
2991 535 3199 606 hodie

641 561 778 696 giis
811 623 1199 695 sacrificare
1219 624 1790 715 contempseris.»
1821 623 2201 714 Respondit
2223 628 2486 693 Petrus:
2520 626 2734 693 «Cum
2769 623 2865 693 sis
2897 628 3199 695 Serenus

644 714 945 796 nomine,
1022 724 1241 785 totum
1314 725 1377 784 te
1424 713 1870 783 tenebrosum
1918 724 1984 781 et
2032 723 2282 783 tetrum
2334 723 2538 799 atque
2603 710 2930 782 nubilum
2995 712 3201 784 factis

638 802 980 884 ostendis:
1033 815 1291 872 etcum
1343 801 1550 871 homo
1599 801 1697 871 sis
1739 800 2072 882 mortaliS‚
2112 820 2369 893 poenas
2417 812 2680 870 atroces
2706 799 3031 883 intentas,
3071 804 3200 872 mi-

639 892 749 962 nis
812 904 877 962 et
926 889 1306 961 terroribus
1370 902 1433 959 te
1480 889 2049 1048 Berturbaturum
2100 910 2390 979 sperans
2445 888 2913 959 immortalem
2980 889 3192 960 fidem

638 1002 814 1069 quae
862 993 1105 1070 regnat
1149 977 1223 1047 in
1262 978 1476 1048 menti
1529 1001 1611 1050 us
1655 978 2229 1050 Christianorum.
2284 983 2458 1047 Tum
2507 976 2713 1047 etiam
2766 980 3026 1048 summi
3081 982 3199 1050 Dei

641 1069 1063 1140 sacerdotem
1102 1066 1603 1149 Marcellinum,
1648 1088 1857 1155 quem
1892 1077 1955 1137 te
1982 1088 2252 1169 rogare,
2285 1065 2669 1156 oportebat,
2723 1078 2802 1136 ut
2848 1066 2951 1137 tui
2985 1067 3198 1151 mise-

640 1167 929 1237 reretur,
986 1169 1053 1226 et
1098 1167 1321 1226 oraret
1369 1177 1494 1246 pro
1526 1167 1612 1237 te,
1646 1168 1728 1227 ut
1754 1154 2261 1226 incredulitatis
2300 1166 2460 1225 tuae
2489 1154 2908 1226 criminibus
2956 1177 3199 1246 posses

641 1245 929 1327 absolvi,
985 1245 1243 1336 pugnis
1289 1243 1484 1314 caedi
1532 1244 1837 1326 voluisti,
1889 1256 1956 1314 et
2000 1243 2153 1314 diro
2211 1242 2475 1313 carceri
2524 1242 2980 1334 mancipasti:
3055 1266 3199 1333 quo

640 1335 921 1424 quidem
961 1334 1241 1404 nomine
1288 1332 1408 1402 ille
1445 1331 1785 1435 gloriatur
1820 1345 1887 1402 et
1934 1332 2212 1423 gaudet,
2263 1344 2330 1403 te
2361 1342 2591 1402 autem
2633 1331 2865 1404 luctus
2901 1334 3197 1424 excipiet

640 1423 1125 1512 sempiternus.
1164 1444 1202 1488 »
1243 1421 1365 1494 His
1411 1421 1615 1494 dictis
1647 1422 1854 1491 etiam
1883 1425 2160 1492 Petrum
2185 1420 2400 1522 jussit
2447 1425 2744 1491 Serenus
2793 1421 2863 1491 in
2917 1422 3198 1493 vincula

640 1512 917 1602 conjici,
970 1524 1035 1580 et
1083 1509 1292 1600 pedes
1358 1510 1508 1601 ejus
1557 1510 1629 1579 in
1689 1510 1895 1602 cippo
1942 1510 2329 1581 arctissime
2393 1509 2801 1611 constringi.
2856 1515 3022 1582 Cum
3095 1513 3197 1584 sic

642 1612 874 1670 autem
909 1598 1294 1668 abinvicem
1352 1599 1651 1689 separati
1698 1610 1949 1683 essent,
2002 1610 2066 1669 et
2119 1597 2563 1669 Marcellinus
2609 1598 2892 1686 quidem
2955 1600 3196 1685 nudus

640 1692 710 1759 in
764 1688 996 1758 vitreis
1027 1687 1433 1789 fragmentis
1454 1689 1737 1778 jaceret,
1775 1693 2013 1759 Petrus
2052 1708 2209 1757 vero
2258 1687 2330 1757 i'n
2378 1687 2442 1757 ci
2498 1704 2585 1778 po
2635 1699 3016 1759 teneretur:
3072 1712 3198 1758 an-

640 1778 839 1869 gelus
888 1777 1159 1847 Domim
1208 1777 1532 1867 apparuit
1593 1775 1987 1846 Marcellino
2034 1775 2300 1854 oranti,
2351 1775 2425 1845 in
2480 1776 2721 1863 uitque
2767 1797 2929 1847 eum
2987 1778 3198 1848 vesti-

642 1866 894 1936 mentis
943 1865 1189 1956 ipsiuS,
1243 1877 1308 1935 et
1353 1865 1526 1935 dixit
1561 1865 1662 1935 ei:
1719 1869 2014 1952 Sequere
2078 1886 2213 1935 me.
2268 1868 2575 1950 Sequens
2613 1886 2784 1955 ergo
2826 1864 3187 1957 angelum,

641 1955 1033 2046 ingreditur
1074 1976 1237 2025 cum
1288 1976 1391 2035 e0‚
1430 1954 1553 2024 ubi
1599 1959 1841 2024 Petrus
1873 1952 1942 2023 in
2004 1952 2209 2045 cippo
2239 1965 2306 2022 et
2351 1951 2532 2023 ferro
2566 1954 2839 2024 vinctus
2877 1976 3195 2026 asserva-

642 2044 889 2114 batur:
923 2057 1177 2113 etcum
1214 2041 1413 2113 illum
1464 2063 1741 2130 quoque
1773 2042 2178 2113 absolvisset
2210 2041 2527 2137 angeluS,
2560 2042 2782 2131 Jussit,
2826 2045 3073 2115 ambos
3121 2067 3197 2114 se

644 2133 883 2220 sequi:
937 2142 1142 2219 atque
1176 2131 1269 2200 ita
1301 2131 1554 2222 pariter
1584 2144 1919 2201 venerunt
1964 2131 2036 2200 in
2072 2130 2360 2201 domum
2393 2130 2724 2211 illam‚.in
2772 2152 2911 2219 qua
2963 2131 3196 2224 bapti-

642 2222 776 2292 zati
814 2242 1056 2290 omnes
1090 2219 1516 2290 unanimiter
1560 2220 1631 2288 in
1678 2240 1915 2310 preces
1975 2219 2494 2290 incumbebant.
2533 2219 2849 2307 Dixitque
2897 2222 3196 2322 angelus

642 2310 728 2379 ad
770 2330 910 2392 eos,
964 2321 1042 2379 ut
1075 2308 1323 2378 diebus
1378 2329 1450 2377 se
1504 2320 1638 2378 tem
1687 2307 2179 2379 confirmarent
2228 2307 2593 2399 populum,
2652 2308 2776 2397 qui
2819 2315 2949 2398 'per
3003 2332 3198 2400 ipsos

645 2398 1114 2469 crediderant:
1168 2419 1247 2467 ac
1278 2397 1436 2467 dein
1492 2420 1528 2467 e
1574 2396 2012 2467 ostenderent
2045 2418 2118 2466 se
2150 2401 2403 2467 Sereno
2441 2396 2727 2467 vicario.

733 2490 770 2577 ξ
819 2492 912 2560 6.
965 2492 1240 2557 Postero
1296 2484 1408 2555 die
1471 2484 1840 2556 mittuntur
1899 2484 2186 2574 quidam
2251 2486 2339 2557 ad
2400 2507 2771 2572 carcerem,
2839 2499 2906 2558 et
2966 2508 3191 2575 neque

646 2576 1124 2647 Marcellinum
1176 2596 1399 2677 neque
1444 2579 1720 2644 Petrum
1773 2575 2156 2657 inveniunt,
2209 2575 2420 2663 idque
2464 2575 2699 2646 Judici
2746 2576 3192 2646 renunciant.

639 2672 831 2737 Tunc
876 2665 1099 2735 Judex
1158 2663 1367 2734 acclri
1422 2662 1622 2751 jubet
1687 2663 2112 2734 Arthemium
2161 2674 2227 2734 et
2271 2685 2556 2734 uxorem
2605 2665 2757 2755 ejus
2806 2664 3192 2736 Candidum

642 2777 805 2826 cum
853 2753 998 2824 filia
1068 2752 1354 2823 Paulina
1426 2752 1721 2843 virgine:
1776 2773 2074 2853 cumque
2121 2752 2505 2834 venissent,
2557 2773 2808 2845 urgere
2853 2775 2971 2823 eos
3034 2775 3198 2824 coe-

643 2845 766 2935 pit,
805 2856 881 2914 ut
927 2842 1062 2912 diis
1110 2841 1602 2914 sacrificarent.
1646 2846 1722 2911 At
1755 2841 1856 2911 illi
1889 2840 2247 2911 dixerunt:
2288 2864 2325 2908 «
2367 2846 2500 2912 Nos
2530 2842 2905 2913 Dominum
2940 2848 3192 2913 ‚Iesum

645 2931 991 3003 Christum
1041 2930 1477 3011 confitemur,
1516 2929 1766 3000 Filium
1804 2930 1932 3000 Dei·
1951 2930 2115 3000 vivi:
2168 2942 2234 3000 et
2278 2929 2435 3000 ideo
2482 2929 2681 3001 nulla
2725 2930 2994 3001 ratione
3033 2953 3197 3022 pos-

642 3042 890 3091 sumus
938 3018 1437 3089 sacrificiorum
1503 3032 1884 3090 vestrorum
1958 3019 2096 3089 ritu
2163 3040 2287 3089 nos
2336 3018 2670 3108 polluere.
2701 3042 2737 3086 »
2793 3024 2922 3089 Eos
2981 3019 3003 3088 i
3058 3020 3201 3091 itur

644 3130 885 3179 omnes
933 3111 1227 3179 Serenus
1254 3107 1454 3197 jubet
1503 3109 1609 3179 via
1646 3107 1920 3178 Aurelia
1963 3108 2309 3177 immensa
2349 3107 2680 3179 ruderum
2732 3107 2912 3178 mole
2959 3129 2999 3177 o
3054 3109 3191 3178 rui.

733 3199 769 3285 ξ
816 3200 894 3268 2.
951 3201 1042 3266 Ea
1090 3208 1320 3266 autem
1369 3197 1563 3278 hora,
1626 3218 1765 3283 qua
1814 3196 1899 3266 ad
1951 3196 2340 3287 passionem
2401 3196 2616 3279 ibant,
2657 3196 2728 3266 in
2759 3196 3001 3266 eodem
3043 3195 3198 3267 loco

644 3285 1010 3356 ChristIani
1048 3306 1287 3355 omnes
1334 3296 1786 3357 occurrerunt
1816 3285 2073 3355 sanctis
2100 3283 2495 3354 Marcellino
2521 3296 2587 3356 et
2616 3290 2834 3356 Petro.
2869 3285 3198 3357 videntes

644 3387 876 3444 autem
924 3373 1253 3445 officiales
1308 3387 1372 3444 et
1418 3374 1780 3444 carnifices
1830 3385 1969 3442 tam
2020 3374 2318 3444 multum
2367 3374 2749 3465 populum,
2821 3372 3191 3466 fugerunt:

643 3463 1016 3556 currebant
1094 3485 1248 3533 vero
1298 3475 1450 3554 post
1497 3485 1613 3533 eos
1667 3461 1954 3551 quidam
1995 3463 2312 3553 Juniores
2358 3484 2395 3532 e
2445 3462 2703 3554 populo
2744 3462 2884 3545 Dei,
2951 3474 3198 3535 tenue-

575 3595 585 3607 ·
641 3566 944 3640 runtque
1000 3552 1157 3634 eos,
1210 3566 1275 3622 et
1323 3551 1598 3622 blandis
1664 3551 2103 3621 sermonibus
2151 3549 2535 3623 invitabant
2592 3550 2680 3622 ad
2745 3551 2980 3621 fidem.
3060 3554 3194 3624 Sed

642 3663 801 3712 cum
855 3641 1115 3711 nollent
1160 3641 1461 3720 credere,
1528 3639 1796 3710 tamdiu
1829 3662 1868 3708 a
1899 3641 2174 3731 populo
2223 3640 2465 3710 retenti
2513 3653 2700 3722 sunt,
2754 3639 2974 3712 donec
3035 3642 3198 3712 Mis-

644 3752 753 3799 sas
786 3730 1034 3800 faceret
1085 3735 1149 3799 S.
1206 3729 1643 3799 Marcellinus
1696 3730 2054 3819 presbyter
2101 3730 2171 3799 in
2222 3741 2486 3819 crypta,
2534 3729 2603 3798 in
2657 3750 2797 3817 qua
2848 3728 3196 3820 puniendi

640 3832 835 3889 erant
885 3820 1128 3890 sancti.
1176 3823 1480 3905 Cumque
1527 3817 1869 3907 completa
1914 3832 2144 3888 essent
2205 3841 2382 3906 quae
2415 3818 2530 3887 Dei
2580 3830 2765 3899 sunt,
2802 3818 3010 3909 Jussu
3039 3840 3198 3909 pre-

640 3909 895 3997 sbyteri
942 3908 1170 3977 omnis
1214 3928 1296 3997 po
1354 3906 1514 3977 ulus
1543 3907 1910 3977 abscessit:
1965 3906 2278 3993 factoque
2311 3907 2607 3990 silenti0,
2644 3907 2867 3977 sancti
2905 3908 3195 3988 Marcel-

641 3998 830 4069 linus
877 4011 942 4066 et
990 4003 1229 4066 Petrus
1327 3995 1599 4079 ixerunt
1637 3996 1725 4065 ad
1774 4018 1890 4065 eos
1951 3997 2073 4084 qui
2102 3995 2770 4071 crederenolebant:
2804 4018 2840 4061 «
2874 4000 3047 4066 Ecce
3119 3999 3194 4070 in

640 4098 970 4186 potestate
1021 4095 1254 4155 nostra
1287 4084 1439 4163 fuit,
1477 4097 1554 4154 ut
1588 4082 2018 4155 laederemus
2052 4107 2191 4165 voS,
2231 4106 2453 4172 neque
2487 4096 2714 4155 tamen
2758 4085 2826 4153 id
2865 4083 3189 4156 fecimus:

639 4198 709 4244 in
765 4186 1090 4264 potestate
1146 4185 1378 4243 nostra
1428 4173 1576 4252 suit,
1630 4187 1709 4244 ut
1758 4173 2156 4243 tolleremus
2202 4194 2238 4242 e
2287 4173 2614 4245 manibus
2662 4173 2901 4243 vestris
2950 4175 3194 4245 Arthe-

639 4265 859 4332 mium
903 4275 967 4331 et
1000 4260 1404 4341 Candidam,
1468 4261 1824 4350 filiamque
1875 4262 2235 4353 virginem,
2283 4277 2406 4332 nec
2456 4260 2769 4332 fecimus.
2817 4267 2931 4332 Est
2977 4263 3191 4333 etiam

642 4353 713 4420 in
779 4361 1107 4441 potestate
1158 4363 1429 4431 nostra,
1483 4364 1560 4421 ut
1609 4352 1665 4422 si
1726 4351 2060 4430 velimuS‚
2128 4351 2288 4420 hinc
2348 4351 2538 4422 abire
2609 4351 2997 4442 possimus,
3071 4353 3189 4421 Dei

584 4445 589 4454 “
642 4440 863 4531 gratia
911 4439 975 4507 id
1031 4451 1305 4530 agente:
1362 4439 1478 4510 sed
1530 4462 1752 4528 neque
1802 4441 1930 4510 hoc
1995 4439 2313 4524 facimus.
2387 4440 2564 4522 Quid
2637 4461 2753 4510 vos
2823 4440 3036 4530 igitur
3098 4441 3187 4510 ad
