3357 4995
719 325 850 391 578
1468 343 1547 390 nn
1594 342 1650 392 s.
1703 341 2066 390 Amtmro
2113 342 2336 390 mvlu
2816 325 3036 391 JUNII
3084 327 3175 391 25

628 427 816 517 quod
862 425 1056 497 dictu
1084 425 1342 496 mirum
1380 436 1505 509 est,
1545 426 1667 497 ubi
1716 425 2145 497 incredibilis
2177 448 2352 518 pene
2397 437 2499 496 est
2529 424 2663 496 laci
2703 424 3165 517 profunditaS,

628 537 768 587 non
809 515 945 584 nisi
984 513 1072 584 ad
1120 513 1481 606 cingulum
1531 537 1758 604 usque
1787 514 2008 616 mergi
2037 515 2282 607 potuit,
2334 526 2400 586 et
2457 527 2608 585 tum
2665 514 2835 606 ipse,
2897 526 3047 587 tum
3084 538 3172 586 ea

626 604 861 677 omnia
887 625 1066 692 quae
1094 625 1309 674 curru
1340 603 1784 686 vehebantur,
1870 603 2210 674 ericulum
2261 602 2437 674 illud
2476 625 2775 674 evasere.

714 696 751 783 §
797 697 947 766 13.
997 697 1139 764 Non
1202 703 1363 763 sunt
1424 704 1655 763 autem
1721 694 1809 764 ob
1839 692 2051 765 ivioni
2117 692 2445 763 tradenda
2507 713 2687 780 quae
2734 693 3170 784 temporibus

627 780 1026 854 Theudorici
1051 781 1378 883 junioris,
1429 781 1550 869 qui
1597 781 1729 852 fuit
1773 781 1947 872 ejus,
1998 803 2207 870 quem
2256 781 2587 863 diximuS,
2622 781 2902 852 Comitis
2941 781 3162 864 fitius,

625 870 893 962 nosipsi
937 869 1242 942 vidimus
1278 869 1623 941 declarata
1651 871 2014 941 miracula.
2067 875 2136 940 Is
2167 871 2357 941 enim
2399 883 2723 961 paternae
2779 869 3166 942 devotionis

624 959 1171 1031 ferventissimus
1227 958 1647 1041 aemulator,
1707 960 1781 1028 in
1830 960 2163 1030 honorem
2221 964 2288 1030 S.
2354 957 2700 1029 Adalberti
2746 958 3169 1032 confessoris

627 1049 899 1130 Christi,
943 1047 1305 1118 basilicam
1334 1046 1680 1138 lapideam
1722 1068 1860 1119 non
1893 1047 2043 1119 sine
2070 1047 2288 1118 multa
2318 1046 2730 1119 difficultate
2749 1050 3163 1119 construxit:

624 1137 885 1229 quippe
921 1159 1083 1207 cum
1132 1135 1336 1207 tellus
1382 1135 1551 1206 haec
1598 1157 1888 1209 arenosa
1934 1149 2001 1206 et
2051 1135 2364 1227 lapidum
2411 1149 2479 1207 et
2522 1136 2736 1207 calcis
2781 1136 3166 1209 admodum

626 1226 829 1317 inops
861 1226 969 1296 sit.
1005 1229 1244 1316 Ipsum
1290 1245 1564 1312 quoque
1610 1225 1791 1296 beati
1820 1225 1950 1295 viri
1982 1247 2237 1317 corpus
2261 1225 2690 1316 sarcophago
2722 1225 3163 1316 impositum,

624 1314 957 1407 elegantis
1002 1313 1301 1402 fabricae
1347 1317 1694 1384 structura
1739 1314 2028 1395 ornavit,
2081 1325 2147 1385 et
2200 1336 2284 1384 ne
2330 1312 2501 1402 quid
2571 1313 2759 1405 apud
2808 1318 3028 1386 Deum
3078 1314 3167 1385 de

625 1403 897 1475 futurae
964 1400 1411 1472 beatitudinis
1459 1402 1766 1493 praemio
1813 1403 1918 1473 illi
1965 1402 2251 1485 deesset,
2306 1403 2725 1473 monasticae
2790 1403 2967 1474 vitae
3015 1403 3168 1474 cul-

626 1504 807 1564 tores
851 1490 994 1561 illic
1044 1495 1174 1560 Deo
1244 1512 1483 1560 vacare
1527 1491 1766 1571 voluit,
1831 1490 1918 1562 de
1980 1491 2129 1562 suis
2184 1492 2627 1583 proventibus
2693 1502 2963 1563 tantum
3016 1490 3163 1562 illis

624 1580 1007 1661 conferens,
1048 1591 1388 1667 quantum
1421 1577 1509 1649 ad
1542 1580 1800 1650 victum
1848 1580 2332 1667 quotidianum
2367 1578 2736 1652 sufficeret.
2769 1584 2964 1651 Pater
3001 1581 3165 1668 qui-

625 1668 782 1739 dem
830 1668 1022 1739 illius
1068 1667 1625 1738 sanctimoniales
1650 1667 1795 1738 illic
1822 1668 2221 1740 collocarat:
2274 1667 2394 1739 sed
2444 1668 2851 1739 imminente
2877 1669 2979 1740 eis
3010 1691 3169 1740 sae-

624 1758 784 1849 pius
823 1757 1184 1828 Frisonum
1233 1755 1516 1839 feritate,
1553 1756 1640 1827 ad
1675 1757 2008 1849 propositi
2046 1757 2157 1828 sui
2193 1757 2696 1829 observantiam
2738 1755 3033 1829 facultas
3062 1759 3167 1828 eis

626 1846 916 1917 minime
963 1844 1471 1936 suppeditabat.

711 1937 749 2022 §
794 1940 937 2008 14.
990 1939 1195 2004 Porro
1243 1934 1706 2005 Theodoricus
1753 1939 1989 2006 Comes
2025 1934 2289 2025 junior,
2341 1933 2569 2004 filium
2620 1935 2862 2025 genuit
2907 1935 3164 2027 Egber-

625 2034 808 2105 tum,
876 2044 1082 2111 quem
1132 2021 1360 2092 studio
1416 2022 1769 2113 religionis
1816 2024 1887 2092 in
1939 2023 2209 2093 Clerum
2264 2022 2482 2093 voluit
2533 2023 2814 2093 ascribi.
2880 2027 2947 2094 Is
2994 2046 3157 2096 vero

624 2114 958 2202 Egbertus
990 2112 1131 2200 jam
1167 2110 1472 2192 adultuS,
1516 2132 1675 2181 cum
1728 2110 2207 2183 Subdiaconus
2253 2122 2454 2192 esset,
2507 2133 2549 2181 a
2597 2111 2710 2182 die
2759 2110 3159 2184 Palmarum

624 2222 846 2289 usque
878 2200 963 2270 ad
1014 2199 1216 2269 ferias
1264 2204 1330 2269 S.
1382 2199 1727 2270 Adalberti
1776 2200 1987 2291 hujus
2032 2222 2211 2289 quae
2259 2199 2579 2271 incidunt
2644 2201 2717 2270 in
2778 2201 3157 2291 septimum

625 2288 956 2360 calendas
1001 2287 1194 2370 sulii,
1268 2289 1411 2359 acri
1461 2287 1648 2359 febre
1694 2287 2048 2360 laboravit.
2102 2293 2271 2359 Cum
2340 2299 2572 2360 autem
2637 2288 2887 2359 festum
2950 2288 3160 2361 illum

625 2378 811 2449 diem
843 2399 1003 2448 cum
1039 2377 1324 2447 caeteris
1345 2377 1690 2447 celebrare
1728 2378 2220 2458 constituisset,
2259 2376 2519 2448 fiducia
2569 2377 2972 2449 meritorum
2998 2402 3161 2449 san-

625 2466 918 2539 ctissimi
966 2465 1383 2537 Confessoris
1428 2465 1665 2550 fretus,
1720 2466 1815 2537 ita
1860 2488 2146 2558 prorsus
2192 2488 2272 2538 eo
2312 2467 2554 2538 morbo
2599 2467 2961 2538 absolutus
3013 2482 3153 2551 est,

623 2569 700 2626 ut
747 2577 1103 2642 nunquam
1154 2553 1271 2625 illo
1318 2577 1510 2626 corre
1563 2568 1672 2626 tus
1718 2555 2095 2637 videretur;
2165 2554 2520 2645 multaque
2589 2555 2936 2627 hilaritate
3000 2580 3157 2649 per·

621 2642 846 2726 fusuS‚
900 2644 986 2714 ad
1018 2644 1377 2714 Missarum
1430 2666 1504 2715 so
1534 2644 1767 2714 emnia
1795 2645 1904 2715 sui
1937 2645 2297 2733 ministerii
2343 2645 2771 2716 devotionem
2803 2645 3146 2717 adhibuit.

623 2734 748 2804 Hic
794 2743 897 2803 est
942 2733 1275 2823 Egbertus
1307 2732 1445 2815 ille,
1478 2732 1600 2820 qui
1627 2743 1858 2823 postea
1896 2733 1968 2802 in
1996 2734 2462 2804 Trevirensem
2494 2746 2853 2824 promotus
2882 2734 3162 2805 Archie-

623 2823 1011 2923 piscopum,
1069 2834 1215 2891 tum
1274 2821 1704 2893 vivacissimo
1745 2821 2099 2913 religionis
2146 2821 2412 2904 ardore,
2458 2833 2606 2893 tum
2653 2823 2970 2915 egregiae
3003 2846 3158 2894 mo·

621 2910 996 2982 derationis
1022 2908 1390 2980 libramine
1417 2932 1567 2980 eam
1603 2910 2012 3000 gubernavit
2040 2909 2441 2981 Ecclesiam.
2495 2911 2685 2982 Idem
2736 2933 2891 2983 vero
2916 2916 3160 2983 Comes

624 2999 1083 3069 Theodoricus
1132 2997 1347 3067 filiam
1397 2999 1641 3070 habuit
1687 2998 2035 3090 imprimis
2088 2999 2396 3082 charam,
2454 2999 2806 3071 Erlindam
2871 3002 3158 3072 nomine

620 3110 798 3176 quae
844 3088 966 3158 diu
1000 3088 1192 3157 lusca
1240 3085 1392 3157 fuit.
1447 3092 1538 3157 Ea
1569 3108 1845 3188 quoque
1891 3088 2111 3159 sancti
2165 3086 2508 3161 Adalberti
2540 3101 2817 3180 experta
2861 3100 2964 3160 est
3009 3090 3156 3159 vir—

622 3188 860 3247 tutem.
911 3176 1040 3259 Qui
1088 3197 1245 3246 vero
1292 3175 1485 3246 illam
1547 3197 1650 3246 v1r
1696 3187 1978 3247 sanctus
2025 3176 2425 3267 negligeret,
2479 3188 2575 3250 tot
2623 3177 2711 3247 ab
2756 3178 2911 3269 ejus
2959 3190 3159 3271 patre

621 3264 849 3335 modis
880 3265 1302 3334 honoratus?
1348 3263 1627 3355 Recepit
1651 3285 1817 3355 ergo
1838 3264 2119 3336 oculum
2145 3265 2594 3349 incolumem,
2639 3265 2799 3357 plus
2837 3267 3158 3358 gaudens

621 3353 741 3425 illo
793 3354 1135 3434 restituto,
1187 3375 1396 3440 quam
1452 3352 1512 3422 si
1572 3375 1930 3440 nunquam
1978 3353 2129 3443 ejus
2179 3376 2318 3426 usu
2377 3355 2734 3426 caruisset.
2795 3356 3161 3447 Presbyter

621 3442 906 3530 quidam
953 3465 1032 3512 ex
1065 3442 1439 3532 Anglorum
1534 3453 1689 3512 ente
1735 3442 2124 3515 Wolmarus
2160 3442 2464 3528 nomine,
2515 3443 2603 3514 ad
2642 3443 2888 3536 viginti
2935 3466 3160 3518 annos

620 3552 866 3603 caecus
898 3531 1139 3602 fuerat.
1188 3529 1394 3601 Multa
1440 3530 1488 3599 il
1519 3551 1557 3600 e
1602 3542 1999 3601 sanctorum
2048 3530 2201 3603 loca
2248 3531 2440 3614 adiit,
2480 3533 2635 3634 ipsa
2678 3554 2956 3623 quoque
2983 3537 3160 3625 Apo·

623 3619 957 3693 stolorum
1014 3620 1257 3690 limina
1308 3626 1563 3690 Romae
1621 3620 1939 3692 visitavit.
1992 3624 2069 3690 At
2162 3621 2433 3692 uamvis
2464 3619 2702 3692 divina
2758 3622 3158 3714 benignitas

619 3730 743 3867 ger
772 3709 1012 3779 merita
1043 3709 1423 3799 Apostolica
1470 3707 1711 3778 multis
1758 3730 1961 3800 saepe
2011 3731 2121 3778 mo
2174 3710 2234 3779 is
2274 3731 2347 3780 se
2386 3708 2779 3793 declaravit,
2817 3723 2888 3783 at
2919 3724 3156 3784 tamen

669 3797 831 3886 ujus
876 3797 1006 3867 viri
1053 3798 1309 3870 sanitas
1350 3802 1416 3867 S.
1467 3796 1829 3868 Adalberto
1876 3810 2140 3868 servata
2185 3809 2310 3870 est.
2368 3802 2607 3886 Itaque
2659 3802 2880 3871 Roma
2925 3821 3157 3872 rever-

619 3898 791 3967 tenS‚
844 3886 967 3957 ubi
1014 3885 1347 3956 celebrem
1396 3886 1546 3976 ejus
1614 3885 1872 3957 famam
1920 3908 2074 3957 com
2126 3886 2277 3968 erit,
2330 3886 2759 3979 Egmondam
2809 3887 3017 3971 venit,
3073 3911 3159 3961 ex

615 3975 801 4046 fonte
858 3975 1000 4057 illo,
1053 3997 1256 4062 quem
1308 3974 1439 4045 sub
1488 3975 1668 4046 sacri
1726 3974 2034 4066 corporis
2119 3974 2336 4047 ocello
2379 3989 2735 4068 repertum
2800 3976 3145 4060 diximus,

618 4064 814 4136 tertio
861 4063 1097 4135 oculos
1135 4063 1377 4145 abluit,
1414 4075 1480 4133 et
1527 4062 1698 4133 vidit
1735 4063 2140 4135 clarissime.

701 4155 738 4242 §
784 4157 927 4225 15.
981 4157 1121 4222 Hac
1170 4173 1443 4240 quoque
1489 4162 1890 4244 tempestate
1927 4152 2254 4245 permulti
2302 4152 2511 4223 variis
2563 4153 2792 4225 affecti
2842 4155 3148 4238 morbis,

614 4242 957 4334 integram
1003 4240 1183 4312 beati
1237 4241 1364 4310 viri
1411 4241 1675 4312 meritis
1735 4243 2099 4313 sanitatem
2156 4263 2496 4333 recepere.
2533 4243 2866 4334 Inprimis
2913 4257 3152 4316 autem

615 4329 1045 4402 daemoniaci
1091 4329 1643 4401 efficacissimam
1695 4331 1846 4422 ejus
1891 4332 1962 4401 in
1997 4353 2071 4403 se
2118 4332 2432 4402 virtutem
2489 4333 2961 4423 experiuntur.
3016 4331 3154 4406 Nec

616 4420 901 4503 mirum,
954 4418 1192 4492 cedere
1224 4418 1328 4490 illi
1373 4417 1770 4502 daemones,
1815 4420 1963 4510 jam
2016 4442 2180 4492 cum
2235 4419 2499 4491 Christo
2548 4420 2888 4513 regnanti,
2939 4423 3153 4514 quus
