3357 4995
723 383 850 450 574
1473 402 1553 450 nn
1599 402 1654 450 s.
1710 400 2072 451 annnam-o
2120 402 2343 450 utrm
2823 385 2861 450 J
2867 383 2973 452 UN
2981 383 3049 449 11
3094 384 3195 450 25

633 498 711 557 ut
754 486 876 574 qui
922 485 1011 556 iis
1058 484 1391 557 omnibus
1430 484 1812 557 efficiendis
1845 508 2075 558 comes
2120 497 2187 557 et
2231 486 2506 578 adjutor
2552 485 2935 558 interfuerit
2981 484 3194 557 inde-

630 573 1047 666 fatigabilis:
1089 574 1236 665 jam
1336 595 1515 657 orro,
1571 579 1705 645 Deo
1742 572 2032 659 favente,
2068 574 2154 646 ad
2203 597 2283 646 ea
2331 597 2457 649 nos
2506 573 2966 657 conferemuS,
2996 596 3192 664 quae

633 663 1073 754 peculiariter
1117 662 1203 733 ad
1244 662 1292 733 il
1325 685 1443 733 um
1477 663 1792 734 attinent.

718 754 755 841 δ
799 757 887 827 4.
940 756 1177 839 Itaque
1222 752 1294 821 in
1342 750 1540 823 beato
1577 751 1937 823 Adalberto
1976 763 2165 823 tanta
2221 751 2353 823 fuit
2411 753 2700 823 comitas
2750 773 3053 834 morum,
3097 764 3188 823 ut

632 839 936 912 mirabili
983 839 1159 911 vitae
1205 841 1538 912 suavitate
1584 861 1826 914 omnes
1856 840 1945 912 ad
1974 841 2086 912 sui
2116 840 2568 913 imitationem
2601 840 2928 912 alliceret.
2964 839 3186 925 Quic-

629 928 798 1019 quid
826 950 1142 1000 sermone
1188 928 1583 1000 faciendum
1632 929 2056 1012 ostendebat,
2095 930 2293 1031 prius
2324 930 2473 1022 ipse
2498 928 2698 1002 factis
2745 928 3175 1010 declarabat,

630 1018 930 1088 maximo
972 1039 1043 1088 se
1091 1016 1501 1089 detrimento
1547 1018 1870 1089 affectum
1918 1019 2342 1101 existlmans,
2388 1019 2449 1089 si
2490 1041 2628 1089 non
2679 1021 2886 1091 verba
2938 1029 3004 1089 et
3064 1018 3182 1088 in-

630 1105 1018 1177 stitutiones
1051 1127 1214 1178 suas
1253 1127 1327 1176 re
1360 1105 1511 1208 ipsa
1539 1118 1604 1178 et
1631 1106 1965 1198 exemplis
2011 1107 2293 1209 optimis
2341 1107 2803 1179 confirmaret.
2839 1105 3180 1198 Inprimis

630 1207 861 1267 autem
910 1216 1105 1266 verae
1151 1194 1567 1266 humihtatis
1606 1194 1959 1268 studiosus
1989 1195 2153 1278 fuit,
2195 1206 2513 1269 asserens
2545 1197 2698 1289 ejtls
2726 1194 3081 1266 industria
3108 1207 3184 1265 et

628 1284 947 1355 cautione
990 1294 1257 1354 caetera
1303 1284 1539 1354 omnia
1584 1284 1998 1355 conservari.
2054 1289 2650 1377 Supervacaneum
2702 1285 2813 1367 sit,
2867 1283 3180 1356 hocloco

628 1372 784 1463 ejus
831 1372 1154 1444 eximiam
1204 1372 1374 1443 velle
1421 1372 1822 1444 charitatem
1878 1394 2443 1457 commemorare,
2495 1396 2658 1444 cum
2696 1395 2777 1444 ea
2815 1372 2923 1442 illi
2959 1395 3180 1444 causa

627 1461 874 1542 fuerit,
928 1461 1221 1552 patriam
1254 1516 1271 1544 ,
1315 1462 1745 1552 propinquos
1800 1473 1867 1532 et
1912 1461 2152 1533 dulces
2199 1463 2462 1554 patriae
2507 1462 2727 1543 fineS,
2784 1473 3180 1550 cunctaque

627 1548 877 1620 natalis
951 1548 1080 1619 soli
1125 1550 1489 1620 commoda
1536 1550 1994 1641 relinquendi.
2053 1556 2145 1622 Ne
2200 1551 2421 1622 simus
2475 1563 2706 1622 autem
2765 1549 3177 1641 prolixiores

626 1659 836 1726 quam
879 1659 1004 1729 par
1031 1637 1142 1720 sit,
1185 1637 1316 1709 hoc
1346 1639 1756 1730 compendio
1804 1638 2121 1711 retulisse
2167 1638 2486 1722 sufficiat,
2520 1640 2616 1711 ita
2662 1660 2822 1710 eum
2871 1639 3177 1731 singulis

626 1726 975 1797 initiatum
1022 1726 1417 1809 virtutibuS,
1452 1740 1530 1798 ut
1557 1749 1917 1817 nunquam
1943 1729 2031 1798 ab
2056 1728 2196 1800 illis
2241 1740 2539 1817 quatuor
2588 1727 2963 1819 primariis,
2993 1749 3175 1815 quas

627 1814 1015 1887 cardinales
1060 1828 1328 1898 vocant,
1381 1816 1763 1899 deflexerit,
1818 1839 2108 1906 eamque
2155 1817 2300 1889 viro
2349 1816 2788 1889 sanctissimo
2833 1816 3173 1908 spiritalis

627 1904 914 1975 militiae
961 1914 1361 1996 perpetuam
1409 1919 1614 1993 atque
1659 1905 2078 1978 indefessam
2124 1904 2341 1979 fuisse
2372 1904 2907 1988 contentionem,
2935 1904 3162 1976 donec

625 1992 850 2084 ipsam
897 1991 1161 2063 hostiae
1206 2014 1372 2064 suae
1418 2007 1719 2064 extrema
1769 1995 2055 2064 Domino
2094 1995 2505 2077 immolaret,
2545 1994 3029 2065 convenienter
3062 1994 3172 2064 illi

627 2081 1006 2154 sententiae
1032 2081 1399 2153 Salvatoris
1429 2105 1445 2149 ε
1477 2085 1611 2167 Qui
1624 2086 2162 2184 perseveraverit
2191 2106 2401 2176 usque
2430 2085 2502 2153 in
2530 2086 2755 2184 fine-m,
2792 2083 2901 2152 hic
2929 2085 3169 2153 salvus

625 2173 774 2239 erit.
828 2170 1186 2260 Ejusmodi
1231 2192 1393 2262 ergo
1455 2172 1751 2242 eximius
1804 2172 2006 2243 heros
2058 2172 2369 2242 munitus
2415 2184 2481 2242 et
2528 2183 2907 2242 lustructus
2954 2193 3168 2262 appa·

624 2270 846 2417 ramb
875 2280 1429 2347 quoquoversum
1496 2259 1946 2351 proficiscens
1977 2315 1993 2342 ,
2048 2260 2404 2332 lucrandis
2466 2260 2837 2331 animabus
2884 2281 3166 2352 operam

624 2369 800 2418 nava
850 2359 941 2418 ab

710 2438 748 2526 ξ
805 2441 893 2510 ὅ.
948 2435 1415 2529 Utplurimum
1479 2447 1709 2509 tamen
1755 2459 1836 2510 eo
1883 2438 1952 2508 in
2007 2437 2157 2509 loco
2203 2438 2550 2521 haerebat,
2602 2458 2808 2526 quem
2857 2442 3161 2529 Egmun-

622 2525 783 2596 dam
825 2538 1090 2608 vocant,
1128 2524 1216 2596 ad
1248 2527 1450 2618 cujus
1482 2549 1796 2598 recessus
1826 2527 1913 2597 ab
1940 2528 2341 2618 importuna
2371 2527 2734 2599 hominum
2777 2525 3162 2616 frequentia

620 2614 830 2684 veluti
896 2636 1048 2684 rece
1101 2625 1249 2684 tum
1302 2615 1676 2703 quemdam
1742 2616 1996 2687 habere
2043 2616 2234 2687 visus
2279 2628 2413 2687 est:
2458 2616 2581 2687 ubi
2628 2615 2807 2686 inter
2852 2613 3162 2704 complu-

621 2724 771 2784 reS,
824 2724 998 2791 quos
1069 2724 1222 2773 ama
1292 2705 1623 2774 virtutum
1672 2704 1823 2795 ejus
1871 2704 2238 2787 invitarat,
2292 2710 2478 2796 Eggo
2524 2703 2811 2792 quidam
2860 2703 2946 2774 ad
2993 2725 3156 2773 eum

618 2791 826 2873 venit,
881 2804 946 2861 et
991 2791 1182 2862 brevi
1228 2802 1536 2884 tempore
1581 2793 1651 2863 in
1703 2793 1855 2884 ejus
1893 2815 1965 2865 se
2010 2792 2548 2864 familiaritatem
2596 2792 3007 2874 insinuanS,
3042 2813 3159 2861 ac·

620 2892 854 2952 curate
887 2880 991 2950 illi
1025 2880 1358 2963 adhaesit,
1411 2880 1583 2952 adeo
1622 2892 1699 2952 ut
1735 2881 1841 2953 vir
1872 2881 1989 2952 Dei
2037 2903 2176 2951 non
2224 2903 2380 2953 raro
2425 2882 2579 2971 ejus
2608 2880 2905 2972 hospitio
2934 2894 3161 2952 utere-

620 2980 754 3050 tur,
808 2965 1130 3057 felicique
1165 2970 1728 3061 compensatione
1773 2972 1926 3062 ejus
1972 2972 2252 3042 meteret
2297 2970 2626 3052 carnalia,
2674 2970 2791 3040 cui
2821 2968 3164 3061 spiritalia

619 3057 1048 3128 seminabat:
1123 3070 1335 3146 utque
1404 3059 1584 3129 inter
1642 3059 1832 3160 ipsos
1888 3059 2186 3131 conflata
2230 3059 2532 3130 charitas
2578 3070 2644 3129 et
2687 3058 3163 3130 benevolentia

617 3157 795 3218 esset
843 3145 1333 3229 confirmatior,
1386 3146 1539 3237 ejus
1594 3146 1820 3218 fihum
1870 3169 1907 3217 e
1957 3169 2154 3218 sacro
2200 3148 2384 3219 fonte
2422 3147 2748 3239 suscepit,
2800 3159 2866 3218 et
2903 3158 2980 3217 ut
3034 3169 3161 3240 par

615 3245 796 3335 erat,
824 3233 1056 3335 ’etiam
1105 3233 1432 3326 pleraque
1485 3247 1746 3307 secreta
1792 3258 1918 3308 sua
1961 3258 2127 3307 cum
2172 3236 2293 3307 illo
2341 3236 2444 3307 vel
2485 3236 2782 3306 maxime
2842 3258 3161 3307 commu-

616 3333 891 3393 nlcavlt.
951 3327 1187 3412 Itaque
1241 3323 1353 3395 die
1404 3323 1709 3412 quodam
1767 3325 1944 3395 inter
1994 3325 2386 3396 cenandum
2420 3347 2585 3396 cum
2638 3346 2711 3395 se
2766 3325 3032 3395 mutuis
3077 3347 3160 3396 ex

615 3432 807 3481 more
856 3410 1220 3499 colloquiis
1266 3412 1709 3496 oblectarent,
1762 3414 1865 3483 vir
1930 3425 2212 3486 sanctus
2258 3412 2363 3484 illi
2408 3414 2633 3484 amico
2680 3436 2807 3484 suo
2849 3414 3155 3505 aperuit,

614 3499 788 3570 velle
834 3522 907 3570 se
948 3501 1239 3592 patriam
1277 3514 1733 3592 parentesque
1760 3503 2076 3586 revisere,
2113 3516 2191 3573 ut
2227 3513 2454 3595 posset
2478 3501 2683 3573 etiam
2715 3502 2855 3572 illis
2892 3501 3160 3590 aliquid

614 3589 874 3680 gratiae
901 3589 1233 3680 spiritalis
1258 3589 1617 3681 impertiri.
1644 3596 1723 3661 At
1748 3596 1957 3683 Eggo,
1984 3592 2195 3664 nimis
2213 3590 2492 3662 moleste
2517 3590 2739 3662 ferens
2762 3590 2931 3662 tanti
2950 3591 3162 3661 amici

615 3677 1025 3761 absentiam,
1064 3702 1227 3750 cum
1259 3677 1586 3771 lacrymis
1603 3680 1876 3751 curiose
1902 3703 1984 3751 ex
2007 3702 2087 3751 eo
2121 3680 2623 3762 sciscitabatur,
2660 3679 2747 3750 ad
2780 3679 2968 3781 quod
2988 3691 3157 3750 tem-

612 3787 748 3857 pus
793 3767 1144 3838 rediturus
1190 3779 1389 3840 esset.
1443 3773 1616 3841 Tum
1650 3769 1756 3839 vir
1803 3774 1935 3840 Deo
1985 3768 2258 3861 plenuS,
2309 3769 2460 3861 ejus
2494 3769 2649 3860 piae
2687 3767 3153 3840 sollcitudinis

612 3854 959 3939 misertus,
1014 3856 1477 3948 fragmentum
1516 3858 1731 3959 pomi,
1782 3857 1967 3946 quod
2002 3856 2171 3928 forte
2218 3879 2434 3929 manu
2481 3858 2774 3940 tenebat,
2814 3857 3156 3948 inignem

612 3943 1010 4034 projiciens:
1043 3950 1209 4016 Cum
1247 3946 1482 4047 hujuS,
1516 3946 1767 4035 lnquit,
1797 3945 1986 4038 pomi
2015 3969 2232 4039 grana
2264 3948 2335 4018 in
2367 3947 2666 4039 virgulta
2703 3946 3149 4028 excreverint,

612 4053 746 4115 me,
782 4036 914 4104 Deo
962 4035 1135 4104 bene
1175 4035 1509 4125 proplti0,
1539 4035 1665 4107 tibi
1715 4037 2110 4108 restitutum
2139 4036 2430 4106 videbis.
2470 4034 2725 4106 Deinde
2754 4047 3153 4126 susceptam

611 4120 1098 4212 profectionem
1149 4145 1597 4214 prosequenS,
1634 4146 1915 4196 emenso
1961 4125 2164 4208 mari,
2195 4125 2267 4195 in
2309 4125 2605 4216 patriam
2653 4124 2858 4205 venit,
2889 4124 3153 4211 diuque

610 4222 911 4303 optatam
961 4211 1072 4282 sui
1121 4212 1578 4303 praesentiam
1650 4213 1919 4285 nativae
1974 4214 2240 4307 regioni
2287 4213 2632 4285 exhibuit:
2698 4212 2981 4302 illicque
3028 4211 3154 4283 ali-

610 4300 926 4402 quandiu
973 4312 1304 4384 moratuS,
1363 4302 1591 4374 verbis
1635 4314 1705 4375 et
1749 4303 2082 4394 exemplis
2129 4324 2267 4373 non
2317 4324 2574 4395 paucos
2623 4301 2709 4372 ad
2759 4302 2872 4373 sui
2917 4301 3149 4372 imita-

610 4400 867 4461 tlonem
915 4389 1153 4462 illexit.
1199 4395 1482 4484 Semper
1527 4392 1716 4462 enim
1764 4392 1882 4463 Dei
1915 4392 2135 4485 gratia
2168 4391 2393 4463 virum
2434 4403 2778 4472 sanctum,
2808 4411 3151 4480 quocum-

608 4498 745 4566 que
792 4501 864 4550 se
910 4478 1267 4565 conferret,
1297 4493 1364 4553 et
1390 4479 1741 4573 praevenit
1768 4492 1835 4552 et
1881 4482 2248 4555 subsecuta
2292 4490 2416 4552 est.
2452 4484 2554 4553 Ita
2596 4502 2758 4572 ergo
2787 4477 3148 4552 lucrandis
