3357 4995
720 304 850 370 626
1497 321 1577 367 ns
1625 317 1682 366 s,
1737 318 1933 367 aaran
1978 319 2296 367 Arosroro
2830 302 2868 367 J
2879 302 3050 367 UNII
3096 303 3191 367 29

627 401 1029 482 conabatur,
1065 400 1177 471 hic
1224 421 1363 481 eoS,
1418 399 1540 487 qui
1588 400 2077 471 contumeliam
2111 399 2174 469 ei
2204 398 2569 480 faciebant,
2623 399 2939 488 repulsos
2986 403 3187 470 coer-

628 491 795 576 cuit,
834 502 901 561 et
947 490 1319 560 maximam
1370 487 1809 560 clementiam
1851 509 2337 578 summamque
2385 488 2890 559 humanitatem
2926 488 2995 557 in
3028 511 3192 559 eam

626 577 1021 650 declaravit.
1075 577 1202 648 Illa
1249 598 1408 648 vero
1464 577 1817 648 hominem
1861 600 1984 668 pro
2032 577 2223 647 illius
2246 598 2411 667 erga
2458 598 2531 646 se
2577 578 3194 648 commiseratione

626 669 1067 739 vehementer
1121 666 1533 758 amplexata,
1594 666 1776 737 bono
1831 666 2068 737 animo
2117 687 2268 736 esse
2314 665 2651 749 hortatur,
2705 688 2866 736 nam
2922 666 3018 736 ait
3066 689 3140 739 se
3169 721 3192 750 ‚

630 755 926 829 simulac
986 756 1206 828 abiret
1250 777 1289 825 e
1337 756 1498 837 vita,
1550 777 1591 824 a
1648 755 1939 826 Domino
1971 777 2100 826 suo
2144 755 2417 826 veniam
2465 767 2532 825 et
2585 755 2879 846 gratiam
2931 778 3057 846 pro
3102 778 3197 827 eo

630 844 1185 937 efflagitaturam,
1236 856 1303 916 et
1346 864 1484 915 non
1532 843 1657 914 diu
1706 857 1882 935 post,
1923 845 2075 935 ejus
2121 844 2192 913 in
2243 866 2318 915 se
2357 843 2600 914 merita
2620 844 2814 935 justa
2861 866 3198 915 remune-

631 935 895 1006 ratione
925 943 1553 1025 compensaturam.
1593 936 1774 1004 Haec
1802 955 1963 1019 cum
1995 932 2301 1014 dixisset,
2329 932 2482 1023 pice
2520 932 2804 1002 ferventi
2881 954 2955 1002 er
2986 934 3192 1004 varia

633 1035 702 1095 et
744 1023 1017 1094 diversa
1060 1022 1369 1114 corporis
1417 1021 1729 1093 membra
1776 1021 1862 1092 ab
1925 1022 2088 1092 imis
2136 1021 2432 1114 pedibus
2494 1043 2717 1110 usque
2776 1045 2815 1091 a
2929 1022 3190 1112 capitis

632 1112 955 1184 verticem
984 1111 1241 1184 sensim
1276 1134 1356 1182 ac
1385 1110 1800 1270 pedetentim
1828 1110 2106 1192 diffusa,
2155 1131 2488 1203 generoso
2533 1124 2598 1181 et
2643 1111 2910 1181 excelso
2943 1111 3190 1180 animo

634 1200 956 1293 migravit
1001 1222 1039 1270 e
1077 1200 1237 1271 vita.
1290 1205 1382 1271 Ta
1411 1223 1449 1271 e
1493 1211 1840 1271 certamen
1890 1199 1978 1270 ab
2008 1200 2138 1270 hac
2172 1198 2550 1291 percelebri
2598 1211 2671 1270 et
2711 1198 3014 1290 gloriosa
3046 1200 3192 1269 vir-

637 1290 800 1383 gine
845 1288 1236 1361 confectum
1275 1288 1427 1359 fuit.

722 1381 761 1467 ἓ
806 1383 899 1452 8.
952 1384 1096 1450 Non
1137 1376 1346 1470 longo
1371 1377 1700 1469 temporis
1746 1376 2106 1448 intervallo
2154 1376 2579 1469 interposite,
2619 1377 2977 1459 Basilides,
3014 1400 3190 1448 cum

637 1467 964 1539 satellites
1012 1465 1182 1537 socii
1229 1467 1343 1538 sui
1388 1480 1572 1537 certa
1597 1466 1684 1536 de
1711 1488 1925 1537 causa
1947 1466 2445 1556 jusjurandum
2482 1468 2570 1537 ab
2604 1466 2756 1557 ipso
2802 1467 3185 1558 exigerent,

637 1566 1107 1629 asseveranter
1137 1554 1460 1637 affirmat,
1501 1555 1787 1626 omnino
1819 1555 1952 1627 sibi
1985 1577 2122 1627 non
2175 1555 2380 1625 licere
2408 1554 2666 1626 ‘urarez
2712 1555 3195 1627 Christianum

636 1646 822 1717 enim
872 1666 944 1717 se
990 1666 1162 1726 esse,
1199 1656 1265 1715 et
1296 1644 1426 1715 hoc
1459 1665 1531 1714 se
1580 1643 1939 1735 propalam
1973 1643 2194 1716 fateri.
2232 1648 2311 1715 At
2339 1578 2442 1714 itii
2474 1644 2698 1736 primo
2745 1666 2905 1716 eum
2937 1645 3193 1715 etiam-

636 1756 806 1805 num
847 1733 1071 1822 JOcari
1106 1732 1463 1824 putabant.
1515 1738 1763 1804 Verum
1815 1732 1937 1803 ubi
1985 1732 2159 1804 illud
2195 1744 2591 1804 constanter
2636 1734 2903 1815 asserit,
2958 1733 3193 1803 abdu-

637 1823 820 1894 citur
856 1822 941 1892 ad
975 1821 1321 1904 Judicem,
1358 1835 1425 1894 et
1442 1842 1673 1892 coram
1725 1821 1845 1892 illo
1894 1822 2341 1893 intentionem
2373 1821 2752 1904 confessus,
2798 1822 2869 1892 in
2905 1822 3194 1893 vincula

635 1911 1024 2003 conjicitur.
1078 1915 1245 1981 Cum
1303 1910 1548 1981 fratres
1594 1911 1663 1980 in
1718 1911 2007 1981 Domino
2034 1911 2124 1981 ad
2157 1933 2315 1981 eum
2351 1910 2821 1993 adventarent,
2860 1933 3190 1982 causam-

638 2022 777 2159 }me
833 2000 1229 2091 repentinae
1284 2012 1351 2071 et
1396 1999 1831 2071 admirabilis
1887 2000 2100 2091 hujus
2165 2000 2568 2070 mutationis
2613 1999 3179 2082 sciscitarentur,

665 2102 856 2161 ertur
892 2088 1329 2180 respondisse
1353 2144 1370 2172 ,
1403 2088 1915 2159 Potamioenam
1965 2088 2196 2159 triduo
2227 2101 2379 2179 post
2417 2090 2826 2179 martyrium
2865 2101 3078 2161 noctu
3122 2090 3192 2159 ei

639 2178 1100 2261 assistentem,
1138 2199 1459 2249 coronam
1511 2176 1737 2268 ipsius
1774 2177 1985 2268 capiti
2031 2178 2473 2268 imposuisse,
2509 2177 2902 2266 dixisseque
2936 2200 3011 2249 se
3058 2200 3187 2270 pro

638 2288 718 2339 eo
766 2268 1056 2359 gratiam
1091 2290 1131 2338 a
1157 2267 1445 2337 Domino
1483 2265 1894 2357 postulasse,
1949 2266 2365 2357 postulatam
2407 2266 2821 2338 obtinuisse:
2853 2279 2920 2338 et
2952 2267 3194 2339 Domi-

639 2378 836 2439 num,
881 2377 1019 2428 non
1048 2355 1157 2426 lon
1213 2378 1254 2427 o
1284 2367 1591 2446 tempore
1672 2366 1801 2437 ost,
1837 2377 1997 2426 eum
2033 2354 2119 2426 ad
2156 2378 2351 2427 suam
2390 2355 2682 2447 gloriam
2713 2369 3186 2447 recepturum.

638 2450 797 2518 Post
843 2445 985 2530 illa,
1024 2444 1149 2516 ubi
1207 2456 1423 2532 ratres
1467 2442 1626 2537 sigil
1661 2466 1779 2516 um
1816 2445 1886 2514 in
1916 2444 2205 2516 Domino
2227 2445 2292 2515 ei
2332 2445 2871 2537 impertiverant,
2910 2457 3186 2536 postero

637 2534 751 2605 die
797 2535 1022 2607 securi
1071 2556 1466 2625 percussuS,
1519 2533 1876 2625 praeclara
1921 2534 2239 2624 martyrii
2266 2536 2522 2606 corona
2545 2534 2844 2606 donatus
2891 2547 3020 2607 est.
3055 2535 3186 2605 Alii

637 2624 801 2696 item
849 2623 1242 2715 complures
1295 2621 1743 2693 Alexandriae
1789 2622 2050 2693 eisdem
2099 2623 2569 2713 temporibu5‚
2634 2635 2873 2715 utpote
2918 2624 3184 2712 quibus

637 2714 1075 2783 Potamioena
1120 2710 1506 2783 secundum
1566 2711 1868 2798 quietem
1917 2711 2397 2803 apparuisset,
2453 2734 2707 2801 eosque
2753 2711 3002 2784 fuisset
3048 2714 3189 2783 im-

638 2823 851 2893 pense
896 2801 984 2871 ad
1032 2800 1150 2871 Dei
1181 2800 1469 2871 verbum
1518 2799 2051 2891 amplexandam
2086 2800 2464 2883 cohortata,
2516 2800 2910 2891 frequentes
2959 2801 3047 2872 ad
3101 2801 3190 2871 fi-

639 2891 796 2961 dem
845 2889 1095 2961 Christi
1140 2888 1514 2962 accessisse
1559 2901 2214 2961 commemorantur.

891 3165 1016 3267 DE
1082 3164 1161 3266 S.
1232 3163 1536 3267 PETRI
1600 3163 2346 3268 APOSTOLORUM
2398 3165 2930 3269 PRINClPlS

1172 3365 1785 3436 CONGRESSIONE
1832 3367 1998 3433 CUM
2049 3367 2353 3437 SIMONE
2416 3368 2640 3435 MAGO

1615 3528 1717 3594 ET
1766 3527 2188 3596 MARTYRIO

919 3720 1045 3772 PER
1090 3721 1440 3770 sensurum
1488 3702 1578 3770 De
1625 3700 1910 3770 Eoecz'dio
1945 3703 2372 3792 Jerosolym„
2416 3705 2488 3771 L.
2541 3705 2673 3782 ΙΙΙ,
2737 3706 2806 3773 C.
2845 3712 2910 3773 2.

1738 3867 1938 3924 Anno
1980 3868 2085 3924 67.

724 4039 763 4126 ἓ
809 4043 888 4112 1.
940 4042 1148 4108 Erant
1200 4041 1483 4111 Neronis
1545 4053 1678 4112 tem
1736 4043 1973 4113 oribus
2037 4048 2292 4114 Rornae
2348 4049 2586 4114 Petrus
2632 4055 2697 4114 et
2743 4042 3001 4113 Paulus
3061 4045 3183 4114 do-

638 4139 860 4197 ctores
908 4127 1449 4199 Christianorum
1479 4186 1494 4212 ‚
1549 4132 1680 4201 sub
1715 4133 1884 4201 imes
1931 4134 2259 4223 operibus
2288 4188 2303 4215 ,
2349 4133 2516 4203 clari
2568 4132 3006 4224 magisterio:
3059 4134 3184 4222 qui

637 4216 886 4318 virtute
906 4239 1211 4319 ‚suorum
1261 4241 1543 4320 operum
1602 4225 2086 4311 Imperatorem
2130 4222 2495 4292 adversum
2532 4220 2854 4303 fecerant,
2893 4233 3182 4312 captum

641 4328 828 4397 magi
856 4310 1155 4377 Simonis
1180 4306 1673 4390 dellnimentiS,
1704 4310 1824 4397 qui
1853 4309 1985 4380 sibi
2012 4310 2323 4381 animum
2354 4311 2503 4402 ejus
2529 4310 3032 4380 conciliaverat.
3059 4312 3184 4381 Cui

637 4394 1115 4486 adiumentum
1157 4395 1498 4481 victoriae,
1532 4399 1994 4489 subjectiones
2034 4401 2369 4490 gentium,
2412 4400 2586 4471 vitae
2622 4398 3177 4492 longaevitatem,
