3357 4995
644 272 769 337 6⁴4
1336 289 1417 336 m:
1468 287 1524 338 s.
1578 287 1902 338 SAursoun
1949 285 2323 338 nuonocuo
2750 269 2791 334 J
2796 267 2972 335 UNII
3018 267 3106 334 27

556 374 810 446 amoris
841 372 1345 465 magnitudine,
1400 396 1563 444 cum
1610 395 1865 465 corpus
1913 373 2095 444 beati
2131 371 2295 444 Zoili
2341 371 2765 443 demulceret
2814 369 3099 454 osculis,

559 476 763 551 atque
794 462 1162 554 indignum
1196 484 1270 533 se
1298 462 1661 553 judicans,
1706 474 1785 534 ut
1833 462 2159 533 manibus
2207 461 2355 533 suis
2392 461 2566 532 tanti
2617 461 2750 531 viri
2799 471 3112 552 tangeret

559 553 911 640 reliquias,
964 551 1216 634 subit0‚
1271 551 1654 623 osculando
1701 551 2039 635 crebriuS,
2083 551 2307 622 caruit
2354 550 2739 642 primorum
2792 549 3111 621 dentium

561 641 928 732 adjutorio.
982 645 1166 724 Quos
1213 640 1300 711 ad
1368 641 1509 712 oris
1555 640 1824 723 offici0,
1877 652 1956 712 ut
2028 640 2334 711 min'utos
2380 660 2533 712 esse
2589 637 2968 730 conspexit,
3034 637 3111 707 in

562 730 1011 831 sarcophagO,
1066 730 1189 800 ubi
1235 729 1365 799 viri
1413 752 1668 821 corpus
1718 731 2083 801 humatum
2133 729 2394 810 fuerat,
2469 729 2778 819 projecit.
2832 733 3114 798 Peracto

560 820 975 889 inventioms
1008 819 1361 907 obsequi0,
1414 819 1728 906 sequenti
1778 831 1975 889 nocte
2071 840 2146 888 er
2192 818 2421 890 visum
2472 822 2538 887 S.
2592 817 2821 888 Zoilus
2863 816 2959 888 ita
3007 815 3114 886 af-

558 908 740 979 fatus
776 920 877 978 est
922 909 1018 978 ei:
1059 913 1191 978 Cur
1230 930 1339 977 me
1388 909 1665 999 saepius
1716 908 2003 978 osculan
2058 930 2098 978 o
2153 907 2579 981 verberasti?
2618 907 2766 994 jam
2821 925 2949 997 pro
3008 905 3115 975 eis

556 1019 731 1085 quae
778 1020 819 1067 a
850 1019 958 1067 me
1008 1018 1418 1087 poposceras
1466 996 1897 1067 intercedens
1935 1019 1976 1067 a
2027 996 2312 1066 Domino
2343 1001 2511 1066 Jesu
2562 996 2833 1066 Christo
2881 995 3112 1085 impe-

554 1086 769 1169 trasti,
821 1096 886 1156 et
933 1107 1120 1156 nunc
1169 1096 1395 1158 certus
1433 1097 1598 1168 estc,
1634 1086 1800 1173 quia
1846 1085 2137 1157 dimissa
2184 1085 2307 1156 tibi
2348 1096 2514 1156 sunt
2544 1096 2849 1176 peccata.

1137 1329 1222 1429 S.
1292 1327 1785 1429 SAMSONIS
1853 1328 2507 1430 PRESBYTERI

713 1569 1131 1635 HOSPITUM
1180 1569 1685 1636 EXCEPTORIS
1737 1570 1918 1636 SIVE
1965 1569 2436 1637 XENODOCHI
2484 1568 2947 1637 NUNCUPATI

1700 1783 1949 1860 VITA

1341 2036 1627 2084 AUCTORE
1675 2038 1805 2084 sm.
1874 2036 2324 2085 METAPHRASTE

1025 2233 1296 2291 Floruit
1339 2235 1522 2290 saec.
1568 2235 1647 2289 V.
1692 2229 1920 2290 Patri&
1960 2231 2616 2302 constantinopolit.

642 2419 679 2504 ἓ
724 2422 801 2489 1.
856 2417 980 2486 Hic
1011 2438 1332 2508 magnus,
1370 2428 1434 2486 et
1459 2417 1662 2505 cujus
1697 2437 1974 2486 omnem
2017 2416 2251 2485 orbem
2286 2427 2505 2485 terrae
2554 2413 2851 2506 pervasit
2885 2414 3102 2499 fama,

565 2511 850 2576 Samson
879 2528 1101 2597 genus
1130 2506 1410 2594 quidem
1446 2505 1640 2577 duxit
1664 2529 1744 2575 ex
1771 2505 1891 2575 illa
1930 2505 2182 2575 celebri
2203 2517 2268 2574 et
2305 2504 2562 2605 inclyta
2599 2503 2834 2594 (nova)
2861 2510 3106 2575 Roma.

556 2599 759 2665 Ortus
805 2607 906 2665 est
953 2606 1183 2664 autem
1231 2617 1312 2664 ex
1361 2617 1497 2665 non
1547 2595 1975 2687 ignobilibus
2036 2615 2161 2664 nec
2209 2592 2615 2684 vulgaribus
2665 2593 3099 2683 parentibuS,

559 2683 678 2752 sed
718 2684 923 2753 etiam
956 2683 1153 2752 valde
1186 2683 1491 2753 honestis
1523 2697 1589 2753 et
1635 2683 1884 2753 claris:
1923 2691 2222 2770 quorum
2253 2704 2545 2773 magnae
2590 2682 2874 2769 quidem
2910 2693 3113 2752 erant

555 2795 760 2862 opes:
814 2772 1292 2862 gloriabantur
1339 2784 1565 2842 autem
1602 2795 1674 2842 se
1722 2794 1944 2863 genus
1989 2771 2240 2841 ducere
2292 2793 2373 2840 ex
2413 2773 2755 2861 sanguine
2795 2775 3112 2861 Impera-

561 2861 751 2931 toriS.
793 2861 919 2929 Sed
970 2884 1131 2931 cum
1182 2861 1307 2930 viri
1360 2860 1572 2951 hujus
1621 2861 1907 2930 maximi
1956 2882 2064 2930 res
2110 2872 2424 2929 externae
2473 2860 2566 2929 ita
2627 2882 2698 2930 se
2746 2859 3108 2942 haberent,

562 2972 783 3036 neque
833 2972 940 3019 res
988 2971 1261 3037 quoque
1295 2972 1458 3019 suas
1507 2950 1853 3020 habebant
1900 2950 2351 3049 contemptui.
2404 2948 2806 3031 Quomodo?
2835 2954 3001 3018 Nam
3043 2962 3116 3019 et

560 3038 835 3108 virtutis
884 3060 1207 3129 magnam
1280 3061 1518 3108 curam
1573 3040 1888 3129 gerebat,
1941 3052 2006 3108 et
2052 3036 2324 3107 divinae
2374 3037 2757 3127 scripturae
2827 3037 3112 3106 lectioni

554 3139 699 3196 erat
745 3127 1087 3197 intentus:
1141 3139 1205 3196 et
1240 3139 1566 3215 tanquam
1607 3126 2131 3217 jucundissimo
2153 3127 2310 3196 cibo
2356 3127 2420 3194 ei
2449 3125 2817 3216 diligenter
2847 3124 3112 3195 adhae-

557 3216 787 3286 rebat:
840 3227 906 3285 et
953 3217 1141 3287 brevi
1190 3228 1495 3306 tempore
1523 3216 1710 3285 venit
1733 3216 1816 3286 ad
1846 3238 2122 3285 omnem
2149 3215 2300 3306 ejus
2330 3215 2822 3305 cognitionem.
2851 3220 3109 3284 Verum

554 3321 713 3372 cum
758 3326 981 3390 neque
1030 3304 1416 3374 medicinae
1452 3328 1628 3393 quae
1676 3318 1823 3375 erat
1869 3327 1981 3374 ars
2014 3304 2210 3374 valde
2242 3304 2574 3385 humana,
2607 3303 2711 3372 vir
2742 3302 2852 3373 lon
2907 3325 2944 3373 e
2974 3304 3112 3373 hu-

560 3393 1011 3464 manissimus
1061 3393 1368 3465 studium
1418 3395 1805 3483 abjecisset,
1843 3395 1959 3464 sed
2003 3416 2075 3465 se
2112 3394 2317 3463 etiam
2359 3394 2424 3462 ei
2455 3393 2825 3483 diligenter
2918 3392 3109 3462 edis-

556 3494 676 3562 set,
721 3481 926 3552 etiam
968 3483 1028 3552 si
1067 3496 1211 3552 arte
1253 3505 1496 3573 parum
1532 3483 1907 3553 admodum
1959 3483 2042 3553 ad
2077 3494 2440 3571 quaestum
2474 3482 2562 3551 sit
2589 3504 2786 3564 usuS,
2824 3480 2895 3550 in
2923 3503 3104 3572 pau-

559 3571 842 3669 peribus
878 3584 1102 3640 tamen
1153 3573 1357 3641 cessit
1405 3571 1680 3641 divinae
1740 3572 2018 3663 gratiae·
2049 3572 2455 3653 ministeri0‚
2521 3571 2797 3642 morbos
2844 3591 3109 3639 curans

554 3659 1126 3740 immedicabiles,
1162 3675 1227 3730 et
1261 3675 1589 3748 tanquam
1640 3661 1901 3752 gratiae
1949 3660 2333 3731 velamento
2376 3674 2521 3731 arte
2565 3670 2770 3729 utens
2825 3670 3110 3750 propter

554 3770 900 3817 summam
953 3747 1443 3819 humilitatem.

640 3838 677 3922 ἓ
729 3841 816 3906 2.
871 3842 1238 3925 Postquam
1313 3850 1541 3908 autem
1591 3839 1744 3928 ejus
1805 3850 2120 3928 parentes
2158 3859 2195 3905 e
2243 3836 2381 3907 vita
2427 3836 2905 3916 excessissent,
2963 3858 3109 3905 non

553 3923 858 4013 amplius
908 3927 1387 4008 cunctabatur,
1443 3949 1567 3997 nec
1614 3927 2014 3996 differebat:
2054 3925 2171 3995 sed
2210 3939 2369 4015 apta
2402 3937 2681 4016 accepta
2712 3925 3106 4006 occasione,

550 4025 786 4102 utpote
833 4014 1015 4101 quod
1068 4014 1308 4085 nullus
1355 4027 1533 4087 esset
1577 4016 2081 4106 prohibituruS‚
2136 4037 2216 4085 ea
2256 4014 2547 4085 faciebat
2593 4035 2771 4102 quae
2817 4013 2952 4083 sibi
3002 4014 3110 4082 vi-

554 4101 922 4185 debantur,
976 4115 1040 4173 et
1095 4104 1204 4184 iis,
1262 4105 1331 4173 in
1381 4127 1558 4192 quas
1605 4104 1790 4175 cadit
1853 4104 2195 4185 interitus,
2250 4102 2531 4186 divitiis,
2602 4114 2668 4172 et
2713 4125 2890 4191 quae
2941 4114 3111 4173 sunt

552 4190 640 4261 ad
688 4191 892 4261 breve
943 4204 1215 4282 tempus
1261 4192 1537 4263 divitias
1586 4195 2058 4264 commutabat
2095 4205 2431 4272 aeternas,
2484 4191 2970 4262 convenienter
2995 4190 3110 4259 di-

548 4280 748 4351 vinae
796 4281 944 4351 voci
997 4281 1264 4351 Domini
1316 4304 1453 4370 quo
1494 4282 1691 4370 jubet
1738 4282 2136 4352 vendereea
2164 4304 2342 4370 quae
2382 4281 2607 4362 habet,
2661 4293 2726 4351 et
2766 4279 3104 4370 praebere

549 4369 1083 4461 eleemosynam,
1121 4384 1185 4442 et
1216 4371 1380 4441 hinc
1416 4393 1659 4462 parare
1692 4373 2063 4443 crumenas
2100 4393 2278 4459 quae
2303 4369 2592 4439 minime
2627 4380 3095 4440 veterascunt.
