3357 4995
765 370 888 435 4⁴4
1342 386 1420 432 nii
1468 387 1525 433 s.
1577 384 1912 434 aonii-'Aeto
1958 386 2156 435 Erisc.
2210 387 2286 433 m
2335 386 2525 434 uAiir.
2905 368 3126 433 JUNII
3182 372 3224 434 5

674 471 1042 551 afficerent,
1079 471 1449 558 cunctique
1496 492 1653 540 cum
1706 469 1913 541 laude
1951 484 2017 540 et
2048 470 2557 561 praedicatione
2595 471 2937 551 efferrent,
2973 483 3040 539 et
3071 470 3224 538 sin-

675 561 858 653 gulis
906 559 1360 630 Ecclesiastici
1394 558 1668 629 Ordinis
1718 557 2050 649 gradibus
2082 559 2376 650 dignuin
2427 558 2874 638 affirmarent,
2932 558 3223 628 tandem

677 649 913 721 aetatis
963 671 1128 721 suae
1158 669 1346 718 anno
1380 648 1539 738 plus
1581 647 1817 718 minus
1867 648 2242 739 trigesimo,
2297 648 2676 717 sacerdotio
2726 647 3039 717 initiatus
3082 661 3218 718 est.

675 744 838 809 Eam
889 758 1045 807 vero
1106 736 1396 828 adeptus
1444 736 1872 826 dignitatem,
1947 736 2225 824 qualem
2291 758 2363 806 se
2422 736 2807 806 exhibuerit
2854 736 3228 823 utriusque

674 827 977 898 hominis
1025 825 1366 908 studendo
1426 824 1845 908 contritioni,
1899 839 1976 895 ut
2022 825 2435 896 sacramenti
2484 824 2798 895 coelestis
2847 825 3227 924 participa-

675 916 856 986 tione
889 914 1147 1003 dignus
1194 913 1387 994 foret,
1426 934 1505 983 ex
1552 935 1839 1003 operum
1888 914 2039 1004 ejus
2088 914 2497 984 testimoniis
2536 915 2792 983 certius
2831 935 2911 982 ac
2963 913 3224 983 melius

673 1025 885 1091 quam
934 1003 1090 1072 vilis
1136 1002 1499 1072 verborum
1564 1001 1843 1073 indiciis
1889 1002 2122 1093 colligi
2174 1013 2414 1092 potest.
2475 1008 2601 1073 Per
2667 1003 2736 1070 id
2787 1014 3060 1092 tempus
3111 1023 3224 1070 re·-

675 1105 927 1184 gnante
965 1093 1037 1160 in
1079 1090 1494 1162 Occidentali
1546 1090 1828 1181 Angliae
1886 1112 2163 1192 regione
2212 1083 2563 1161 Saxonum'
2610 1112 2791 1181 rege,
2839 1111 3057 1160 novus
3104 1113 3224 1160 ex·

675 1182 811 1252 titit
852 1179 1237 1261 tumultuS‚-
1269 1180 1471 1270 cujus
1509 1180 1993 1269 compescendi
2026 1181 2234 1251 causa
2281 1180 2428 1269 jam
2478 1177 2645 1249 dicti
2695 1179 2878 1269 regis
2907 1179 3120 1269 jussu
3158 1190 3226 1249 et

677 1273 1039 1361 procerum
1089 1269 1237 1358 eJus
1296 1267 1585 1339 consilio
1634 1267 1954 1356 Synodus
2011 1290 2361 1338 servorum
2416 1269 2532 1337 Dei
2605 1267 2865 1360 indicta
2931 1281 3071 1338 est:
3131 1268 3221 1336 ad

675 1381 885 1447 quam
935 1358 1205 1426 cunctis
1267 1356 1799 1436 confluentibu5‚
1853 1369 1919 1425 et
1964 1357 2497 1426 controversiam
2554 1378 2776 1446 nuper
2822 1368 3041 1425 ortam
3118 1355 3224 1424 di-

675 1447 1116 1526 rimentibus,
1171 1445 1392 1515 visum
1442 1456 1545 1516 est
1591 1445 2023 1535 sapientibus
2068 1444 2514 1532 quibusdam,
2568 1458 2646 1515 ut
2678 1466 2855 1532 quae
2903 1444 3048 1514 illic
3097 1445 3221 1513 de-

678 1535 877 1605 finita
924 1545 1174 1614 essent,
1238 1556 1317 1602 ea
1363 1533 1597 1603 omnia
1632 1533 1717 1602 ad
1769 1533 2217 1604 Beretliwaldi
2280 1533 2379 1602 vel
2431 1532 2872 1604 Brichtwaldi
2923 1537 3222 1602 Cantua·

677 1622 925 1693 riensis
984 1622 1225 1692 Archie
1278 1622 1491 1712 iscopi
1542 1622 1854 1691 notitiam
1905 1622 2392 1713 perferrentur.
2459 1622 2722 1693 Placuit
2782 1622 2966 1692 idem
3008 1623 3218 1698 etiam

678 1712 869 1782 Clero
917 1711 1103 1780 omni
1136 1724 1200 1780 et
1252 1711 1422 1780 aicis'
1472 1710 1870 1799 permultis:
1924 1711 2403 1781 sciscitabatur
2441 1724 2668 1780 autem
2713 1732 2851 1792 rex,
2888 1711 3220 1798 quisnam

676 1800 886 1890 hujus
935 1801 1031 1868 rei
1078 1799 1488 1889 cumprimis
1532 1799 1820 1869 idoneus
1870 1799 2135 1889 legatus
2169 1798 2536 1870 videretur.
2591 1804 2762 1869 Tum
2813 1820 2973 1868 vero
3026 1821 3224 1888 prae-
3331 1833 3332 1852 κ

677 1889 927 1979 cipuus
975 1889 1151 1957 inter
1198 1910 1312 1957 eos
1359 1887 1906 1956 Archimandrita
1957 1887 2367 1969 winbertus,
2421 1888 2623 1972 cujus
2687 1900 2842 1957 ante
2899 1887 3220 1956 memini·

677 1999 860 2056 muS,
916 1989 978 2046 et
1027 1977 1284 2047 Wintra
1334 1976 1731 2046 monasterii
1782 1976 2413 2067 Tiesserburgensis
2463 1976 2869 2066 praefectus,
2912 1976 3216 2063 itemque

676 2065 1139 2142 Beorwardus,
1196 2064 1587 2136 monasterii
1618 2064 2340 2155 Glestingaburgensis
2390 2064 2797 2143 moderator,
2838 2078 2980 2133 tum
3025 2085 3219 2153 prae·

679 2169 861 2224 terea
908 2153 1025 2223 alii
1087 2153 1397 2244 plerique
1446 2152 1869 2223 venerabiles
1932 2153 2090 2233 viri,
2145 2166 2461 2223 sanctum
2512 2152 2941 2222 Bonifaciuni
3006 2152 3090 2220 ad
3150 2175 3220 2222 se

677 2255 1033 2313 evocatum
1083 2242 1163 2311 ad
1219 2263 1445 2331 regem
1498 2239 1879 2322 adducunt,
1918 2263 2216 2329 eumque
2246 2243 2440 2332 ajunt
2492 2253 2715 2311 tantae
2754 2240 3221 2331 expediendae

679 2332 776 2401 rei
828 2331 1177 2402 idoneum.

769 2427 807 2503 ἓ.
853 2425 940 2492 5.
996 2426 1227 2507 Itaque
1269 2424 1332 2488 S.
1389 2417 1800 2497 Bonifacius‚
1844 2420 1994 2507 ejus
2043 2417 2403 2510 legationis
2448 2439 2730 2487 munere
2769 2419 2901 2488 sibi
2937 2418 3221 2487 deman-

679 2510 859 2591 dat0‚
913 2532 1071 2580 cum
1124 2508 1329 2578 sociis
1376 2508 1635 2595 aliquot
1692 2507 2035 2597 profectus
2086 2520 2210 2589 est,
2265 2521 2331 2578 et
2377 2507 2928 2598 Archiepiscopo,
2989 2510 3083 2576 ita
3150 2522 3224 2577 ut

676 2599 958 2669 edoctus
1005 2610 1169 2678 erat,
1219 2610 1469 2667 cuncta
1516 2618 1637 2686 per
1684 2594 1996 2666 ordinem
2047 2597 2390 2686 sapienter
2434 2596 2784 2686 exposuit;
2838 2618 2919 2664 ac
2966 2595 3216 2666 deinde

678 2698 832 2777 post
863 2687 1010 2756 dies
1058 2706 1192 2754 non
1231 2685 1485 2755 multos
1520 2706 1852 2762 reversus,
1888 2707 1966 2754 ea
1997 2685 2334 2774 legatione
2385 2684 2731 2775 praeclare
2781 2683 3212 2775 perfunctuS,

680 2790 824 2845 tum
879 2779 1128 2864 Regem
1190 2774 1445 2863 ipsum,
1500 2785 1645 2843 tum
1708 2771 1860 2841 illos
1908 2796 2083 2861 quos
2129 2773 2433 2844 diximus
2487 2795 2717 2844 servos
2781 2774 2898 2842 Dei
2963 2795 3075 2842 ma
3133 2795 3216 2842 no

678 2863 934 2955 gaudio
981 2862 1226 2931 affecit.
1260 2867 1351 2931 Ea
1384 2874 1614 2932 autem
1651 2884 1721 2930 re
1756 2882 2001 2932 nomen
2036 2864 2187 2951 eJus
2220 2875 2354 2931 tam
2398 2861 2583 2952 apud
2618 2883 2734 2931 eos
2767 2863 2887 2948 qui
2920 2863 2993 2931 in
3030 2868 3072 2931 C
3105 2884 3217 2931 ero

679 2964 1156 3029 numerantur,
1208 2972 1415 3037 quam
1468 2951 1783 3019 homines
1834 2949 2067 3030 laicos,
2122 2951 2290 3021 adeo
2321 2950 2586 3020 celebre
2619 2953 2853 3031 evasit,
2902 2963 2978 3020 ut
3028 2952 3218 3020 dein·

679 3062 840 3130 ceps
883 3041 1283 3141 saepissime
1332 3051 1611 3129 rogatus
1660 3038 1770 3117 sit,
1825 3053 1901 3108 ut
1965 3061 2035 3109 se
2085 3040 2153 3108 in
2191 3040 2498 3129 ipsorum
2551 3037 2836 3128 synodis
2893 3061 3217 3127 praesen·
3313 3078 3318 3105 l

679 3141 815 3198 tem
863 3129 1228 3199 exhiberet.
1279 3128 1404 3197 Sed
1455 3127 1617 3214 quia
1665 3127 1899 3196 animo
1946 3140 2090 3198 erat
2122 3133 2254 3197 Deo
2294 3128 2576 3199 devotus
2606 3139 2672 3221 et
2719 3127 3065 3208 addictuS‚
3125 3139 3220 3196 at·
3315 3132 3316 3189 ἶ

679 3238 813 3305 que
862 3219 948 3288 ab
995 3218 1306 3286 omnium
1360 3216 1720 3285 hominum
1772 3214 1997 3285 favore
2039 3217 2566 3297 abhorrescens,
2635 3217 2858 3306 coepit
2932 3230 3217 3286 tractare

678 3308 878 3387 serio,
915 3304 1502 3394 quemadmodum
1554 3315 1870 3392 parentes
1915 3316 1980 3373 et
2026 3317 2350 3395 cognatos
2391 3303 2650 3394 fugere,
2685 3317 2751 3373 et
2798 3305 2883 3373 ad
2938 3304 3082 3375 loca
3120 3326 3215 3373 re-
3311 3346 3312 3351 κ

677 3406 857 3465 mota
917 3395 1163 3465 Christi
1209 3394 1419 3463 causa
1464 3393 1804 3482 emigrare
1854 3408 2099 3482 posset.
2154 3399 2300 3476 Qua
2354 3394 2419 3462 in
2471 3393 2880 3483 cogitatione
2928 3407 2992 3462 et
3042 3394 3214 3464 deli-

675 3483 1025 3575 heratione
1072 3504 1228 3552 cuin
1281 3481 1406 3550 diu
1451 3494 1515 3549 et
1562 3480 1840 3566 quidem
1891 3495 2207 3553 accurate
2258 3494 2671 3561 versaretur,
2724 3503 2874 3551 eam
2938 3483 3215 3552 tandem

678 3572 1075 3662 supradicto
1126 3570 1365 3640 Abbati
1397 3570 1687 3727 aperuit,
1725 3582 1789 3638 et
1820 3583 1895 3640 ut
1941 3569 2076 3660 ipsi
2123 3593 2201 3639 ea
2240 3572 2309 3639 in
2364 3592 2432 3639 re
2478 3571 2951 3654 assentiretur,
3002 3570 3216 3642 multa

681 3683 963 3752 precum
1017 3659 1345 3729 instantia
1391 3680 1428 3727 a
1525 3680 1604 3727 eo
1658 3658 2020 3758 impetrare
2072 3659 2445 3729 contendit.
2500 3659 2622 3728 Ille
2660 3681 2817 3730 vero
2863 3660 2987 3729 etsi
3058 3660 3216 3729 talia

676 3772 834 3819 eum
890 3747 1118 3819 moliri
1166 3746 1643 3828 admiraretur,
1699 3746 1956 3834 diuque
2006 3748 2310 3837 poscenti
2360 3769 2719 3820 assensum
2774 3759 3078 3838 negaret,
3133 3746 3215 3817 ad

673 3851 1050 3907 extremum
1105 3849 1356 3917 tamen,
1421 3836 1655 3905 divina
1712 3849 1952 3926 agente
2000 3836 2453 3926 providentia,
2508 3857 2744 3927 preces
2790 3837 2942 3927 ejus
2992 3837 3215 3906 admi-

676 3927 785 4005 sit,
842 3938 1237 4011 tantamque
1283 3937 1426 3994 tum
1479 3924 1755 3996 Abbatis
1792 3939 1934 3995 tum
1972 3924 2257 3995 fratrum
2309 3947 2471 4015 erga
2520 3946 2591 3994 se
2639 3925 3210 4004 benevolentiam,

674 4013 981 4084 studium
1033 4025 1098 4081 et
1145 4036 1381 4084 curam
1433 4012 1823 4085 Bonifacius
1870 4014 1954 4082 ad
2005 4026 2309 4104 optatum
2350 4013 2872 4104 suscipiendum
2926 4013 3060 4083 iter
3105 4036 3216 4083 ex·

676 4114 911 4192 pertus
960 4115 1082 4181 est,
1136 4116 1213 4172 ut
1246 4114 1310 4172 et
1358 4104 1782 4173 necessarios
1815 4115 2135 4193 sumptus
2165 4103 2250 4171 ab
2285 4103 2384 4171 eis
2418 4104 2777 4194 acceperit,
2822 4101 3216 4189 multasque

673 4211 801 4279 pro
848 4212 927 4260 eo
978 4212 1211 4281 preces
1250 4213 1410 4262 cum
1462 4192 1789 4279 lacrymis
1839 4190 1938 4259 illi
1986 4190 2440 4281 profuderint,
2482 4196 2693 4261 Deum
2742 4202 3091 4280 rogantes,
3145 4202 3215 4259 ut

670 4279 967 4371 Angelus
1003 4280 1274 4349 Domini
1321 4280 1544 4350 bonus
1578 4281 1638 4348 ei
1664 4301 1897 4349 comes
1925 4281 2182 4367 ubique
2215 4279 2507 4361 adesset,
2559 4282 2846 4372 ejusque
2896 4278 3028 4348 iter
3059 4302 3213 4369 pro-

669 4390 948 4458 sperum
999 4368 1335 4439 efficeret:
1410 4382 1552 4440 tum
1604 4370 1810 4438 etiam
1862 4368 2039 4437 duos
2087 4391 2246 4438 cuin
2301 4367 2419 4438 illo
2483 4368 2746 4447 fratres,
2799 4388 3102 4453 quorum
3154 4380 3210 4435 et

669 4457 1148 4558 corporali-bus
1195 4472 1258 4529 et
1305 4458 1737 4548 spiritalibus
1771 4457 2218 4527 adminiculis
2267 4456 2648 4537 fulciretur,
2689 4460 2830 4527 una
2863 4454 3210 4545 proficisci

667 4560 1125 4636 permiserint.
2671 4582 2680 4588 ·
