3357 4995
211 330 436 395 JUNlI
487 330 571 393 29
896 346 974 391 ni:
1022 346 1115 391 ss.
1170 342 1509 392 Arosrous
1558 342 1755 391 riti-ito
1804 344 1880 391 m·
1929 342 2131 390 rauco
2557 325 2686 391 639

215 443 492 513 essent,
569 429 961 515 multosque
1036 428 1331 498 Judaeos
1392 441 1457 498 et
1532 427 1875 507 GentileS,
1945 440 2151 514 atque
2218 427 2423 498 etiam
2493 428 2765 498 beatam

219 519 493 591 Teclam
542 518 630 588 ad
664 518 871 587 sidem
923 518 1192 586 Domini
1240 530 1657 598 evocassent,
1713 540 1752 586 a
1798 516 2122 597 iudaeis,
2175 517 2298 604 qui
2347 537 2483 585 non
2545 516 2771 587 credi·

218 610 491 689 derant,
542 621 608 677 et
656 605 1066 687 GentilibuS,
1118 606 1524 676 afficiuntur
1562 604 2026 686 contumeliiS,
2083 618 2149 675 et
2188 617 2613 696 appetuntur
2670 606 2770 676 la-

221 698 532 789 pidibus.
587 700 892 783 Cumque
961 700 1272 785 Lystram
1328 708 1395 765 et
1443 695 1704 765 Derben
1776 693 2291 853 confugissent,
2354 716 2532 781 quae
2609 708 2772 765 sunt

218 787 432 858 urbes
473 785 873 865 chaoniae,
911 783 1275 854 medentur
1304 785 1362 854 ei
1415 784 1531 872 qui
1569 784 1793 853 fuerat
1821 782 1978 853 clau
2036 805 2116 853 us
2164 805 2203 853 a
2255 784 2496 855 matris
2544 796 2762 854 utero.

221 880 373 959 Quo
407 875 475 944 in
522 853 676 943 loco
723 895 885 943 cum
922 873 1354 963 presbyteros
1402 873 1878 953 ordinassent,
1933 885 1998 942 et
2035 871 2363 941 Pisidiam
2428 872 2770 961 pervasis-

225 976 402 1045 sent,
459 974 792 1033 venerunt
826 961 894 1030 in
948 962 1452 1052 Pamphyliam.
1491 966 1761 1032 Etcum
1805 965 2057 1051 Pergae
2097 960 2309 1031 locuti
2355 973 2584 1031 essent
2632 983 2773 1032 ser-

223 1075 528 1132 monem,
569 1050 1076 1121 descenderunt
1124 1050 1192 1120 in
1244 1050 1586 1121 Attaliam.
1638 1055 1807 1121 Cum
1859 1063 2087 1120 autem
2137 1049 2487 1120 venissent
2532 1051 2763 1119 Antio-

220 1142 483 1222 chiam,
535 1153 599 1210 et
654 1152 1188 1229 congregassent
1251 1139 1609 1209 ecclesiam
1642 1195 1658 1220 ,
1712 1139 2234 1208 annunciarunt
2281 1160 2762 1226 quaecumque

221 1252 385 1301 cum
436 1230 536 1300 eis
567 1228 838 1298 fecisset
868 1229 1224 1298 Dominus.
1262 1227 1462 1309 Illinc
1512 1227 1810 1307 dimissi,
1855 1241 2305 1318 pervaserunt
2331 1227 2770 1299 Phoeniciam

222 1332 291 1390 et
339 1318 765 1399 Samariam,
823 1327 1181 1388 narrantes
1236 1318 1753 1387 conversionem
1804 1316 2141 1407 gentium.
2197 1321 2362 1385 Cum
2423 1317 2772 1386 venissent

223 1420 457 1478 autem
519 1406 943 1487 Jerusalem,
1003 1418 1438 1476 revertuntur
1502 1405 1955 1476 Antiochiam.
2016 1404 2208 1488 Quod
2268 1427 2403 1476 non
2459 1416 2765 1496 oporteat

228 1495 641 1567 circumcidi
690 1516 910 1581 neque
961 1496 1138 1565 vesci
1187 1495 1551 1584 sanguine,
1579 1508 1644 1565 et
1676 1493 2168 1565 abstinendum
2219 1494 2309 1563 sit
2354 1516 2393 1564 a
2437 1495 2767 1565 suffocato

227 1598 294 1656 et
343 1583 743 1664 immolatis,
797 1583 884 1653 ab
919 1584 1257 1674 Apostolis
1303 1584 1661 1653 afferentes
1716 1594 2116 1653 tractantem
2172 1582 2572 1673 Epistulam.
2626 1588 2773 1667 Quo

230 1697 394 1745 cum
445 1674 814 1754 venissent,
854 1687 918 1742 et
972 1673 1139 1742 satis
1200 1671 1484 1763 longum
1538 1686 1812 1763 tempus
1860 1672 2004 1741 illic
2050 1671 2374 1763 egissent,
2426 1672 2767 1753 abierunt,

233 1764 581 1832 Barnabas
613 1761 892 1862 quidem
930 1761 997 1830 in
1053 1767 1379 1851 Cyprum,
1434 1767 1658 1832 Marco
1706 1773 2088 1851 assumpto,
2136 1761 2393 1830 Paulus
2440 1774 2670 1831 autem
2699 1761 2768 1830 in

236 1863 464 1943 partes
505 1856 739 1940 Syriae
784 1862 850 1920 et
889 1850 1185 1932 Ciliciae,
1237 1872 1394 1919 cum
1450 1850 1658 1920 Silam
1719 1849 2077 1941 elegisset,
2119 1861 2184 1919 et
2230 1871 2407 1936 quae
2452 1863 2648 1920 erant
2694 1852 2764 1919 in

233 1941 527 2020 civitate,
582 1938 922 2010 Ecclesias
973 1938 1472 2009 confirmasset.
1528 1943 1836 2026 Cumque
1884 1939 2180 2009 venisset
2209 1939 2488 2009 .Derben
2529 1952 2593 2009 et
2645 1943 2774 2041 Ly-

234 2042 473 2108 stram,
526 2041 592 2097 et
624 2028 1053 2098 Timotheum
1082 2029 1575 2118 assumpsisset
1611 2027 2064 2118 discipulum,
2109 2049 2268 2098 eum
2305 2027 2767 2098 circumcidit.

234 2116 490 2187 Deinde
520 2139 680 2186 cum
716 2117 1047 2187 obiissent
1076 2117 1444 2217 Phrygiam
1466 2130 1533 2186 et
1561 2116 1921 2191 Galatiam.
1948 2139 1988 2185 a
2012 2130 2250 2186 sancto
2282 2116 2543 2207 Spiritu
2585 2116 2774 2204 loqui

233 2227 619 2276 sermonem
676 2205 1027 2295 prohibiti,
1072 2218 1422 2277 venientes
1470 2228 1591 2296 per
1647 2206 1959 2296 Mysiam,
2015 2216 2363 2275 tentarunt
2427 2205 2774 2295 proficisci

233 2295 304 2363 in
341 2294 760 2384 Bithyniam,
816 2316 1038 2381 neque
1085 2294 1241 2364 sivit
1269 2317 1386 2364 eos
1434 2307 1716 2365 sanctus
1743 2294 2063 2385 Spiritus.

321 2387 357 2470 ξ
403 2389 554 2458 16.
610 2387 775 2453 Cum
827 2395 1055 2454 autem
1095 2383 1528 2455 transiissent
1570 2384 1883 2473 Mysiam,
1919 2382 2425 2453 descenderunt
2472 2384 2543 2452 in
2575 2389 2776 2454 Troa-

230 2472 412 2553 dem;
451 2482 517 2542 et
550 2494 708 2542 cum
761 2471 954 2544 illinc
1002 2472 1454 2544 accessissent
1514 2472 1583 2542 in
1628 2471 2169 2543 Samothraciam
2204 2527 2220 2554 ,
2274 2471 2559 2543 veniunt
2605 2478 2772 2545 Nea-

238 2561 473 2652 polim.
531 2566 607 2631 Et
653 2583 815 2631 cum
864 2563 1212 2632 venissent
1257 2562 1612 2653 Philippos
1660 2561 2096 2632 Macedoniae
2144 2561 2392 2633 versati
2426 2562 2774 2651 suntlillic

236 2650 385 2720 dies
414 2650 698 2737 aliquot.
753 2655 900 2733 Quo
942 2650 1010 2720 in
1077 2650 1225 2720 loco
1277 2673 1438 2721 cum
1488 2650 1895 2722 credidisset
1943 2650 2156 2740 Lydia
2206 2652 2646 2741 purpuraria,
2701 2652 2771 2721 in

234 2739 519 2809 domum
550 2739 705 2826 ejus
754 2739 1104 2811 venientes
1157 2741 1379 2830 gratia
1421 2739 1870 2830 precationis,
1933 2739 2253 2830 spiritum
2318 2740 2776 2830 Pythonicum

234 2822 522 2897 e'iciunt
561 2828 648 2897 ab
702 2827 981 2898 ancilla.
1034 2829 1492 2911 Quamobrem
1538 2830 1626 2900 ab
1673 2829 1825 2931 ejus
1875 2827 2180 2899 dominis
2223 2829 2509 2919 appetiti
2563 2828 2778 2899 male-

284 2917 480 2997 ictis,
540 2929 617 2986 ut
661 2917 784 3004 qui
832 2916 1096 2988 alienos
1145 2939 1368 2990 mores
1419 2930 1968 2999 annunciarent,
2029 2916 2416 2988 caeduntur
2475 2917 2578 2987 vir
2630 2917 2686 2988 is
2737 2940 2779 2987 a

236 3004 771 3096 MagistratibuS‚
810 3019 877 3076 et
906 3007 974 3075 in
1017 3028 1361 3077 carcerem
1402 3007 1895 3096 conjiciuntur,
1938 3027 2318 3094 eorumque
2348 3005 2555 3097 pedes
2579 2941 2779 3098 §igno

237 3107 436 3165 caute
499 3105 564 3164 et
611 3094 980 3186 diligenter
1048 3095 1509 3186 stringuntur.
1565 3101 1712 3179 Quo
1760 3096 1829 3165 in
1884 3096 2032 3166 loco
2078 3116 2236 3163 cum
2304 3095 2530 3165 media
2579 3106 2776 3166 nocte

232 3195 529 3266 orarent,
569 3194 635 3254 et
677 3189 888 3254 Deum
941 3183 1326 3266 laudarent,
1365 3184 1444 3253 fit
1490 3185 1838 3255 maximus
1874 3195 2346 3265 terraemotus,
2383 3197 2450 3254 et
2480 3185 2777 3254 carceris

236 3272 415 3343 tores
461 3273 895 3365 aperiuntur,
951 3285 1015 3342 ct
1064 3272 1273 3343 vincti
1320 3294 1560 3344 omnes
1605 3272 2022 3355 relaxantur,
2075 3284 2141 3342 et
2194 3284 2426 3344 custos
2480 3273 2778 3345 carceris

235 3360 529 3432 efficitur
559 3360 787 3433 fidelis
815 3383 976 3432 cum
1028 3373 1166 3431 tota
1203 3361 1491 3444 familia,
1543 3384 1733 3444 cum,
1785 3361 1971 3450 quod
2019 3361 2212 3431 ducit
2240 3361 2328 3431 ad
2376 3361 2697 3444 salutem,
2735 3384 2778 3432 a

236 3451 447 3521 Paulo
479 3449 857 3541 accepisset
888 3451 1341 3540 baptismum.
1389 3455 1436 3519 E
1489 3451 1657 3522 ressi
1706 3464 1933 3521 autem
1973 3471 2012 3521 e
2058 3450 2352 3533 civitate,
2404 3472 2565 3521 cum
2619 3455 2776 3545 Am-

237 3539 576 3631 phipolim
620 3538 1166 3610 transmisissent
1211 3553 1276 3610 et
1323 3545 1462 3630 Apo
1494 3539 1778 3622 loniam,
1825 3550 2159 3609 venerunt
2186 3539 2770 3611 Thessalonicam.

238 3632 312 3697 1n
363 3650 503 3717 qua
532 3651 693 3700 cum
745 3627 1002 3698 multos
1049 3629 1479 3720 accepissent
1504 3629 1573 3698 in
1624 3627 2095 3720 disciplinam,
2124 3627 2432 3698 Judaeos
2478 3628 2566 3697 ad
2603 3629 2776 3698 iram

241 3730 722 3807 provocarunt.
778 3718 909 3800 Qui
953 3717 1159 3787 etiam
1208 3715 1490 3788 collecta
1541 3717 2012 3798 multitudine,
2073 3716 2582 3787 conturbabant
2609 3716 2780 3787 civi-

238 3817 464 3877 tatem.
505 3813 583 3878 Et
628 3830 790 3878 cum
840 3806 1295 3877 accessissent
1323 3805 1406 3877 ad
1437 3805 1642 3880 aedes
1688 3807 1990 3888 tasonis,
2022 3806 2447 3894 quaerebant
2477 3828 2593 3878 eos
2620 3828 2780 3897 pro-

238 3893 486 3967 ducere
524 3896 610 3966 ad
662 3895 1024 3988 populum.
1064 3901 1325 3966 Etcum
1367 3918 1505 3966 non
1554 3895 1997 3970 invenissent.
2031 3907 2385 3966 traxerunt
2427 3896 2773 3976 Jasonem,

237 3993 300 4051 et
334 3983 598 4086 aliquot
642 4008 722 4056 ex
770 3985 1102 4056 fratribus
1150 3984 1238 4054 ad
1289 3986 1740 4077 magistratus
1787 3985 2105 4055 civitatis.
2141 3990 2190 4054 A
2235 4007 2374 4073 quo
2406 3999 2563 4055 cum
2607 3983 2774 4054 satis

241 4087 686 4163 accepissent,
740 4096 856 4144 eos
895 4073 1332 4146 dimiserunt.
1646 4129 1659 4154 .

321 4161 358 4246 ξ
404 4167 537 4234 12.
592 4162 794 4233 Illinc
843 4176 1070 4234 autem
1113 4185 1150 4232 e
1204 4185 1434 4234 ressus
1481 4162 1741 4233 Paulus
1768 4184 1929 4233 cum
1969 4162 2057 4231 iis
2081 4162 2203 4251 qui
2242 4183 2401 4233 cum
2430 4184 2510 4232 eo
2547 4172 2768 4242 erant,

239 4247 417 4348 venit
456 4254 802 4322 Beroeam.
857 4257 1003 4335 Quo
1052 4251 1123 4321 in
1154 4186 1331 4322 qoco
1390 4274 1548 4322 cum
1607 4251 1862 4323 multos
1922 4252 2298 4341 accepisset
2359 4249 2771 4340 discipulos,

243 4336 634 4410 Timotheus
660 4341 938 4429 quidem
976 4352 1041 4410 et
1082 4340 1257 4412 Silas
1307 4340 1446 4411 illic
1497 4350 1876 4422 remanent,
1917 4362 2213 4430 magnus
2261 4351 2487 4410 autem
2525 4338 2780 4409 Paulus

243 4447 361 4517 per
390 4447 579 4498 mare
617 4430 799 4501 venit
827 4431 1143 4501 Athenas.
1185 4431 1550 4501 Transiens
1588 4442 1843 4512 autem,
1889 4440 1955 4501 et
1977 4451 2057 4499 ea
2095 4427 2572 4519 contemplans
2601 4448 2780 4516 quae
