3357 4995
675 322 803 387 372
1211 340 1289 386 nr:
1336 340 1427 387 ss,
1483 338 1804 386 ranaaoto
1852 339 1926 386 Er
1974 337 2369 386 rnaaucionn
2414 338 2530 384 uu.
2778 314 2991 385 JUNII
3046 319 3133 382 ’16

590 446 788 494 suam
824 424 1046 495 taliter
1091 436 1503 506 exercuerat,
1538 424 1624 494 de
1673 423 1982 493 Ferreolo
2015 435 2080 492 et
2115 422 2523 494 Ferrucione
2556 442 2839 491 narrare
2876 422 3131 511 coepit,

589 513 866 583 dicens:
933 518 1149 583 «Sunt
1189 513 1592 603 hujusmodi
1652 513 1831 583 duae
1883 533 2215 602 personae
2262 511 2332 580 in
2382 510 2656 581 civitate
2709 522 2954 590 vestra,
3008 531 3138 600 per

589 624 760 692 quos
799 602 949 692 Jam
1001 602 1272 672 medius
1324 603 1622 691 populus
1670 612 1944 672 nostrae
1991 600 2349 702 religionis
2403 599 2636 670 cultus
2682 621 2965 669 aversus
3002 610 3133 680 est,

590 702 655 760 et
700 690 936 761 colunt
969 697 1182 762 Deum
1222 692 1344 778 qui
1391 692 1477 759 ab
1512 691 1917 760 hominibus
1963 690 2340 760 crucifixus
2370 700 2499 770 est,
2548 688 2753 759 etiam
2804 699 2870 757 et
2917 687 3140 757 ancil-

590 779 728 848 lam
760 791 1051 851 vestram
1103 780 1470 871 con‘ugem
1513 801 1763 860 meam,
1793 778 2196 870 hujusmodi
2230 778 2633 848 seducentes
2674 776 3139 846 Christianam

591 867 921 949 fecerunt,
976 869 1226 959 virgini
1279 891 1499 955 usque
1546 868 1842 938 suadent
1901 890 1989 937 ne
2040 868 2332 938 nubant.
2404 871 2698 937 Deorum
2737 877 3139 950 nostrorum

595 956 939 1047 despectio
990 969 1126 1027 tarn
1163 957 1460 1048 graviter
1506 957 1862 1028 sublevata
1908 968 2033 1038 est,
2083 969 2165 1026 ut
2194 955 2431 1026 nullus
2459 977 2577 1026 eos
2599 954 2765 1025 deos
2796 976 2946 1026 esse
2984 956 3141 1046 jam

589 1045 796 1126 dicat,
843 1069 966 1116 nec
998 1047 1417 1116 sacrificium
1466 1046 1649 1133 quod
1691 1059 1794 1116 est
1841 1044 2179 1136 placabile
2217 1045 2352 1114 diis
2404 1044 2657 1115 nostris
2692 1054 2973 1134 propter
3019 1066 3143 1114 eos

590 1134 830 1205 nullus
889 1136 1132 1205 offerre
1180 1149 1597 1226 praesumat.
1658 1140 1791 1205 Nec
1824 1134 2051 1205 solum
2110 1155 2227 1204 eos
2275 1133 2537 1223 placari
2633 1133 2975 1215 rohibent,
3015 1132 3141 1202 sed

590 1223 973 1318 et-malleis
1026 1245 1142 1295 eos
1198 1223 1631 1314 confringere
1685 1234 2213 1314 praesumunt.»
2272 1228 2418 1305 Quo
2465 1156 2724 1302 auditO,
2783 1221 3142 1292 Cornelius

590 1313 723 1381 ait:
765 1317 860 1382 «Ο
895 1313 1328 1383 invictissimi
1361 1312 1482 1394 dii,
1522 1325 1597 1382 ut
1634 1313 1802 1400 quid
1854 1313 2138 1382 virtutes
2169 1325 2431 1381 vestrae
2479 1311 2563 1380 ad
2601 1310 2903 1380 nihilum
2953 1310 3141 1380 redi-

591 1414 874 1491 guntur,
922 1413 998 1470 ut
1036 1402 1182 1491 jam
1236 1401 1471 1470 nullus
1519 1402 1712 1473 locus
1754 1402 1862 1481 sit,
1929 1401 2048 1470 ubi
2101 1400 2448 1490 despectio
2496 1411 2718 1470 vestra
2766 1421 2888 1490 per
2922 1399 3140 1489 hujus

594 1489 1125 1559 Christianitatis
1176 1490 1450 1559 titulum
1515 1512 1650 1560 non
1703 1490 2145 1561 sublevetur?
2198 1488 2374 1572 Quid
2425 1488 2632 1558 srater
2672 1487 2913 1558 Claudi
2977 1510 3142 1578 age-

591 1583 796 1648 mus?
845 1579 909 1649 Si
965 1592 1239 1668 patrum
1275 1591 1664 1650 nostrorum
1734 1579 1868 1648 diis
1924 1600 2058 1648 non
2115 1578 2616 1658 succurrimus,
2682 1598 2858 1678 pene
2903 1578 3140 1645 omnis

591 1679 770 1735 terra
819 1689 891 1736 se
923 1667 1009 1736 ad
1046 1668 1387 1738 Christum
1427 1669 1691 1739 tradere
1738 1669 1966 1737 habet.
2008 1673 2087 1736 Ut
2132 1667 2298 1754 quid
2350 1679 2485 1734 tam
2542 1667 2846 1752 terribile
2891 1676 2995 1737 est
3042 1665 3141 1736 sia

590 1777 809 1845 gnum
858 1757 1105 1826 Christi
1154 1758 1490 1837 crucifixi,
1537 1770 1613 1827 ut
1645 1770 1803 1826 ante
1850 1779 2009 1827 eum
2043 1756 2143 1826 dii
2177 1756 2389 1826 nostri
2420 1768 2785 1844 pavescant
2830 1765 2894 1822 et
2933 1755 3141 1824 nobis

593 1856 854 1913 metum
895 1843 1241 1926 inferant?
1282 1846 1404 1916 Sed
1459 1869 1582 1916 nec
1632 1846 1738 1916 lex
1807 1846 2351 1916 Christianorum
2409 1843 2784 1932 aliquando
2843 1844 3141 1913 commi-

592 1933 769 2002 sceri
807 1946 1026 2022 potest
1077 1934 1345 2024 legibus
1393 1936 1676 2004 deorum
1720 1949 2137 2005 nostrorum.
2174 1935 2299 2004 Sed
2341 1934 2579 2022 accipe
2629 1933 2881 2012 literas,
2926 1945 2990 2001 et
3024 1954 3141 2001 ac-

598 2021 762 2090 cede
800 2022 884 2091 ad
938 2022 1191 2103 locum,
1245 2037 1311 2092 et
1357 2024 1571 2111 hujus
1622 2024 1791 2094 larris
1821 2024 2134 2093 doctores
2181 2023 2473 2093 diversis
2504 2023 2745 2112 poenis
2792 2020 3131 2101 interfice,

590 2125 667 2178 ut
691 2113 938 2180 caeteri
965 2126 1222 2181 metum
1257 2113 1625 2182 habeant.»
1662 2117 1705 2181 C
1736 2113 1989 2181 audius
2016 2112 2443 2202 respondens
2471 2112 2605 2181 ait:
2663 2115 2891 2193 «Quae
2930 2110 3141 2180 dictis

587 2199 813 2285 jubes,
859 2200 1056 2270 factis
1083 2201 1458 2290 probabo.»
1511 2206 1586 2270 Et
1633 2203 1932 2289 acceptis
1983 2201 2198 2271 literis
2223 2200 2631 2287 nequissimi
2664 2199 2981 2280 Cornelii,
3013 2204 3141 2267 Ve-

597 2289 1107 2360 sontionensem
1160 2290 1402 2359 urbem
1452 2290 1861 2390 ingreditur,
1915 2312 2008 2375 ac,
2042 2302 2359 2359 sanctum
2411 2288 2796 2358 Ferreolum
2851 2288 3140 2378 presby-

594 2391 812 2446 terum
849 2380 1442 2458 etFerrucionem
1493 2378 1866 2449 diaconum
1913 2378 2169 2468 corripi
2220 2378 2586 2469 praecepit,
2615 2378 2736 2465 qui
2788 2377 2854 2445 in
2892 2390 3141 2466 crypta

592 2467 878 2556 parvula
929 2489 1000 2538 se
1047 2468 1385 2549 fovebant,
1439 2468 1558 2537 sed
1591 2469 1933 2538 Christum
1989 2467 2263 2558 publice
2297 2467 2570 2567 populis
2606 2466 3132 2557 praedicabant.

680 2558 715 2640 ἓ
761 2563 847 2629 5.
903 2558 1166 2639 Quibus
1215 2558 1757 2647 comprehensis,
1815 2558 1945 2626 ait:
1994 2558 2680 2628 «sacratissimorum
2737 2555 3138 2645 principum

593 2658 955 2736 praecepta
986 2658 1384 2728 sanxerunt,
1437 2661 1514 2716 ut
1560 2660 1678 2715 aut
1729 2646 2131 2716 sacrificetis
2163 2646 2319 2725 diis,
2355 2657 2475 2714 aut
2520 2645 2810 2714 diversis
2861 2666 2976 2712 vos
3024 2645 3139 2712 in-

595 2734 924 2803 terficiam
977 2736 1240 2824 poenis,
1295 2747 1372 2804 ut
1418 2737 1665 2805 caeteri
1719 2749 1977 2805 metum
2030 2735 2347 2804 habeant.
2403 2734 2596 2816 Quod
2645 2734 2704 2803 si
2744 2732 3141 2802 sacrificare

592 2822 729 2893 diis
762 2824 1015 2892 nostris
1057 2823 1430 2903 volueritis.
1475 2847 1552 2893 ex
1588 2826 1853 2893 aerario
1906 2825 2185 2914 publico
2233 2834 2706 2892 remuneratos
2736 2844 2858 2891 vos
2891 2820 3140 2911 largis-

591 2912 766 2980 sime
838 2911 1221 2981 incolumes
1293 2914 1481 2982 abire
1530 2913 1955 2982 dimittam.»
2034 2919 2221 2981 Tunc
2264 2912 2617 2981 Ferreolus
2690 2923 2756 2981 et
2814 2910 3138 2980 Ferrucio

593 3000 1003 3088 aspicientes
1060 3001 1132 3068 in
1193 3001 1487 3084 coelum,
1541 3002 1785 3071 vexillo
1835 3003 2068 3072 Crucis
2120 3003 2188 3070 in
2228 3001 2448 3070 fronte
2488 3000 2713 3081 affirm,
2768 2999 3133 3068 dixerunt:

595 3111 629 3153 α
665 3090 845 3177 Ejice
881 3111 1029 3167 nos,
1089 3091 1307 3178 parati
1337 3113 1606 3172 sumuS,
1655 3091 1945 3177 ideoque
1983 3090 2165 3177 quod
2220 3090 2341 3159 tibi
2389 3089 2709 3158 diabolus
2745 3100 2936 3178 pater
2969 3099 3140 3158 tuus

593 3177 950 3246 dictaverit
997 3178 1126 3255 fac,
1182 3201 1308 3248 nos
1377 3181 1563 3248 enim
1614 3180 1684 3247 in
1737 3181 2016 3249 nomine
2079 3179 2345 3250 Domini
2412 3178 2628 3247 nostri
2674 3182 2839 3246 Jesu
2888 3176 3138 3246 Christi

594 3287 868 3354 semper
916 3289 1300 3355 speramus.
1343 3273 1419 3336 Et
1469 3268 1622 3338 licet
1671 3290 1798 3338 nos
1830 3268 2119 3339 diutinis
2168 3267 2407 3357 poenis
2455 3280 2519 3335 et
2567 3265 2991 3337 cruciatibus
3039 3265 3140 3334 as-

595 3345 877 3435 ssixeriS‚
933 3355 1164 3445 ipsum
1200 3357 1541 3427 Christum
1578 3357 2078 3446 redemptorem
2108 3370 2173 3426 et
2207 3368 2669 3446 reparatorem
2700 3354 2876 3425 vitae
2923 3367 3140 3424 aeter-

593 3464 723 3511 nae
770 3444 1196 3526 confitentes‚
1250 3458 1315 3514 et
1362 3446 1431 3514 in
1484 3446 1601 3515 illo
1657 3446 2034 3525 credentes
2099 3468 2258 3515 cum
2317 3447 2468 3536 ipso
2525 3465 2795 3533 semper
2841 3444 3132 3514 erimus,

593 3537 760 3601 Nam
813 3534 1107 3621 pecunia
1141 3547 1258 3603 tua
1307 3547 1530 3604 tecum
1581 3535 1670 3604 sit
1709 3536 1779 3603 in
1831 3534 2306 3625 perditionem,
2363 3534 2561 3603 nobis
2610 3531 2865 3603 sufficit
2910 3554 3139 3602 unum

594 3625 808 3689 Deum
860 3621 1176 3691 colere.»
1219 3629 1408 3693 Tunc
1473 3623 1802 3693 Claudius
1860 3646 1975 3692 eos
2024 3623 2108 3693 ad
2161 3622 2497 3693 trochleas
2565 3621 2835 3692 extendi
2891 3634 2957 3691 et
3010 3622 3140 3690 fla-

593 3708 791 3797 gellis
839 3711 1034 3780 caedi
1067 3713 1301 3802 Jussit.
1372 3714 1502 3794 Qui
1549 3735 1710 3783 cum
1762 3711 2301 3803 flagellarentur,
2356 3711 2530 3781 nihil
2579 3710 2838 3782 doloris
2886 3711 3140 3779 sentie-

593 3798 781 3877 bant,
840 3800 957 3868 sed
1000 3801 1121 3887 qui
1171 3823 1444 3891 semper
1494 3802 1784 3891 protegit
1831 3824 1995 3871 suos
2044 3807 2221 3871 Deus
2270 3801 2398 3870 hoc
2455 3800 2595 3871 illis
2646 3799 3007 3890 praestitit,
3063 3809 3143 3868 ut

596 3887 907 3975 angelico
949 3888 1192 3958 habitu
1237 3903 1302 3958 et
1349 3891 1597 3960 virtute
1631 3891 2027 3961 terribiliitr
2056 3889 2360 3960 vultibus
2393 3889 2932 3980 resplenderent,
2965 3887 3143 3957 dum

593 3976 857 4074 carnali
893 3980 1112 4066 poena
1163 3978 1305 4066 pati
1347 3979 1760 4050 viderentur.
1809 3980 1997 4062 Quod
2024 3978 2343 4049 'videntes
2379 3976 2619 4069 populi
2671 3978 3136 4047 mirabantur.

595 4064 851 4134 Deinde
922 4066 1215 4137 reclusis
1262 4067 1360 4136 eis
1418 4069 1487 4136 in
1537 4091 1830 4149 carcere,
1889 4069 1958 4137 in
2000 4068 2320 4153 ⁵crastino
2367 4089 2485 4137 eos
2531 4066 2664 4139 sibi
2710 4065 3145 4157 praesentari

587 4153 821 4239 jussit,
857 4166 921 4223 et
954 4156 1086 4224 ait:
1136 4155 1591 4227 «sacrificatis
1631 4158 1789 4239 diis,
1821 4180 1907 4227 an
1940 4177 2081 4225 non
2099 4159 2170 4224 Ἰ»
2206 4156 2561 4227 Ferreolus
2591 4168 2658 4225 et
2680 4154 3003 4225 Ferrucio
3035 4154 3143 4225 di-

591 4256 872 4312 xerunt:
915 4268 950 4309 «
985 4249 1125 4314 Non
1196 4246 1694 4328 sacrificamus,
1750 4247 1867 4316 sed
1919 4267 2042 4315 nec
2091 4267 2132 4314 a
2179 4247 2362 4315 bona
2408 4244 2656 4315 Christi
2705 4241 3142 4314 consessione

591 4331 906 4429 recedere
935 4346 1277 4423 optamus
1327 4358 1362 4400 »
1395 4340 1582 4404 Tunc
1630 4335 1931 4406 carnifex
1975 4335 2078 4404 ira
2124 4346 2191 4404 et
2221 4334 2452 4405 furore
2501 4353 2751 4424 magno
2800 4331 3134 4422 repletus,

595 4418 870 4511 linguas
904 4422 1002 4492 eis
1052 4423 1398 4514 amputari
1421 4424 1655 4513 jussit.
