3357 4995
239 350 462 416 JUNII
512 351 554 413 6
1057 367 1134 412 DE
1183 367 1237 412 s.
1294 364 1655 414 Noa‘rssanro
1705 363 2002 413 EPISCOPO
2584 351 2708 416 ⁴89

239 453 398 518 Hac·
445 446 703 517 fiducia
753 445 899 516 freti
966 445 1247 532 quidam
1298 469 1379 516 ex
1429 446 1599 537 ipsis
1631 501 1646 527 ,
1716 445 1887 514 nihil
1953 445 2455 517 formidabant:
2509 449 2626 517 sed
2680 449 2797 518 alii

241 536 480 606 seculo
512 549 576 604 et
625 557 792 605 suae
839 534 1032 604 carni
1085 547 1310 604 tenere
1361 536 1819 614 inhaerentes,
1858 557 2018 603 cum
2058 535 2271 604 multo
2304 535 2566 625 ejulatu
2607 537 2791 606 dice-

238 626 444 694 bant:
504 625 715 703 Eheu,
768 646 895 708 cur
947 623 1153 693 istum
1193 624 1409 693 secuti
1461 645 1709 692 sumus
1759 622 2134 703 hominem,
2191 635 2265 694 ut
2313 647 2473 693 cum
2525 647 2603 694 eo
2653 649 2798 695 mo-

243 735 559 784 reremur
626 713 694 780 in
748 711 1047 802 peccatis
1097 715 1396 782 nostris?
1446 712 1711 793 Quibus
1773 713 1877 780 vir
1939 725 2242 792 sanctuS,
2302 712 2632 783 melliflua
2681 738 2796 784 eos

247 800 716 872 consolatione
765 801 1157 878 exhortans,
1193 801 1456 892 ajebat:
1514 822 1548 867 «
1574 801 1812 880 Nolite,
1854 799 2095 869 fratres
2135 800 2554 883 charissimi,
2589 804 2795 873 nolite

252 891 523 960 terreri:
577 890 686 959 Dei
736 890 921 959 enim
962 903 1064 960 est
1091 890 1278 976 quod
1328 913 1366 959 a
1416 889 1617 959 nobis
1657 903 1927 979 gestum
1956 901 2089 958 est:
2147 890 2260 958 Dei
2300 904 2424 969 est,
2462 891 2646 979 quod
2677 915 2794 981 ge-

250 981 460 1049 ritur:
517 981 632 1047 Dei
685 992 788 1047 est
838 979 1225 1067 permissio,
1279 977 1559 1065 quando
1608 978 1694 1046 ab
1745 978 2049 1047 inimicis
2113 979 2262 1068 ejus
2305 980 2562 1048 bonum
2615 1003 2795 1081 opus

245 1069 796 1167 impugnaturu»
848 1072 1027 1136 Haec
1066 1068 1483 1155 quandoque
1516 1067 1809 1146 dicebat;
1851 1067 2197 1136 interdum
2231 1081 2457 1137 autem
2493 1091 2614 1158 pro
2655 1069 2795 1139 illis

244 1158 484 1226 orabat
524 1168 878 1234 attentius,
917 1177 1000 1223 ne
1049 1156 1432 1226 deficiendo
1475 1156 1939 1245 desperarent.
1999 1156 2282 1225 Illorum
2335 1156 2604 1227 defectu
2653 1182 2795 1228 crc-

246 1246 479 1315 scebat
513 1245 760 1315 orandi
809 1245 1117 1315 affectus.
1175 1251 1249 1314 Et
1297 1257 1373 1315 ut
1423 1245 1566 1334 ipse
1612 1257 1842 1335 postea
1890 1244 2261 1325 asserebat,
2305 1267 2439 1314 non
2485 1259 2617 1315 tam
2655 1270 2794 1316 me-

249 1335 485 1404 tuebat
519 1349 833 1412 mortem,
872 1355 1082 1419 quam
1119 1356 1202 1403 ne
1229 1334 1658 1423 desperando
1688 1332 1785 1401 illi
1815 1333 2207 1402 deficerent.
2236 1336 2795 1425 congregabatur

249 1446 407 1494 vero
463 1445 580 1513 per
629 1435 834 1494 totam
891 1434 1155 1492 noctem
1194 1422 1564 1492 multitudo
1599 1422 2028 1492 adversaria:
2090 1422 2399 1492 ediverso
2463 1424 2796 1514 multipli-

250 1514 453 1582 cabat
505 1534 739 1604 preces
789 1512 856 1579 in
908 1510 1201 1580 articulo
1273 1511 1425 1580 talis
1477 1511 1899 1582 necessitatis
1962 1511 2118 1599 pius
2177 1511 2517 1591 sacerdos,
2568 1526 2631 1581 et
2677 1515 2795 1601 qui

250 1624 408 1670 cum
448 1623 526 1669 eo
573 1613 788 1670 erant.
830 1605 1027 1670 Facto
1059 1614 1285 1671 autem
1327 1622 1550 1681 mane,
1595 1624 1756 1670 cum
1790 1621 2064 1668 summo
2100 1599 2410 1670 diluculo
2445 1599 2796 1671 illucesce-

253 1705 374 1767 ret,
412 1689 580 1758 dum
631 1689 751 1758 alii
792 1688 875 1757 ad
929 1689 1264 1759 insultum
1317 1689 1528 1758 turris
1567 1689 1921 1767 insistunt,
1994 1689 2110 1757 alii
2161 1689 2453 1778 sagittiS,
2519 1691 2638 1759 alii
2687 1692 2795 1779 ja-

251 1778 430 1848 culis
477 1778 865 1868 pontificem
919 1790 983 1846 et
1030 1777 1317 1847 clericos
1351 1778 1500 1867 ejus
1549 1789 1906 1867 appetunt,
1943 1777 2226 1865 quidam
2264 1779 2383 1865 qui
2434 1780 2502 1847 in
2559 1802 2792 1848 necem

251 1870 402 1955 ejus
442 1867 718 1957 jurasse
767 1864 1199 1947 dicebantur,
1243 1880 1571 1954 tanquam
1606 1866 1946 1937 avidiores
1979 1867 2284 1936 crudelis
2334 1867 2525 1938 illius
2566 1869 2798 1939 caedis

253 1956 773 2046 perpetrandae,
819 1956 1253 2045 pertinaciter
1302 1956 1789 2043 irrumpentes,
1851 1955 1936 2024 ad
1989 1978 2071 2025 su
2123 1957 2347 2026 eriora
2408 1958 2618 2026 turris
2675 1982 2798 2026 au-

254 2045 486 2113 dacter
524 2056 915 2115 evaserunt.
978 2052 1161 2127 Quos
1209 2058 1285 2114 ut
1337 2044 1502 2113 vidit
1543 2044 1876 2113 districtis
1934 2044 2046 2135 gla
2103 2045 2187 2114 iis
2235 2045 2521 2124 irruere,
2596 2068 2678 2115 ne
2729 2047 2797 2114 in

254 2134 551 2203 aliorum
620 2146 903 2203 mortem
971 2133 1419 2209 desaevirent,
1480 2132 1927 2222 progrediens
1984 2134 2282 2213 obviam,
2331 2136 2641 2225 magistri
2693 2137 2801 2204 sui

255 2222 651 2312 exemplum
695 2235 1013 2293 secutus:
1049 2245 1083 2288 «
1112 2227 1358 2301 Unum,
1398 2222 1646 2306 inquit,
1681 2222 2030 2291 hominem
2059 2222 2416 2309 quaeritis;
2450 2246 2606 2292 ecce
2645 2246 2793 2325 ego:

253 2311 514 2380 Parcite
563 2310 712 2380 istis
760 2310 880 2397 qui
934 2311 1195 2379 nullam
1248 2312 1487 2380 mortis
1553 2312 1960 2380 sententiam
2015 2326 2509 2394 meruerunt.»
2574 2319 2649 2381 At
2699 2312 2799 2381 illi

252 2421 331 2468 eo
381 2401 547 2478 viso,
584 2413 659 2468 ut
706 2411 850 2468 erat
882 2399 1110 2468 adhuc
1137 2400 1434 2469 amictus
1472 2399 1849 2489 episcopali
1878 2411 1942 2468 et
1981 2399 2387 2469 sacerdotali
2428 2412 2607 2471 veste
2636 2424 2802 2491 pur-

254 2510 492 2579 purea,
529 2489 743 2558 territi
775 2501 961 2570 sunt,
997 2503 1060 2558 et
1107 2510 1267 2556 cum
1325 2488 1691 2578 paululum
1745 2488 2270 2569 retrocederent,
2326 2491 2396 2557 in
2453 2504 2801 2560 momento

258 2582 455 2655 Deus,
494 2579 697 2666 cujus
741 2590 913 2646 nutu
959 2578 1194 2647 omnia
1242 2578 1814 2667 disponebantur,
1885 2577 2232 2646 declarata
2285 2579 2607 2667 martyris
2658 2581 2790 2659 sui,

252 2680 589 2752 quantum
645 2668 710 2734 in
762 2688 839 2734 eo
874 2667 1023 2746 fuit,
1062 2667 1473 2745 constantia,
1529 2666 1700 2735 adeo
1754 2680 2016 2735 mentes
2067 2665 2347 2735 illorum
2405 2678 2801 2754 persecuto-

256 2778 411 2823 rum
464 2755 889 2845 compunxit,
932 2768 1005 2824 ut
1052 2755 1135 2824 ad
1175 2754 1378 2844 pedes
1412 2756 1563 2844 ejus
1610 2768 2033 2835 corruentes,
2079 2754 2345 2823 veniam
2398 2757 2569 2827 tanti
2632 2755 2801 2824 saci-

255 2845 440 2913 noris
493 2856 936 2933 precarentur
982 2857 1044 2913 et
1094 2844 1507 2932 acciperent,
1554 2857 1757 2930 atque
1805 2865 1883 2911 ex
1936 2843 2250 2913 hostibus
2289 2845 2355 2911 in
2407 2843 2808 2915 defensores

305 2932 631 3001 rodirent.
687 2933 812 3002 Alii
875 2956 1029 3002 vero
1080 2931 1389 3001 celeriter
1439 2933 1880 3020 insequentes
1928 2955 2067 3012 eos,
2111 2954 2329 3001 unum
2380 2955 2459 3001 ex
2508 2935 2805 3002 cubicu-

283 3021 447 3090 ariis
485 3023 635 3112 ejus
683 3022 805 3108 qui
847 3021 1139 3091 fideliter
1201 3022 1260 3089 ei
1326 3021 1764 3101 adhaerebat,
1827 3021 2197 3108 quemdam
2252 3021 2517 3090 aditum
2570 3021 2806 3091 desen-

257 3110 527 3180 dentem
584 3123 1005 3200 repererunt,
1050 3111 1112 3179 ei
1151 3110 1299 3199 jam
1353 3111 1767 3201 Episcopum
1831 3111 1918 3179 ab
1969 3110 2124 3179 aliis
2187 3110 2609 3180 trucidatum
2677 3134 2807 3201 pu-

260 3211 501 3277 tantes,
551 3199 752 3268 illum
801 3199 983 3285 quod
1018 3198 1381 3268 dominum
1412 3222 1615 3269 suum
1660 3199 1976 3288 diligeret
2001 3200 2158 3268 odio
2194 3200 2546 3279 habenteS,
2575 3200 2807 3291 gladio

255 3300 780 3376 percusserunt,
848 3302 915 3357 et
960 3309 1182 3373 usque
1231 3287 1317 3355 ad
1382 3302 1623 3378 guttur
1670 3288 1928 3358 collum
1981 3302 2334 3368 secantes,
2391 3288 2823 3359 semivivum

253 3375 708 3463 reliquerunt,
733 3399 908 3483 ‘cum
962 3377 1336 3445 extinctum
1385 3377 1775 3446 crederent.

342 3468 588 3560 §aa
642 3466 831 3547 Quod
889 3466 1127 3535 videns
1169 3465 1270 3532 vir
1323 3467 1459 3544 Dei,
1490 3467 1820 3551 omnibus
1872 3466 2127 3546 invitis,
2187 3467 2253 3533 in
2314 3466 2612 3535 mediam
2669 3480 2809 3535 tur-

258 3554 416 3623 bam
471 3555 786 3643 prosiliit,
852 3565 917 3623 et
966 3554 1271 3622 inimicis
1337 3552 1595 3623 faciens
1656 3555 1765 3623 sui
1817 3555 2115 3643 copiam,
2154 3556 2358 3624 morti
2410 3577 2480 3622 se
2529 3554 2802 3633 obtulit,

256 3643 521 3732 eligens
571 3644 745 3713 mori
797 3644 1048 3733 potius,
1087 3664 1296 3728 quam
1352 3656 1425 3713 ut
1474 3643 1730 3730 aliquis
1778 3642 1982 3723 aliuS,
2047 3645 2196 3733 ipso
2247 3644 2637 3733 superstite,
2693 3667 2808 3711 oc-

254 3733 633 3801 cumberet.
672 3737 970 3802 Cernens
1000 3744 1233 3800 autem
1286 3752 1443 3800 eum
1499 3731 1615 3800 ille
1666 3730 1847 3799 idem
1889 3733 2008 3818 qui
2052 3734 2448 3802 ministrum
2484 3734 2635 3823 ejus
2660 3754 2812 3822 per-

255 3833 587 3899 cusserat,
646 3819 874 3890 surore
922 3820 1265 3889 diabolico
1298 3835 1363 3889 et
1404 3821 1769 3907 iniquitate
1803 3820 2073 3909 plenuS,
2112 3822 2553 3910 evaginatum
2606 3844 2804 3890 eum-

254 3931 389 3995 que
439 3923 801 3979 cruentum
853 3908 1080 3978 adhuc
1132 3906 1446 3999 gladium
1501 3924 1762 3989 tenenS‚
1809 3909 2112 3978 extendit
2163 3932 2449 3978 manum
2487 3933 2685 3981 suam
2739 3911 2808 3978 in

258 3997 679 4086 pontificem,
741 4011 806 4068 et
853 3998 1102 4067 audaci
1157 3999 1531 4067 temeritate
1581 3997 1915 4087 grandem
1972 3999 2185 4067 ictum
2236 3999 2306 4066 in
2358 4000 2510 4089 ejus
2563 4000 2809 4068 bume-

261 4108 414 4155 rum
468 4087 739 4156 intulit:
797 4086 915 4155 sed
969 4087 1211 4156 resiliit
1260 4087 1562 4178 gladiuS,
1605 4086 1889 4177 perinde
1939 4088 2081 4155 acsi
2131 4110 2375 4158 caesus
2410 4102 2586 4158 esset
2633 4088 2812 4187 lapis

261 4173 779 4255 adamantium,
821 4188 885 4245 et
915 4175 1009 4244 de
1061 4178 1338 4255 recenti,
1377 4198 1514 4262 quo
1561 4166 2037 4254 erat·tinctuS,
2093 4178 2436 4266 sanguine
2498 4177 2812 4246 fimbrias

262 4264 495 4353 episco
547 4264 678 4333 alis
715 4265 956 4333 mitrae
995 4287 1208 4351 quam
1259 4266 1328 4333 in
1379 4264 1603 4354 capite
1642 4264 1974 4354 gestabat,
2025 4264 2297 4334 infecit:
2361 4288 2537 4352 quae
2579 4266 2802 4345 mitra,

263 4373 471 4439 quam
533 4353 602 4423 iu
655 4354 857 4422 homo
897 4354 1079 4434 vixit,
1119 4376 1267 4423 eam
1303 4353 1647 4424 maculam
1704 4353 2008 4422 retinuit.
2062 4354 2379 4423 Videntes
2427 4366 2653 4423 autem
2687 4355 2809 4440 qui

267 4441 538 4511 stabant
566 4463 647 4511 ex
674 4441 980 4524 adverso,
1020 4443 1111 4512 rei
1162 4443 1421 4512 exitum
1464 4453 1921 4533 expectanteS,
1963 4444 2220 4530 quique
2257 4444 2479 4532 magis
2506 4442 2809 4510 hominis
