3357 4995
693 307 823 370 480
1910 261 1924 286 ⁰
2791 299 3011 366 JUMI
3057 300 3148 367 22

1081 523 1697 626 MARTYRIUM
1765 524 1854 626 S.
1921 523 2332 623 ALBANl,
2375 520 2712 622 ANGLl‘

1138 765 1362 842 QUEM
1413 764 1836 843 PLER³IQUE1
1872 763 2250 830 ALBINUM:
2284 761 2594 828 vocam*

602 996 683 1045 ax
729 997 1023 1045 msroma
1052 995 1523 1046 accnasusrtcit
1556 995 1776 1044 camis
1809 994 2146 1044 ANsLoann
2188 996 2386 1042 asnaa
2428 974 2540 1042 lib.
2593 985 2650 1054 Ι,
2697 993 2845 1064 cap.
2880 982 2917 1042 6
2959 983 3020 1041 et
3066 981 3130 1043 7.

1159 1192 1368 1250 Initio
1410 1206 1583 1250 saec.
1633 1193 1732 1247 IV
1772 1222 1852 1232 —-
1894 1193 2168 1261 Origine
2209 1194 2578 1251 Romanus.

692 1400 728 1484 ξ
754 1403 833 1469 1³:
862 1399 1051 1464 Anno
1076 1391 1569 1466 incarnationis
1596 1391 1991 1461 Dominicae
2016 1392 2484 1461 ducentesimo
2509 1390 3141 1483 octogesimosexto,

610 1484 1068 1555 Diocletianus
1117 1481 1782 1582 trigesitnustertius·
1808 1481 1894 1550 ab
1935 1487 2236 1571 Augusto
2281 1485 2683 1570 Imperator,
2721 1481 2809 1550 ab
2841 1480 3146 1549 exercitu

603 1574 885 1651 electus,
924 1572 1127 1640 annis
1177 1569 1418 1664 viginti
1466 1569 1619 1648 fuit,
1675 1570 2330 1656 Maximianumque,
2385 1582 2840 1659 cognomento
2890 1574 3152 1638 Hercu-

606 1663 815 1742 leum,
872 1659 1134 1729 socium
1189 1659 1442 1728 creavit
1492 1658 1897 1746 imperiizet
1932 1658 2388 1728 Diocletianus
2435 1657 2716 1744 quidem
2751 1658 2822 1725 in
2849 1659 3145 1736 Oriente,

613 1749 1069 1819 Maximianus
1118 1759 1344 1816 autem
1382 1746 1759 1815 Herculeus
1810 1747 1877 1815 in
1928 1746 2292 1816 Occidente
2339 1747 2588 1816 vastari
2638 1745 3009 1827 EcclesiaS,
3048 1744 3150 1815 af·-

605 1840 754 1928 ssigi
805 1836 1233 1924 interficique
1280 1835 1726 1915 ChristianOS,
1780 1834 2048 1906 decimo
2099 1847 2246 1924 post
2287 1840 2615 1904 Neronem
2652 1834 2824 1915 locO,
2871 1855 3149 1925 praece-

607 1937 878 2027 perunt.
935 1930 1120 2007 Quae
1156 1924 1537 2015 persecutio
1584 1923 1912 1994 omnibus
1962 1924 2098 1994 sere
2141 1924 2470 1993 anteactis
2516 1923 2917 1992 diuturnior
2946 1935 3151 2011 atque

610 2015 987 2083 immanior
1011 2013 1163 2082 fuit.
1196 2019 1361 2082 Nam
1404 2033 1524 2102 per
1556 2011 1793 2081 decem
1836 2034 2056 2082 annos
2106 2012 2445 2082 incendiis
2476 2012 2952 2092 ecclesiarum,
2993 2034 3150 2101 pro-

609 2102 1105 2194 scriptionibus
1134 2103 1606 2181 innocentum,
1647 2100 1977 2171 caedibus
2019 2115 2396 2190 martyrum
2448 2100 2951 2171 incessabiliter
2996 2113 3142 2169 acta

606 2205 729 2262 est.
797 2198 986 2260 Tunc
1035 2191 1236 2260 etiarn
1312 2190 1729 2259 Britanniam
1807 2190 2106 2280 plurima
2182 2189 2633 2260 confessionis
2691 2194 2820 2258 Deo
2874 2189 3147 2258 devotae

608 2281 826 2372 gloria
869 2280 1289 2350 sublimavit.

697 2372 732 2456 ξ
785 2374 871 2440 2.
930 2368 1279 2455 Siquidem
1315 2368 1383 2435 in
1433 2390 1511 2437 ea
1562 2389 1808 2459 passus
1855 2377 1955 2437 est
2005 2372 2069 2435 S.
2125 2367 2449 2451 AlbanuS,
2506 2366 2589 2436 de
2620 2388 2759 2455 quo
2795 2367 3148 2456 presbyter

614 2463 1025 2528 Fortunatus
1074 2457 1143 2526 in
1196 2456 1400 2526 laude
1433 2458 1808 2550 virginum,
1862 2478 2021 2526 cum
2059 2455 2409 2525 beatorum
2466 2468 2875 2545 martyrum,
2914 2453 3141 2543 quide

610 2561 743 2616 toto
783 2547 957 2616 Orbe
990 2546 1073 2616 ad
1116 2547 1476 2616 Dominum
1528 2547 1860 2627 venirent,
1922 2546 2334 2614 mentionem
2388 2544 2657 2626 faceret,
2708 2546 2839 2614 ait:

1042 2689 1342 2750 Albanum
1386 2692 1705 2767 egregium
1751 2689 2038 2750 foecunda
2088 2688 2402 2749 Britannia
2446 2688 2690 2765 profert.
2807 2667 2816 2678 ”

697 2824 733 2908 ξ
778 2825 868 2892 8.
927 2821 1056 2903 Qui
1110 2819 1420 2890 videlicet
1470 2820 1773 2889 Albanus
1825 2843 1905 2910 pa
1959 2843 2135 2889 anus
2183 2819 2436 2900 adhuc,
2507 2841 2665 2889 cum
2729 2818 3149 2910 perfidorum

610 2910 835 3000 princi
893 2932 1010 2978 um
1082 2909 1402 2977 mandata
1453 2908 1821 2978 adversum
1885 2913 1927 2977 C
1985 2909 2303 2978 ristianos
2351 2909 2736 2988 saevirent,
2810 2907 3140 2977 clericum

609 3020 814 3086 quem
873 3020 980 3066 am
1040 3010 1511 3087 persecutores
1550 2997 1962 3088 fugientem,
2019 2997 2315 3087 hospitio
2376 3018 2527 3066 rece
2583 2998 2670 3066 it:
2725 3017 2926 3084 quem
2980 2995 3151 3064 dum

611 3086 1039 3157 orationibus
1066 3087 1414 3155 continuis
1452 3107 1531 3155 ac
1562 3085 1817 3176 vigiliis
1855 3084 1981 3155 diu
2021 3099 2362 3173 noctuque
2396 3098 2506 3156 stu
2558 3090 2669 3155 e‘re
2700 3085 3148 3174 conspiceret,

612 3174 841 3245 subito
903 3174 1134 3242 divina
1186 3175 1408 3265 gratia
1454 3187 1831 3265 respectuS,
1870 3174 2260 3263 exemplum
2302 3173 2462 3243 fidei
2513 3197 2591 3244 ac
2645 3174 2912 3264 pictatis
2961 3172 3155 3241 illius

611 3263 836 3353 coepit
860 3262 1233 3332 aemulari:
1264 3286 1343 3332 ac
1378 3264 1802 3334 salutaribus
1830 3264 1982 3353 ejus
2011 3263 2598 3332 exhortationibus
2633 3263 2964 3353 paulatim
2998 3260 3154 3330 edo-

612 3364 789 3432 ctuS,
836 3350 1091 3420 relictis
1141 3351 1565 3422 idololatriae
1604 3353 1928 3430 tenebris,
1983 3352 2410 3422 Christianus
2477 3352 2743 3443 integro
2809 3374 2889 3420 ex
2951 3348 3154 3420 corde

612 3440 835 3511 factus
883 3451 1004 3508 est.
1042 3444 1351 3527 Cumque
1383 3441 1730 3531 praefatus
1776 3440 2077 3510 Clericus
2105 3441 2139 3474 ²*
2178 3440 2456 3528 aliquot'
2487 3440 2732 3511 diebus
2770 3440 2959 3530 apud
2993 3460 3151 3508 eum

612 3528 1103 3628 hospitaretur,
1180 3531 1482 3619 pervenit
1529 3530 1613 3599 ad
1666 3552 1868 3601 aures
1908 3528 2187 3598 nefandi
2239 3530 2579 3620 principis
2614 3584 2630 3611 ‚
2695 3528 3154 3599 confessorem

615 3616 888 3696 Christi,
944 3617 1057 3686 cui
1109 3617 1404 3687 necdum
1455 3618 1675 3689 fuerat
1725 3618 1915 3687 locus
1956 3619 2268 3708 martyrii
2321 3619 2688 3709 deputatus
2719 3673 2734 3698 ,
2790 3639 3001 3706 penes
3049 3615 3153 3685 At-

615 3706 876 3774 banurn
909 3704 1139 3773 latere.
1175 3706 1363 3776 Unde
1390 3709 1618 3779 statim
1646 3708 1859 3796 jussit
1891 3706 2141 3777 milites
2167 3707 2567 3799 diligentius
2591 3728 2746 3777 eum
2784 3706 3148 3793 inquirere.

615 3794 746 3875 Qui
794 3793 1083 3893 eumad
1122 3797 1472 3885 tugurium
1523 3796 1849 3885 martyris
1897 3797 2388 3897 pervenissent,
2445 3819 2599 3866 mox
2639 3818 2711 3865 se
2751 3800 2815 3865 S.
2857 3795 3157 3864 Albanus

614 3904 741 3972 pro
790 3881 1058 3970 hospite
1105 3905 1185 3952 ac
1217 3886 1543 3976 magistro
1592 3907 1742 3965 su0,
1785 3885 2003 3975 ipsius
2051 3886 2318 3966 habitu,
2354 3885 2419 3954 id
2452 3899 2576 3967 est,
2615 3883 2989 3964 caracalla,
3020 3904 3157 3970 qua

615 3970 1030 4040 vestiebatur
1058 3971 1149 4053 *ἵ
1190 3972 1500 4055 indutuS,
1542 3974 1882 4045 militibus
1927 3975 2261 4056 exhibuit,
2307 3987 2511 4062 atque
2540 3973 2625 4044 ad
2659 3973 2970 4063 judicem
3002 3973 3154 4041 vin-

616 4069 769 4129 ctus
823 4060 1196 4148 perductus
1248 4075 1371 4132 est.

705 4148 740 4233 ἓ
789 4152 874 4219 4.
912 4150 1204 4240 Contigit
1250 4163 1480 4221 autem
1523 4150 1830 4240 judicem
1866 4172 1946 4221 ea
1979 4152 2171 4231 hora,
2213 4173 2352 4238 qua
2379 4151 2464 4221 ad
2500 4174 2656 4223 eum
2688 4151 2992 4220 Albanus
3033 4150 3154 4219 ad-

617 4235 1021 4320 ducebatur,
1058 4238 1196 4310 aris
1227 4241 1565 4321 assistere,
1605 4263 1686 4310 ac
1734 4240 2191 4311 daemonibus
2228 4241 2483 4312 hostias
2529 4242 2793 4311 offerre.
2850 4244 3158 4328 Cumque

670 4401 695 4426 ⁴
715 4401 1024 4441 Ammianus
1046 4403 1251 4449 nomine,
1271 4403 1354 4451 qut
1372 4403 1563 4443 unctus
1584 4404 1764 4451 martyr
1783 4402 1990 4445 retertur
2009 4403 2059 4444 in
2077 4401 2427 4455 martyrologiis
2444 4404 2712 4455 Anguem
2729 4403 2787 4444 td
2802 4403 2930 4445 dian:
2944 4402 3159 4452 xxvjun·

672 4453 726 4480 *⁸
756 4455 991 4495 Caracalla
1014 4456 1162 4497 vestis
1181 4458 1281 4497 arnt
1303 4457 1404 4497 aive
1425 4457 1623 4505 paulum
1646 4466 1753 4497 eum
1771 4456 1976 4498 cucullo.
