<?xml version="1.0" encoding="UTF-8"?>
<!DOCTYPE html PUBLIC "-//W3C//DTD XHTML 1.0 Transitional//EN"
    "http://www.w3.org/TR/xhtml1/DTD/xhtml1-transitional.dtd">
<html xmlns="http://www.w3.org/1999/xhtml" xml:lang="en" lang="en">
 <head>
  <title>
</title>
<meta http-equiv="Content-Type" content="text/html;charset=utf-8" />
  <meta name='ocr-system' content='tesseract 3.04.00' />
  <meta name='ocr-capabilities' content='ocr_page ocr_carea ocr_par ocr_line ocrx_word'/>
</head>
<body>
  <div class='ocr_page' id='page_1' title='image "./historiaeseuvit02lippgoog_0284.png"; bbox 0 0 3357 4995; ppageno 0'>
   <div class='ocr_carea' id='block_1_1' title="bbox 691 264 3162 338">
    <p class='ocr_par' dir='ltr' id='par_1_1' title="bbox 691 264 3162 338">
     <span class='ocr_line' id='line_1_1' title="bbox 691 264 3162 338; baseline -0.004 0"><span class='ocrx_word' id='word_1_1' title='bbox 691 275 821 338; x_wconf 76' lang='lat'><strong>268</strong></span> <span class='ocrx_word' id='word_1_2' title='bbox 1446 288 1523 334; x_wconf 73' lang='lat' dir='ltr'><strong>na</strong></span> <span class='ocrx_word' id='word_1_3' title='bbox 1572 288 1627 336; x_wconf 92' lang='lat' dir='ltr'><strong>s.</strong></span> <span class='ocrx_word' id='word_1_4' title='bbox 1686 284 2007 334; x_wconf 70' lang='lat' dir='ltr'><strong>nonurmo</strong></span> <span class='ocrx_word' id='word_1_5' title='bbox 2054 282 2329 330; x_wconf 69' lang='lat' dir='ltr'><strong>annium</strong></span> <span class='ocrx_word' id='word_1_6' title='bbox 2797 264 3017 329; x_wconf 84' lang='lat' dir='ltr'>JUNII</span> <span class='ocrx_word' id='word_1_7' title='bbox 3072 266 3162 331; x_wconf 68' lang='lat'><strong>42</strong></span> 
     </span>
    </p>
   </div>
   <div class='ocr_carea' id='block_1_2' title="bbox 599 367 3168 1263">
    <p class='ocr_par' dir='ltr' id='par_1_2' title="bbox 599 367 3168 1263">
     <span class='ocr_line' id='line_1_2' title="bbox 603 367 3163 454; baseline -0.002 -10"><span class='ocrx_word' id='word_1_8' title='bbox 603 375 1029 454; x_wconf 78' lang='lat' dir='ltr'><strong>laborabam,</strong></span> <span class='ocrx_word' id='word_1_9' title='bbox 1084 395 1122 441; x_wconf 92' lang='lat' dir='ltr'><strong>o</strong></span> <span class='ocrx_word' id='word_1_10' title='bbox 1184 372 1414 451; x_wconf 86' lang='lat' dir='ltr'><strong>frater,</strong></span> <span class='ocrx_word' id='word_1_11' title='bbox 1479 370 1648 441; x_wconf 90' lang='lat' dir='ltr'><strong>adeo</strong></span> <span class='ocrx_word' id='word_1_12' title='bbox 1708 383 1784 440; x_wconf 92' lang='lat' dir='ltr'><strong>ut</strong></span> <span class='ocrx_word' id='word_1_13' title='bbox 1842 369 2076 440; x_wconf 88' lang='lat' dir='ltr'><strong>dolore</strong></span> <span class='ocrx_word' id='word_1_14' title='bbox 2140 367 2529 447; x_wconf 80' lang='lat' dir='ltr'><strong>cruciatuS‚</strong></span> <span class='ocrx_word' id='word_1_15' title='bbox 2585 389 2694 435; x_wconf 91' lang='lat' dir='ltr'><strong>me</strong></span> <span class='ocrx_word' id='word_1_16' title='bbox 2759 368 2825 435; x_wconf 87' lang='lat' dir='ltr'><strong>in</strong></span> <span class='ocrx_word' id='word_1_17' title='bbox 2899 381 3163 438; x_wconf 87' lang='lat' dir='ltr'><strong>terram</strong></span> 
     </span>
     <span class='ocr_line' id='line_1_3' title="bbox 603 455 3165 554; baseline -0.002 -22"><span class='ocrx_word' id='word_1_18' title='bbox 603 465 1036 554; x_wconf 80' lang='lat' dir='ltr'>projicerem,</span> <span class='ocrx_word' id='word_1_19' title='bbox 1071 476 1147 530; x_wconf 89' lang='lat' dir='ltr'><strong>ut</strong></span> <span class='ocrx_word' id='word_1_20' title='bbox 1195 461 1314 547; x_wconf 90' lang='lat' dir='ltr'><strong>qui</strong></span> <span class='ocrx_word' id='word_1_21' title='bbox 1369 460 1439 528; x_wconf 92' lang='lat' dir='ltr'><strong>in</strong></span> <span class='ocrx_word' id='word_1_22' title='bbox 1499 472 1735 529; x_wconf 88' lang='lat' dir='ltr'><strong>ventre</strong></span> <span class='ocrx_word' id='word_1_23' title='bbox 1767 459 2139 528; x_wconf 82' lang='lat' dir='ltr'><strong>maximam</strong></span> <span class='ocrx_word' id='word_1_24' title='bbox 2194 456 2515 527; x_wconf 75' lang='lat' dir='ltr'><strong>sentirem</strong></span> <span class='ocrx_word' id='word_1_25' title='bbox 2558 455 2972 536; x_wconf 80' lang='lat' dir='ltr'><strong>molestiam,</strong></span> <span class='ocrx_word' id='word_1_26' title='bbox 3030 479 3165 528; x_wconf 83' lang='lat' dir='ltr'><strong>nec</strong></span> 
     </span>
     <span class='ocr_line' id='line_1_4' title="bbox 605 546 3168 644; baseline -0.002 -23"><span class='ocrx_word' id='word_1_27' title='bbox 605 575 871 644; x_wconf 85' lang='lat' dir='ltr'><strong>possem</strong></span> <span class='ocrx_word' id='word_1_28' title='bbox 911 564 1121 640; x_wconf 88' lang='lat' dir='ltr'><strong>caput</strong></span> <span class='ocrx_word' id='word_1_29' title='bbox 1167 550 1461 638; x_wconf 88' lang='lat' dir='ltr'><strong>erigere:</strong></span> <span class='ocrx_word' id='word_1_30' title='bbox 1517 550 1604 618; x_wconf 93' lang='lat' dir='ltr'><strong>ob</strong></span> <span class='ocrx_word' id='word_1_31' title='bbox 1640 547 1849 636; x_wconf 91' lang='lat' dir='ltr'><strong>idque</strong></span> <span class='ocrx_word' id='word_1_32' title='bbox 1879 547 2174 637; x_wconf 86' lang='lat' dir='ltr'><strong>cogebar</strong></span> <span class='ocrx_word' id='word_1_33' title='bbox 2206 566 2429 614; x_wconf 89' lang='lat' dir='ltr'><strong>meam</strong></span> <span class='ocrx_word' id='word_1_34' title='bbox 2463 546 2777 632; x_wconf 78' lang='lat' dir='ltr'><strong>synaxim</strong></span> <span class='ocrx_word' id='word_1_35' title='bbox 2830 566 3168 635; x_wconf 82' lang='lat' dir='ltr'><strong>peragere</strong></span> 
     </span>
     <span class='ocr_line' id='line_1_5' title="bbox 602 634 3166 724; baseline -0.002 -14"><span class='ocrx_word' id='word_1_36' title='bbox 602 641 972 720; x_wconf 85' lang='lat' dir='ltr'><strong>volutatuS,</strong></span> <span class='ocrx_word' id='word_1_37' title='bbox 1047 643 1282 716; x_wconf 89' lang='lat' dir='ltr'><strong>Deum,</strong></span> <span class='ocrx_word' id='word_1_38' title='bbox 1348 638 1469 724; x_wconf 91' lang='lat' dir='ltr'><strong>qui</strong></span> <span class='ocrx_word' id='word_1_39' title='bbox 1522 639 1589 706; x_wconf 90' lang='lat' dir='ltr'><strong>in</strong></span> <span class='ocrx_word' id='word_1_40' title='bbox 1653 637 1983 706; x_wconf 89' lang='lat' dir='ltr'><strong>omnibus</strong></span> <span class='ocrx_word' id='word_1_41' title='bbox 2039 648 2141 703; x_wconf 89' lang='lat' dir='ltr'><strong>est</strong></span> <span class='ocrx_word' id='word_1_42' title='bbox 2202 634 2613 713; x_wconf 78' lang='lat' dir='ltr'><strong>misericors,</strong></span> <span class='ocrx_word' id='word_1_43' title='bbox 2669 655 2947 724; x_wconf 83' lang='lat' dir='ltr'><strong>roganS,</strong></span> <span class='ocrx_word' id='word_1_44' title='bbox 3013 649 3166 704; x_wconf 88' lang='lat' dir='ltr'><strong>tam</strong></span> 
     </span>
     <span class='ocr_line' id='line_1_6' title="bbox 602 722 3166 821; baseline -0.003 -23"><span class='ocrx_word' id='word_1_45' title='bbox 602 744 880 821; x_wconf 89' lang='lat' dir='ltr'><strong>propter</strong></span> <span class='ocrx_word' id='word_1_46' title='bbox 927 750 1112 804; x_wconf 89' lang='lat' dir='ltr'><strong>eum,</strong></span> <span class='ocrx_word' id='word_1_47' title='bbox 1148 727 1268 813; x_wconf 90' lang='lat' dir='ltr'><strong>qui</strong></span> <span class='ocrx_word' id='word_1_48' title='bbox 1304 748 1412 795; x_wconf 88' lang='lat' dir='ltr'><strong>me</strong></span> <span class='ocrx_word' id='word_1_49' title='bbox 1459 739 1626 804; x_wconf 69' lang='lat' dir='ltr'><strong>tmic</strong></span> <span class='ocrx_word' id='word_1_50' title='bbox 1675 724 2043 814; x_wconf 87' lang='lat' dir='ltr'><strong>affligebat,</strong></span> <span class='ocrx_word' id='word_1_51' title='bbox 2083 722 2415 798; x_wconf 86' lang='lat' dir='ltr'><strong>dolorem.</strong></span> <span class='ocrx_word' id='word_1_52' title='bbox 2470 743 2681 808; x_wconf 86' lang='lat' dir='ltr'><strong>quam</strong></span> <span class='ocrx_word' id='word_1_53' title='bbox 2718 745 2839 811; x_wconf 93' lang='lat' dir='ltr'><strong>pro</strong></span> <span class='ocrx_word' id='word_1_54' title='bbox 2892 723 3166 792; x_wconf 88' lang='lat' dir='ltr'><strong>redem-</strong></span> 
     </span>
     <span class='ocr_line' id='line_1_7' title="bbox 600 811 3165 909; baseline -0.002 -21"><span class='ocrx_word' id='word_1_55' title='bbox 600 821 831 909; x_wconf 89' lang='lat' dir='ltr'><strong>ptione</strong></span> <span class='ocrx_word' id='word_1_56' title='bbox 894 837 1206 886; x_wconf 86' lang='lat' dir='ltr'><strong>meorum</strong></span> <span class='ocrx_word' id='word_1_57' title='bbox 1241 827 1708 905; x_wconf 90' lang='lat' dir='ltr'><strong>peccatorum.</strong></span> <span class='ocrx_word' id='word_1_58' title='bbox 1771 819 1938 883; x_wconf 85' lang='lat' dir='ltr'><strong>Cum</strong></span> <span class='ocrx_word' id='word_1_59' title='bbox 1988 834 2148 881; x_wconf 89' lang='lat' dir='ltr'><strong>vero</strong></span> <span class='ocrx_word' id='word_1_60' title='bbox 2180 811 2434 881; x_wconf 86' lang='lat' dir='ltr'><strong>multos</strong></span> <span class='ocrx_word' id='word_1_61' title='bbox 2476 811 2746 881; x_wconf 92' lang='lat' dir='ltr'><strong>labores</strong></span> <span class='ocrx_word' id='word_1_62' title='bbox 2782 812 3165 882; x_wconf 86' lang='lat' dir='ltr'><strong>sustinuis-</strong></span> 
     </span>
     <span class='ocr_line' id='line_1_8' title="bbox 601 898 3163 993; baseline -0.003 -15"><span class='ocrx_word' id='word_1_63' title='bbox 601 930 769 989; x_wconf 90' lang='lat' dir='ltr'><strong>sem,</strong></span> <span class='ocrx_word' id='word_1_64' title='bbox 824 905 1128 993; x_wconf 90' lang='lat' dir='ltr'><strong>quodam</strong></span> <span class='ocrx_word' id='word_1_65' title='bbox 1178 904 1291 973; x_wconf 92' lang='lat' dir='ltr'><strong>die</strong></span> <span class='ocrx_word' id='word_1_66' title='bbox 1323 901 1494 974; x_wconf 90' lang='lat' dir='ltr'><strong>dum</strong></span> <span class='ocrx_word' id='word_1_67' title='bbox 1544 903 1879 983; x_wconf 87' lang='lat' dir='ltr'><strong>sederem,</strong></span> <span class='ocrx_word' id='word_1_68' title='bbox 1942 914 2007 971; x_wconf 90' lang='lat' dir='ltr'><strong>et</strong></span> <span class='ocrx_word' id='word_1_69' title='bbox 2055 901 2246 990; x_wconf 84' lang='lat' dir='ltr'><strong>gravi</strong></span> <span class='ocrx_word' id='word_1_70' title='bbox 2295 898 2533 968; x_wconf 84' lang='lat' dir='ltr'><strong>dolore</strong></span> <span class='ocrx_word' id='word_1_71' title='bbox 2585 900 2839 969; x_wconf 86' lang='lat' dir='ltr'><strong>ventris</strong></span> <span class='ocrx_word' id='word_1_72' title='bbox 2876 921 3163 970; x_wconf 82' lang='lat' dir='ltr'><strong>vexarer</strong></span> 
     </span>
     <span class='ocr_line' id='line_1_9' title="bbox 599 991 3166 1082; baseline -0.002 -18"><span class='ocrx_word' id='word_1_73' title='bbox 599 998 1045 1074; x_wconf 87' lang='lat' dir='ltr'><strong>intrinsecus,</strong></span> <span class='ocrx_word' id='word_1_74' title='bbox 1086 992 1224 1060; x_wconf 89' lang='lat' dir='ltr'><strong>vidi</strong></span> <span class='ocrx_word' id='word_1_75' title='bbox 1264 992 1489 1060; x_wconf 88' lang='lat' dir='ltr'><strong>virum</strong></span> <span class='ocrx_word' id='word_1_76' title='bbox 1543 993 1887 1082; x_wconf 83' lang='lat' dir='ltr'><strong>insignem</strong></span> <span class='ocrx_word' id='word_1_77' title='bbox 1922 1011 2153 1059; x_wconf 91' lang='lat' dir='ltr'><strong>coram</strong></span> <span class='ocrx_word' id='word_1_78' title='bbox 2206 1010 2315 1057; x_wconf 89' lang='lat' dir='ltr'><strong>me</strong></span> <span class='ocrx_word' id='word_1_79' title='bbox 2350 1000 2667 1068; x_wconf 84' lang='lat' dir='ltr'><strong>stantem,</strong></span> <span class='ocrx_word' id='word_1_80' title='bbox 2724 991 2844 1075; x_wconf 92' lang='lat' dir='ltr'><strong>qui</strong></span> <span class='ocrx_word' id='word_1_81' title='bbox 2896 1011 3003 1057; x_wconf 89' lang='lat' dir='ltr'><strong>me</strong></span> <span class='ocrx_word' id='word_1_82' title='bbox 3052 1003 3166 1059; x_wconf 84' lang='lat' dir='ltr'><strong>est</strong></span> 
     </span>
     <span class='ocr_line' id='line_1_10' title="bbox 600 1075 3166 1166; baseline -0.002 -13"><span class='ocrx_word' id='word_1_83' title='bbox 600 1086 968 1162; x_wconf 88' lang='lat' dir='ltr'><strong>allocutus,</strong></span> <span class='ocrx_word' id='word_1_84' title='bbox 1032 1081 1302 1152; x_wconf 91' lang='lat' dir='ltr'><strong>dicens:</strong></span> <span class='ocrx_word' id='word_1_85' title='bbox 1351 1081 1526 1163; x_wconf 88' lang='lat' dir='ltr'><strong>Quid</strong></span> <span class='ocrx_word' id='word_1_86' title='bbox 1561 1080 1800 1159; x_wconf 82' lang='lat' dir='ltr'><strong>hahes,</strong></span> <span class='ocrx_word' id='word_1_87' title='bbox 1857 1091 1920 1148; x_wconf 90' lang='lat' dir='ltr'><strong>et</strong></span> <span class='ocrx_word' id='word_1_88' title='bbox 1952 1078 2291 1166; x_wconf 88' lang='lat' dir='ltr'><strong>quidnam</strong></span> <span class='ocrx_word' id='word_1_89' title='bbox 2328 1077 2451 1146; x_wconf 88' lang='lat' dir='ltr'><strong>tibi</strong></span> <span class='ocrx_word' id='word_1_90' title='bbox 2498 1075 2723 1146; x_wconf 67' lang='lat' dir='ltr'><strong>dolet?</strong></span> <span class='ocrx_word' id='word_1_91' title='bbox 2754 1079 2989 1146; x_wconf 90' lang='lat' dir='ltr'><strong>Statim</strong></span> <span class='ocrx_word' id='word_1_92' title='bbox 3028 1101 3166 1148; x_wconf 89' lang='lat' dir='ltr'><strong>au-</strong></span> 
     </span>
     <span class='ocr_line' id='line_1_11' title="bbox 599 1165 3157 1263; baseline -0.003 -21"><span class='ocrx_word' id='word_1_93' title='bbox 599 1187 759 1254; x_wconf 89' lang='lat' dir='ltr'><strong>tem,</strong></span> <span class='ocrx_word' id='word_1_94' title='bbox 802 1184 1164 1263; x_wconf 87' lang='lat' dir='ltr'><strong>postquam</strong></span> <span class='ocrx_word' id='word_1_95' title='bbox 1204 1170 1331 1239; x_wconf 86' lang='lat' dir='ltr'><strong>hoc</strong></span> <span class='ocrx_word' id='word_1_96' title='bbox 1379 1191 1457 1238; x_wconf 86' lang='lat' dir='ltr'><strong>ex</strong></span> <span class='ocrx_word' id='word_1_97' title='bbox 1507 1192 1585 1238; x_wconf 92' lang='lat' dir='ltr'><strong>eo</strong></span> <span class='ocrx_word' id='word_1_98' title='bbox 1635 1169 2041 1247; x_wconf 88' lang='lat' dir='ltr'><strong>audiissem,</strong></span> <span class='ocrx_word' id='word_1_99' title='bbox 2079 1165 2482 1235; x_wconf 85' lang='lat' dir='ltr'><strong>confirmavi</strong></span> <span class='ocrx_word' id='word_1_100' title='bbox 2519 1166 2720 1244; x_wconf 88' lang='lat' dir='ltr'><strong>vires,</strong></span> <span class='ocrx_word' id='word_1_101' title='bbox 2758 1179 2823 1235; x_wconf 87' lang='lat' dir='ltr'><strong>et</strong></span> <span class='ocrx_word' id='word_1_102' title='bbox 2870 1167 2930 1234; x_wconf 91' lang='lat' dir='ltr'><strong>ei</strong></span> <span class='ocrx_word' id='word_1_103' title='bbox 2981 1166 3157 1236; x_wconf 80' lang='lat' dir='ltr'><strong>dixi:</strong></span> 
     </span>
    </p>
   </div>
   <div class='ocr_carea' id='block_1_3' title="bbox 494 1254 3165 1348">
    <p class='ocr_par' dir='ltr' id='par_1_3' title="bbox 494 1254 3165 1348">
     <span class='ocr_line' id='line_1_12' title="bbox 494 1254 3165 1348; baseline -0.003 -15"><span class='ocrx_word' id='word_1_104' title='bbox 494 1335 504 1347; x_wconf 74' lang='grc'>,</span> <span class='ocrx_word' id='word_1_105' title='bbox 601 1267 935 1340; x_wconf 81' lang='lat' dir='ltr'><strong>Domine,</strong></span> <span class='ocrx_word' id='word_1_106' title='bbox 990 1258 1172 1328; x_wconf 89' lang='lat' dir='ltr'><strong>dolet</strong></span> <span class='ocrx_word' id='word_1_107' title='bbox 1222 1257 1393 1326; x_wconf 91' lang='lat' dir='ltr'><strong>mihi</strong></span> <span class='ocrx_word' id='word_1_108' title='bbox 1434 1260 1657 1348; x_wconf 73' lang='lat' dir='ltr'><strong>Jecur.</strong></span> <span class='ocrx_word' id='word_1_109' title='bbox 1715 1263 1780 1326; x_wconf 92' lang='lat' dir='ltr'><strong>Is</strong></span> <span class='ocrx_word' id='word_1_110' title='bbox 1830 1279 1988 1325; x_wconf 89' lang='lat' dir='ltr'><strong>vero</strong></span> <span class='ocrx_word' id='word_1_111' title='bbox 2052 1255 2262 1323; x_wconf 86' lang='lat' dir='ltr'><strong>dixit:</strong></span> <span class='ocrx_word' id='word_1_112' title='bbox 2327 1254 2619 1323; x_wconf 88' lang='lat' dir='ltr'><strong>Ostende</strong></span> <span class='ocrx_word' id='word_1_113' title='bbox 2684 1255 2855 1323; x_wconf 91' lang='lat' dir='ltr'><strong>mihi</strong></span> <span class='ocrx_word' id='word_1_114' title='bbox 2926 1255 3165 1326; x_wconf 87' lang='lat' dir='ltr'><strong>locum</strong></span> 
     </span>
    </p>
   </div>
   <div class='ocr_carea' id='block_1_4' title="bbox 597 1344 3210 4453">
    <p class='ocr_par' dir='ltr' id='par_1_4' title="bbox 599 1344 3210 2482">
     <span class='ocr_line' id='line_1_13' title="bbox 600 1344 3158 1443; baseline -0.002 -25"><span class='ocrx_word' id='word_1_115' title='bbox 600 1352 673 1419; x_wconf 90' lang='lat' dir='ltr'><strong>in</strong></span> <span class='ocrx_word' id='word_1_116' title='bbox 723 1372 860 1436; x_wconf 94' lang='lat' dir='ltr'><strong>quo</strong></span> <span class='ocrx_word' id='word_1_117' title='bbox 924 1348 1138 1416; x_wconf 90' lang='lat' dir='ltr'><strong>sentis</strong></span> <span class='ocrx_word' id='word_1_118' title='bbox 1185 1347 1516 1416; x_wconf 86' lang='lat' dir='ltr'><strong>dolorem.</strong></span> <span class='ocrx_word' id='word_1_119' title='bbox 1588 1351 1754 1415; x_wconf 91' lang='lat' dir='ltr'><strong>Cum</strong></span> <span class='ocrx_word' id='word_1_120' title='bbox 1807 1367 1932 1435; x_wconf 86' lang='lat' dir='ltr'><strong>ego</strong></span> <span class='ocrx_word' id='word_1_121' title='bbox 1982 1356 2209 1413; x_wconf 89' lang='lat' dir='ltr'><strong>autem</strong></span> <span class='ocrx_word' id='word_1_122' title='bbox 2274 1344 2335 1410; x_wconf 88' lang='lat' dir='ltr'><strong>ei</strong></span> <span class='ocrx_word' id='word_1_123' title='bbox 2397 1345 2600 1443; x_wconf 61' lang='lat' dir='ltr'><strong>‚jecur</strong></span> <span class='ocrx_word' id='word_1_124' title='bbox 2667 1345 3158 1424; x_wconf 83' lang='lat' dir='ltr'><strong>ostendissem,</strong></span> 
     </span>
     <span class='ocr_line' id='line_1_14' title="bbox 599 1432 3163 1529; baseline -0.002 -22"><span class='ocrx_word' id='word_1_125' title='bbox 599 1442 750 1529; x_wconf 88' lang='lat' dir='ltr'><strong>ipse</strong></span> <span class='ocrx_word' id='word_1_126' title='bbox 800 1458 1032 1506; x_wconf 86' lang='lat' dir='ltr'><strong>manu.</strong></span> <span class='ocrx_word' id='word_1_127' title='bbox 1061 1449 1361 1512; x_wconf 86' lang='lat' dir='ltr'><strong>extensa,</strong></span> <span class='ocrx_word' id='word_1_128' title='bbox 1415 1449 1482 1504; x_wconf 88' lang='lat' dir='ltr'><strong>et</strong></span> <span class='ocrx_word' id='word_1_129' title='bbox 1531 1436 1704 1504; x_wconf 91' lang='lat' dir='ltr'><strong>mihi</strong></span> <span class='ocrx_word' id='word_1_130' title='bbox 1752 1433 2100 1523; x_wconf 87' lang='lat' dir='ltr'><strong>imposita,</strong></span> <span class='ocrx_word' id='word_1_131' title='bbox 2156 1443 2221 1500; x_wconf 87' lang='lat' dir='ltr'><strong>et</strong></span> <span class='ocrx_word' id='word_1_132' title='bbox 2268 1432 2661 1522; x_wconf 71' lang='lat' dir='ltr'><strong>conjunctis</strong></span> <span class='ocrx_word' id='word_1_133' title='bbox 2701 1433 2961 1523; x_wconf 80' lang='lat' dir='ltr'><strong>digitis,</strong></span> <span class='ocrx_word' id='word_1_134' title='bbox 3001 1456 3163 1523; x_wconf 87' lang='lat' dir='ltr'><strong>per-</strong></span> 
     </span>
     <span class='ocr_line' id='line_1_15' title="bbox 602 1521 3163 1615; baseline -0.002 -19"><span class='ocrx_word' id='word_1_135' title='bbox 602 1526 762 1596; x_wconf 90' lang='lat' dir='ltr'><strong>inde</strong></span> <span class='ocrx_word' id='word_1_136' title='bbox 804 1549 883 1595; x_wconf 88' lang='lat' dir='ltr'><strong>ac</strong></span> <span class='ocrx_word' id='word_1_137' title='bbox 933 1524 1165 1615; x_wconf 89' lang='lat' dir='ltr'><strong>gladio</strong></span> <span class='ocrx_word' id='word_1_138' title='bbox 1207 1524 1411 1596; x_wconf 82' lang='lat' dir='ltr'><strong>scidit</strong></span> <span class='ocrx_word' id='word_1_139' title='bbox 1459 1524 1664 1602; x_wconf 79' lang='lat' dir='ltr'><strong>latuS,</strong></span> <span class='ocrx_word' id='word_1_140' title='bbox 1719 1536 1784 1592; x_wconf 91' lang='lat' dir='ltr'><strong>et</strong></span> <span class='ocrx_word' id='word_1_141' title='bbox 1828 1544 2061 1591; x_wconf 83' lang='lat' dir='ltr'><strong>meum</strong></span> <span class='ocrx_word' id='word_1_142' title='bbox 2108 1521 2307 1608; x_wconf 85' lang='lat' dir='ltr'><strong>jecur</strong></span> <span class='ocrx_word' id='word_1_143' title='bbox 2353 1521 2611 1601; x_wconf 81' lang='lat' dir='ltr'><strong>eduxit,</strong></span> <span class='ocrx_word' id='word_1_144' title='bbox 2667 1543 2817 1590; x_wconf 89' lang='lat' dir='ltr'><strong>meo</strong></span> <span class='ocrx_word' id='word_1_145' title='bbox 2853 1524 3163 1591; x_wconf 79' lang='lat' dir='ltr'><strong>maximo</strong></span> 
     </span>
     <span class='ocr_line' id='line_1_16' title="bbox 603 1610 3210 1700; baseline -0.002 -15"><span class='ocrx_word' id='word_1_146' title='bbox 603 1638 764 1685; x_wconf 91' lang='lat' dir='ltr'><strong>cum</strong></span> <span class='ocrx_word' id='word_1_147' title='bbox 818 1615 1074 1693; x_wconf 88' lang='lat' dir='ltr'><strong>dolore,</strong></span> <span class='ocrx_word' id='word_1_148' title='bbox 1132 1623 1195 1682; x_wconf 88' lang='lat' dir='ltr'><strong>et</strong></span> <span class='ocrx_word' id='word_1_149' title='bbox 1235 1613 1531 1682; x_wconf 86' lang='lat' dir='ltr'><strong>ostendit</strong></span> <span class='ocrx_word' id='word_1_150' title='bbox 1566 1612 1749 1683; x_wconf 89' lang='lat' dir='ltr'><strong>mihi</strong></span> <span class='ocrx_word' id='word_1_151' title='bbox 1790 1612 2033 1700; x_wconf 85' lang='lat' dir='ltr'><strong>plagas</strong></span> <span class='ocrx_word' id='word_1_152' title='bbox 2092 1632 2267 1697; x_wconf 90' lang='lat' dir='ltr'><strong>quas</strong></span> <span class='ocrx_word' id='word_1_153' title='bbox 2318 1611 2383 1678; x_wconf 91' lang='lat' dir='ltr'><strong>in</strong></span> <span class='ocrx_word' id='word_1_154' title='bbox 2437 1634 2515 1680; x_wconf 93' lang='lat' dir='ltr'><strong>eo</strong></span> <span class='ocrx_word' id='word_1_155' title='bbox 2550 1611 2912 1680; x_wconf 89' lang='lat' dir='ltr'><strong>habebam.</strong></span> <span class='ocrx_word' id='word_1_156' title='bbox 2969 1610 3210 1680; x_wconf 92' lang='lat' dir='ltr'><strong>Illud·</strong></span> 
     </span>
     <span class='ocr_line' id='line_1_17' title="bbox 601 1698 3167 1792; baseline -0.002 -20"><span class='ocrx_word' id='word_1_157' title='bbox 601 1727 760 1774; x_wconf 85' lang='lat' dir='ltr'><strong>vero</strong></span> <span class='ocrx_word' id='word_1_158' title='bbox 803 1724 1053 1773; x_wconf 85' lang='lat' dir='ltr'><strong>manus</strong></span> <span class='ocrx_word' id='word_1_159' title='bbox 1103 1725 1227 1771; x_wconf 92' lang='lat' dir='ltr'><strong>sua</strong></span> <span class='ocrx_word' id='word_1_160' title='bbox 1261 1702 1512 1782; x_wconf 78' lang='lat' dir='ltr'><strong>erasit,‘</strong></span> <span class='ocrx_word' id='word_1_161' title='bbox 1544 1714 1609 1771; x_wconf 90' lang='lat' dir='ltr'><strong>et</strong></span> <span class='ocrx_word' id='word_1_162' title='bbox 1664 1702 1728 1771; x_wconf 89' lang='lat' dir='ltr'><strong>ei</strong></span> <span class='ocrx_word' id='word_1_163' title='bbox 1779 1721 2087 1792; x_wconf 90' lang='lat' dir='ltr'><strong>pannum</strong></span> <span class='ocrx_word' id='word_1_164' title='bbox 2143 1698 2485 1768; x_wconf 92' lang='lat' dir='ltr'><strong>mundum</strong></span> <span class='ocrx_word' id='word_1_165' title='bbox 2537 1700 2796 1788; x_wconf 85' lang='lat' dir='ltr'><strong>injecit,</strong></span> <span class='ocrx_word' id='word_1_166' title='bbox 2850 1712 2914 1768; x_wconf 90' lang='lat' dir='ltr'><strong>et</strong></span> <span class='ocrx_word' id='word_1_167' title='bbox 2954 1700 3167 1789; x_wconf 85' lang='lat' dir='ltr'><strong>jecur</strong></span> 
     </span>
     <span class='ocr_line' id='line_1_18' title="bbox 605 1789 3162 1878; baseline -0.001 -18"><span class='ocrx_word' id='word_1_168' title='bbox 605 1815 840 1862; x_wconf 89' lang='lat' dir='ltr'><strong>meum</strong></span> <span class='ocrx_word' id='word_1_169' title='bbox 909 1792 980 1859; x_wconf 91' lang='lat' dir='ltr'><strong>in</strong></span> <span class='ocrx_word' id='word_1_170' title='bbox 1032 1792 1258 1860; x_wconf 89' lang='lat' dir='ltr'><strong>locum</strong></span> <span class='ocrx_word' id='word_1_171' title='bbox 1310 1811 1514 1860; x_wconf 91' lang='lat' dir='ltr'><strong>suum</strong></span> <span class='ocrx_word' id='word_1_172' title='bbox 1569 1789 1888 1861; x_wconf 89' lang='lat' dir='ltr'><strong>restituit.</strong></span> <span class='ocrx_word' id='word_1_173' title='bbox 1963 1793 2271 1874; x_wconf 87' lang='lat' dir='ltr'><strong>Cumque</strong></span> <span class='ocrx_word' id='word_1_174' title='bbox 2331 1799 2544 1856; x_wconf 91' lang='lat' dir='ltr'><strong>totum</strong></span> <span class='ocrx_word' id='word_1_175' title='bbox 2614 1810 2869 1878; x_wconf 84' lang='lat' dir='ltr'><strong>corpus</strong></span> <span class='ocrx_word' id='word_1_176' title='bbox 2918 1810 3162 1857; x_wconf 89' lang='lat' dir='ltr'><strong>meum</strong></span> 
     </span>
     <span class='ocr_line' id='line_1_19' title="bbox 606 1876 3163 1960; baseline -0.002 -10"><span class='ocrx_word' id='word_1_177' title='bbox 606 1893 1096 1951; x_wconf 86' lang='lat' dir='ltr'><strong>contrectasset</strong></span> <span class='ocrx_word' id='word_1_178' title='bbox 1141 1879 1523 1960; x_wconf 88' lang='lat' dir='ltr'><strong>benedictis</strong></span> <span class='ocrx_word' id='word_1_179' title='bbox 1592 1878 1740 1948; x_wconf 90' lang='lat' dir='ltr'><strong>suis</strong></span> <span class='ocrx_word' id='word_1_180' title='bbox 1792 1877 2141 1956; x_wconf 90' lang='lat' dir='ltr'><strong>manibus,</strong></span> <span class='ocrx_word' id='word_1_181' title='bbox 2206 1876 2438 1945; x_wconf 87' lang='lat' dir='ltr'><strong>lateris</strong></span> <span class='ocrx_word' id='word_1_182' title='bbox 2488 1878 2622 1947; x_wconf 89' lang='lat' dir='ltr'><strong>mei</strong></span> <span class='ocrx_word' id='word_1_183' title='bbox 2673 1877 2926 1947; x_wconf 88' lang='lat' dir='ltr'><strong>vulnus</strong></span> <span class='ocrx_word' id='word_1_184' title='bbox 2992 1899 3163 1946; x_wconf 89' lang='lat' dir='ltr'><strong>con-</strong></span> 
     </span>
     <span class='ocr_line' id='line_1_20' title="bbox 603 1965 3153 2061; baseline -0.001 -23"><span class='ocrx_word' id='word_1_185' title='bbox 603 1970 976 2061; x_wconf 82' lang='lat' dir='ltr'><strong>glutinavit</strong></span> <span class='ocrx_word' id='word_1_186' title='bbox 1029 1985 1093 2038; x_wconf 91' lang='lat' dir='ltr'><strong>et</strong></span> <span class='ocrx_word' id='word_1_187' title='bbox 1141 1968 1342 2038; x_wconf 82' lang='lat' dir='ltr'><strong>dixit:</strong></span> <span class='ocrx_word' id='word_1_188' title='bbox 1399 1970 1568 2037; x_wconf 89' lang='lat' dir='ltr'><strong>Ecce</strong></span> <span class='ocrx_word' id='word_1_189' title='bbox 1623 1989 1839 2038; x_wconf 89' lang='lat' dir='ltr'><strong>sanus</strong></span> <span class='ocrx_word' id='word_1_190' title='bbox 1887 1966 2108 2035; x_wconf 87' lang='lat' dir='ltr'><strong>factus</strong></span> <span class='ocrx_word' id='word_1_191' title='bbox 2147 1986 2245 2045; x_wconf 89' lang='lat' dir='ltr'><strong>es,</strong></span> <span class='ocrx_word' id='word_1_192' title='bbox 2301 1965 2439 2034; x_wconf 91' lang='lat' dir='ltr'><strong>noli</strong></span> <span class='ocrx_word' id='word_1_193' title='bbox 2494 1966 2797 2054; x_wconf 87' lang='lat' dir='ltr'><strong>amplius</strong></span> <span class='ocrx_word' id='word_1_194' title='bbox 2840 1987 3153 2056; x_wconf 89' lang='lat' dir='ltr'><strong>peccare,</strong></span> 
     </span>
     <span class='ocr_line' id='line_1_21' title="bbox 606 2054 3159 2141; baseline -0.002 -14"><span class='ocrx_word' id='word_1_195' title='bbox 606 2082 696 2127; x_wconf 90' lang='lat' dir='ltr'><strong>ne</strong></span> <span class='ocrx_word' id='word_1_196' title='bbox 730 2058 1032 2128; x_wconf 88' lang='lat' dir='ltr'><strong>deterius</strong></span> <span class='ocrx_word' id='word_1_197' title='bbox 1090 2057 1212 2127; x_wconf 90' lang='lat' dir='ltr'><strong>tibi</strong></span> <span class='ocrx_word' id='word_1_198' title='bbox 1267 2057 1499 2126; x_wconf 88' lang='lat' dir='ltr'><strong>contin</strong></span> <span class='ocrx_word' id='word_1_199' title='bbox 1555 2066 1662 2125; x_wconf 91' lang='lat' dir='ltr'><strong>at:</strong></span> <span class='ocrx_word' id='word_1_200' title='bbox 1705 2056 1822 2124; x_wconf 87' lang='lat' dir='ltr'><strong>sed</strong></span> <span class='ocrx_word' id='word_1_201' title='bbox 1865 2054 2041 2125; x_wconf 90' lang='lat' dir='ltr'><strong>servi</strong></span> <span class='ocrx_word' id='word_1_202' title='bbox 2100 2055 2385 2123; x_wconf 92' lang='lat' dir='ltr'><strong>Domino</strong></span> <span class='ocrx_word' id='word_1_203' title='bbox 2437 2076 2647 2133; x_wconf 89' lang='lat' dir='ltr'><strong>nunc,</strong></span> <span class='ocrx_word' id='word_1_204' title='bbox 2702 2067 2765 2124; x_wconf 89' lang='lat' dir='ltr'><strong>et</strong></span> <span class='ocrx_word' id='word_1_205' title='bbox 2815 2077 3035 2141; x_wconf 84' lang='lat' dir='ltr'><strong>usque</strong></span> <span class='ocrx_word' id='word_1_206' title='bbox 3085 2057 3159 2124; x_wconf 91' lang='lat' dir='ltr'><strong>in</strong></span> 
     </span>
     <span class='ocr_line' id='line_1_22' title="bbox 607 2079 3154 2224; baseline -0.002 -8"><span class='ocrx_word' id='word_1_207' title='bbox 607 2149 862 2217; x_wconf 89' lang='lat' dir='ltr'><strong>secula.</strong></span> <span class='ocrx_word' id='word_1_208' title='bbox 904 2153 1073 2215; x_wconf 88' lang='lat' dir='ltr'><strong>Ecce</strong></span> <span class='ocrx_word' id='word_1_209' title='bbox 1107 2158 1333 2215; x_wconf 90' lang='lat' dir='ltr'><strong>autem</strong></span> <span class='ocrx_word' id='word_1_210' title='bbox 1379 2145 1465 2214; x_wconf 89' lang='lat' dir='ltr'><strong>ab</strong></span> <span class='ocrx_word' id='word_1_211' title='bbox 1505 2079 1626 2213; x_wconf 62' lang='lat' dir='ltr'><strong>illo</strong></span> <span class='ocrx_word' id='word_1_212' title='bbox 1674 2145 1784 2213; x_wconf 90' lang='lat' dir='ltr'><strong>die</strong></span> <span class='ocrx_word' id='word_1_213' title='bbox 1832 2155 2071 2213; x_wconf 85' lang='lat' dir='ltr'><strong>curata</strong></span> <span class='ocrx_word' id='word_1_214' title='bbox 2120 2156 2281 2211; x_wconf 88' lang='lat' dir='ltr'><strong>sunt</strong></span> <span class='ocrx_word' id='word_1_215' title='bbox 2319 2145 2553 2212; x_wconf 89' lang='lat' dir='ltr'><strong>omnia</strong></span> <span class='ocrx_word' id='word_1_216' title='bbox 2603 2165 2753 2212; x_wconf 89' lang='lat' dir='ltr'><strong>mea</strong></span> <span class='ocrx_word' id='word_1_217' title='bbox 2806 2144 3154 2224; x_wconf 88' lang='lat' dir='ltr'><strong>interiora,</strong></span> 
     </span>
     <span class='ocr_line' id='line_1_23' title="bbox 604 2231 3161 2324; baseline -0.001 -19"><span class='ocrx_word' id='word_1_218' title='bbox 604 2238 1032 2322; x_wconf 87' lang='lat' dir='ltr'><strong>cessavitque</strong></span> <span class='ocrx_word' id='word_1_219' title='bbox 1080 2235 1275 2304; x_wconf 87' lang='lat' dir='ltr'><strong>dolor</strong></span> <span class='ocrx_word' id='word_1_220' title='bbox 1316 2235 1451 2303; x_wconf 90' lang='lat' dir='ltr'><strong>mei</strong></span> <span class='ocrx_word' id='word_1_221' title='bbox 1492 2234 1771 2324; x_wconf 79' lang='lat' dir='ltr'><strong>jecoris.</strong></span> <span class='ocrx_word' id='word_1_222' title='bbox 1828 2238 1919 2302; x_wconf 83' lang='lat' dir='ltr'><strong>Ex</strong></span> <span class='ocrx_word' id='word_1_223' title='bbox 1977 2231 2096 2299; x_wconf 92' lang='lat' dir='ltr'><strong>illo</strong></span> <span class='ocrx_word' id='word_1_224' title='bbox 2144 2254 2305 2321; x_wconf 84' lang='lat' dir='ltr'><strong>ergo</strong></span> <span class='ocrx_word' id='word_1_225' title='bbox 2356 2243 2660 2322; x_wconf 82' lang='lat' dir='ltr'><strong>tempore</strong></span> <span class='ocrx_word' id='word_1_226' title='bbox 2703 2255 2946 2302; x_wconf 89' lang='lat' dir='ltr'><strong>maneo</strong></span> <span class='ocrx_word' id='word_1_227' title='bbox 3008 2235 3161 2302; x_wconf 87' lang='lat' dir='ltr'><strong>sine</strong></span> 
     </span>
     <span class='ocr_line' id='line_1_24' title="bbox 602 2320 3158 2412; baseline -0.001 -19"><span class='ocrx_word' id='word_1_228' title='bbox 602 2324 861 2404; x_wconf 90' lang='lat' dir='ltr'><strong>dolore,</strong></span> <span class='ocrx_word' id='word_1_229' title='bbox 903 2330 1034 2394; x_wconf 92' lang='lat' dir='ltr'><strong>Deo</strong></span> <span class='ocrx_word' id='word_1_230' title='bbox 1082 2323 1522 2402; x_wconf 89' lang='lat' dir='ltr'><strong>benedicens,</strong></span> <span class='ocrx_word' id='word_1_231' title='bbox 1567 2336 1631 2392; x_wconf 88' lang='lat' dir='ltr'><strong>et</strong></span> <span class='ocrx_word' id='word_1_232' title='bbox 1681 2323 1909 2412; x_wconf 89' lang='lat' dir='ltr'><strong>ipsum</strong></span> <span class='ocrx_word' id='word_1_233' title='bbox 1963 2320 2360 2411; x_wconf 83' lang='lat' dir='ltr'><strong>glorificans</strong></span> <span class='ocrx_word' id='word_1_234' title='bbox 2393 2334 2671 2412; x_wconf 89' lang='lat' dir='ltr'><strong>propter</strong></span> <span class='ocrx_word' id='word_1_235' title='bbox 2704 2343 2903 2391; x_wconf 88' lang='lat' dir='ltr'><strong>suam</strong></span> <span class='ocrx_word' id='word_1_236' title='bbox 2942 2323 3011 2389; x_wconf 89' lang='lat' dir='ltr'><strong>in</strong></span> <span class='ocrx_word' id='word_1_237' title='bbox 3045 2343 3158 2390; x_wconf 92' lang='lat' dir='ltr'><strong>me</strong></span> 
     </span>
     <span class='ocr_line' id='line_1_25' title="bbox 604 2414 1254 2482; baseline -0.006 -2"><span class='ocrx_word' id='word_1_238' title='bbox 604 2414 1176 2482; x_wconf 88' lang='lat' dir='ltr'><strong>misericordiam.</strong></span> <span class='ocrx_word' id='word_1_239' title='bbox 1219 2437 1254 2476; x_wconf 84' lang='lat'>»</span> 
     </span>
    </p>

    <p class='ocr_par' dir='ltr' id='par_1_5' title="bbox 597 2499 3165 4453">
     <span class='ocr_line' id='line_1_26' title="bbox 691 2499 3147 2589; baseline -0.004 -14"><span class='ocrx_word' id='word_1_240' title='bbox 691 2512 728 2583; x_wconf 72' lang='grc' dir='ltr'>ἓ</span> <span class='ocrx_word' id='word_1_241' title='bbox 769 2509 857 2575; x_wconf 81' lang='lat'><strong>5.</strong></span> <span class='ocrx_word' id='word_1_242' title='bbox 912 2503 1076 2571; x_wconf 86' lang='lat' dir='ltr'><strong>Mihi</strong></span> <span class='ocrx_word' id='word_1_243' title='bbox 1135 2514 1361 2571; x_wconf 89' lang='lat' dir='ltr'><strong>autem</strong></span> <span class='ocrx_word' id='word_1_244' title='bbox 1416 2501 1715 2572; x_wconf 88' lang='lat' dir='ltr'><strong>ostendit</strong></span> <span class='ocrx_word' id='word_1_245' title='bbox 1791 2501 1894 2568; x_wconf 88' lang='lat' dir='ltr'><strong>vir</strong></span> <span class='ocrx_word' id='word_1_246' title='bbox 1955 2499 2070 2568; x_wconf 90' lang='lat' dir='ltr'><strong>ille</strong></span> <span class='ocrx_word' id='word_1_247' title='bbox 2120 2499 2417 2589; x_wconf 85' lang='lat' dir='ltr'><strong>insignis</strong></span> <span class='ocrx_word' id='word_1_248' title='bbox 2471 2522 2782 2588; x_wconf 80' lang='lat' dir='ltr'><strong>pannum</strong></span> <span class='ocrx_word' id='word_1_249' title='bbox 2861 2499 3147 2580; x_wconf 88' lang='lat' dir='ltr'><strong>amomi,</strong></span> 
     </span>
     <span class='ocr_line' id='line_1_27' title="bbox 598 2588 3157 2682; baseline -0.002 -21"><span class='ocrx_word' id='word_1_250' title='bbox 598 2614 805 2678; x_wconf 87' lang='lat' dir='ltr'><strong>quem</strong></span> <span class='ocrx_word' id='word_1_251' title='bbox 862 2613 1010 2660; x_wconf 92' lang='lat' dir='ltr'><strong>meo</strong></span> <span class='ocrx_word' id='word_1_252' title='bbox 1061 2590 1254 2659; x_wconf 90' lang='lat' dir='ltr'><strong>lateri</strong></span> <span class='ocrx_word' id='word_1_253' title='bbox 1305 2592 1658 2682; x_wconf 85' lang='lat' dir='ltr'><strong>imposuit.</strong></span> <span class='ocrx_word' id='word_1_254' title='bbox 1714 2589 2002 2670; x_wconf 74' lang='lat' dir='ltr'><strong>Quando</strong></span> <span class='ocrx_word' id='word_1_255' title='bbox 2045 2610 2201 2658; x_wconf 88' lang='lat' dir='ltr'><strong>vero</strong></span> <span class='ocrx_word' id='word_1_256' title='bbox 2250 2588 2422 2656; x_wconf 91' lang='lat' dir='ltr'><strong>mihi</strong></span> <span class='ocrx_word' id='word_1_257' title='bbox 2474 2588 2862 2677; x_wconf 89' lang='lat' dir='ltr'><strong>Paphnutio</strong></span> <span class='ocrx_word' id='word_1_258' title='bbox 2912 2610 3157 2657; x_wconf 89' lang='lat' dir='ltr'><strong>narra-</strong></span> 
     </span>
     <span class='ocr_line' id='line_1_28' title="bbox 602 2677 3151 2768; baseline -0.001 -21"><span class='ocrx_word' id='word_1_259' title='bbox 602 2681 696 2749; x_wconf 90' lang='lat' dir='ltr'><strong>vit</strong></span> <span class='ocrx_word' id='word_1_260' title='bbox 747 2681 912 2748; x_wconf 89' lang='lat' dir='ltr'><strong>haec</strong></span> <span class='ocrx_word' id='word_1_261' title='bbox 963 2681 1220 2757; x_wconf 92' lang='lat' dir='ltr'><strong>omnia,</strong></span> <span class='ocrx_word' id='word_1_262' title='bbox 1276 2680 1509 2768; x_wconf 86' lang='lat' dir='ltr'><strong>rogavi</strong></span> <span class='ocrx_word' id='word_1_263' title='bbox 1544 2700 1731 2759; x_wconf 91' lang='lat' dir='ltr'><strong>eum,</strong></span> <span class='ocrx_word' id='word_1_264' title='bbox 1769 2688 1846 2747; x_wconf 81' lang='lat' dir='ltr'><strong>ut</strong></span> <span class='ocrx_word' id='word_1_265' title='bbox 1874 2699 2034 2747; x_wconf 89' lang='lat' dir='ltr'><strong>cum</strong></span> <span class='ocrx_word' id='word_1_266' title='bbox 2088 2678 2237 2766; x_wconf 91' lang='lat' dir='ltr'><strong>ipso</strong></span> <span class='ocrx_word' id='word_1_267' title='bbox 2287 2698 2636 2745; x_wconf 88' lang='lat' dir='ltr'><strong>manerem</strong></span> <span class='ocrx_word' id='word_1_268' title='bbox 2668 2678 2736 2745; x_wconf 91' lang='lat' dir='ltr'><strong>in</strong></span> <span class='ocrx_word' id='word_1_269' title='bbox 2789 2677 3151 2767; x_wconf 87' lang='lat' dir='ltr'><strong>spelunca.</strong></span> 
     </span>
     <span class='ocr_line' id='line_1_29' title="bbox 597 2765 3158 2859; baseline -0 -22"><span class='ocrx_word' id='word_1_270' title='bbox 597 2774 756 2858; x_wconf 91' lang='lat' dir='ltr'><strong>Ipse</strong></span> <span class='ocrx_word' id='word_1_271' title='bbox 804 2781 1032 2837; x_wconf 90' lang='lat' dir='ltr'><strong>autem</strong></span> <span class='ocrx_word' id='word_1_272' title='bbox 1083 2768 1256 2836; x_wconf 90' lang='lat' dir='ltr'><strong>mihi</strong></span> <span class='ocrx_word' id='word_1_273' title='bbox 1307 2768 1685 2859; x_wconf 86' lang='lat' dir='ltr'><strong>respondit,</strong></span> <span class='ocrx_word' id='word_1_274' title='bbox 1731 2766 2011 2835; x_wconf 89' lang='lat' dir='ltr'><strong>dicens:</strong></span> <span class='ocrx_word' id='word_1_275' title='bbox 2067 2771 2205 2834; x_wconf 89' lang='lat' dir='ltr'><strong>Non</strong></span> <span class='ocrx_word' id='word_1_276' title='bbox 2244 2768 2518 2855; x_wconf 84' lang='lat' dir='ltr'><strong>poteriS‚</strong></span> <span class='ocrx_word' id='word_1_277' title='bbox 2567 2765 2773 2834; x_wconf 84' lang='lat' dir='ltr'><strong>frater</strong></span> <span class='ocrx_word' id='word_1_278' title='bbox 2814 2768 2932 2846; x_wconf 90' lang='lat' dir='ltr'><strong>mi,</strong></span> <span class='ocrx_word' id='word_1_279' title='bbox 2978 2765 3158 2836; x_wconf 85' lang='lat' dir='ltr'><strong>ferre</strong></span> 
     </span>
     <span class='ocr_line' id='line_1_30' title="bbox 603 2855 3157 2945; baseline -0.001 -20"><span class='ocrx_word' id='word_1_280' title='bbox 603 2857 911 2927; x_wconf 90' lang='lat' dir='ltr'><strong>insultus</strong></span> <span class='ocrx_word' id='word_1_281' title='bbox 969 2857 1412 2926; x_wconf 89' lang='lat' dir='ltr'><strong>daemonum.</strong></span> <span class='ocrx_word' id='word_1_282' title='bbox 1488 2862 1724 2926; x_wconf 86' lang='lat' dir='ltr'><strong>Postea</strong></span> <span class='ocrx_word' id='word_1_283' title='bbox 1784 2877 1941 2923; x_wconf 88' lang='lat' dir='ltr'><strong>vero</strong></span> <span class='ocrx_word' id='word_1_284' title='bbox 1991 2855 2226 2945; x_wconf 89' lang='lat' dir='ltr'><strong>rogavi</strong></span> <span class='ocrx_word' id='word_1_285' title='bbox 2291 2876 2488 2935; x_wconf 88' lang='lat' dir='ltr'><strong>eum,</strong></span> <span class='ocrx_word' id='word_1_286' title='bbox 2546 2867 2621 2923; x_wconf 91' lang='lat' dir='ltr'><strong>ut</strong></span> <span class='ocrx_word' id='word_1_287' title='bbox 2671 2855 2842 2922; x_wconf 89' lang='lat' dir='ltr'><strong>mihi</strong></span> <span class='ocrx_word' id='word_1_288' title='bbox 2903 2876 3157 2923; x_wconf 90' lang='lat' dir='ltr'><strong>nomen</strong></span> 
     </span>
     <span class='ocr_line' id='line_1_31' title="bbox 601 2943 3151 3034; baseline -0.001 -21"><span class='ocrx_word' id='word_1_289' title='bbox 601 2967 809 3015; x_wconf 89' lang='lat' dir='ltr'><strong>suum</strong></span> <span class='ocrx_word' id='word_1_290' title='bbox 847 2945 1291 3034; x_wconf 82' lang='lat' dir='ltr'><strong>significaret.</strong></span> <span class='ocrx_word' id='word_1_291' title='bbox 1347 2950 1412 3015; x_wconf 92' lang='lat' dir='ltr'><strong>ls</strong></span> <span class='ocrx_word' id='word_1_292' title='bbox 1447 2967 1602 3014; x_wconf 90' lang='lat' dir='ltr'><strong>vero</strong></span> <span class='ocrx_word' id='word_1_293' title='bbox 1636 2944 1809 3012; x_wconf 91' lang='lat' dir='ltr'><strong>mihi</strong></span> <span class='ocrx_word' id='word_1_294' title='bbox 1843 2944 2053 3012; x_wconf 84' lang='lat' dir='ltr'><strong>dixit:</strong></span> <span class='ocrx_word' id='word_1_295' title='bbox 2111 2948 2365 3011; x_wconf 88' lang='lat' dir='ltr'><strong>Nomen</strong></span> <span class='ocrx_word' id='word_1_296' title='bbox 2393 2956 2494 3011; x_wconf 85' lang='lat' dir='ltr'><strong>est</strong></span> <span class='ocrx_word' id='word_1_297' title='bbox 2520 2943 2694 3010; x_wconf 88' lang='lat' dir='ltr'><strong>mihi</strong></span> <span class='ocrx_word' id='word_1_298' title='bbox 2725 2943 3151 3014; x_wconf 86' lang='lat' dir='ltr'><strong>Timotheus.</strong></span> 
     </span>
     <span class='ocr_line' id='line_1_32' title="bbox 602 3030 3160 3124; baseline -0.001 -22"><span class='ocrx_word' id='word_1_299' title='bbox 602 3039 941 3103; x_wconf 86' lang='lat' dir='ltr'><strong>Memento</strong></span> <span class='ocrx_word' id='word_1_300' title='bbox 990 3034 1169 3112; x_wconf 88' lang='lat' dir='ltr'><strong>mei,</strong></span> <span class='ocrx_word' id='word_1_301' title='bbox 1223 3047 1289 3103; x_wconf 88' lang='lat' dir='ltr'><strong>et</strong></span> <span class='ocrx_word' id='word_1_302' title='bbox 1338 3056 1502 3124; x_wconf 84' lang='lat' dir='ltr'><strong>roga</strong></span> <span class='ocrx_word' id='word_1_303' title='bbox 1563 3055 1687 3123; x_wconf 89' lang='lat' dir='ltr'><strong>pro</strong></span> <span class='ocrx_word' id='word_1_304' title='bbox 1738 3054 1892 3112; x_wconf 89' lang='lat' dir='ltr'><strong>me,</strong></span> <span class='ocrx_word' id='word_1_305' title='bbox 1958 3030 2164 3101; x_wconf 86' lang='lat' dir='ltr'><strong>frater</strong></span> <span class='ocrx_word' id='word_1_306' title='bbox 2224 3031 2513 3111; x_wconf 89' lang='lat' dir='ltr'><strong>dilecte,</strong></span> <span class='ocrx_word' id='word_1_307' title='bbox 2570 3044 2647 3099; x_wconf 89' lang='lat' dir='ltr'><strong>ut</strong></span> <span class='ocrx_word' id='word_1_308' title='bbox 2700 3036 2874 3101; x_wconf 89' lang='lat' dir='ltr'><strong>Deus</strong></span> <span class='ocrx_word' id='word_1_309' title='bbox 2925 3032 2995 3099; x_wconf 90' lang='lat' dir='ltr'><strong>in</strong></span> <span class='ocrx_word' id='word_1_310' title='bbox 3048 3052 3160 3100; x_wconf 91' lang='lat' dir='ltr'><strong>me</strong></span> 
     </span>
     <span class='ocr_line' id='line_1_33' title="bbox 603 3119 3160 3211; baseline -0.001 -20"><span class='ocrx_word' id='word_1_311' title='bbox 603 3122 915 3210; x_wconf 87' lang='lat' dir='ltr'><strong>perficiat</strong></span> <span class='ocrx_word' id='word_1_312' title='bbox 951 3123 1250 3202; x_wconf 79' lang='lat' dir='ltr'><strong>bonum,</strong></span> <span class='ocrx_word' id='word_1_313' title='bbox 1296 3145 1432 3209; x_wconf 91' lang='lat' dir='ltr'><strong>quo</strong></span> <span class='ocrx_word' id='word_1_314' title='bbox 1482 3144 1638 3191; x_wconf 90' lang='lat' dir='ltr'><strong>sum</strong></span> <span class='ocrx_word' id='word_1_315' title='bbox 1672 3121 2022 3211; x_wconf 82' lang='lat' dir='ltr'><strong>dignatus,</strong></span> <span class='ocrx_word' id='word_1_316' title='bbox 2080 3126 2126 3188; x_wconf 91' lang='lat' dir='ltr'>E</span> <span class='ocrx_word' id='word_1_317' title='bbox 2178 3143 2217 3188; x_wconf 94' lang='lat' dir='ltr'><strong>o</strong></span> <span class='ocrx_word' id='word_1_318' title='bbox 2266 3133 2493 3190; x_wconf 91' lang='lat' dir='ltr'><strong>autem</strong></span> <span class='ocrx_word' id='word_1_319' title='bbox 2537 3119 2972 3209; x_wconf 87' lang='lat' dir='ltr'><strong>Paphnutius</strong></span> <span class='ocrx_word' id='word_1_320' title='bbox 3002 3123 3160 3209; x_wconf 79' lang='lat' dir='ltr'><strong>pro-</strong></span> 
     </span>
     <span class='ocr_line' id='line_1_34' title="bbox 601 3210 3159 3301; baseline -0 -23"><span class='ocrx_word' id='word_1_321' title='bbox 601 3211 740 3279; x_wconf 89' lang='lat' dir='ltr'><strong>cidi</strong></span> <span class='ocrx_word' id='word_1_322' title='bbox 791 3210 875 3278; x_wconf 90' lang='lat' dir='ltr'><strong>ad</strong></span> <span class='ocrx_word' id='word_1_323' title='bbox 925 3212 1074 3298; x_wconf 86' lang='lat' dir='ltr'><strong>ejus</strong></span> <span class='ocrx_word' id='word_1_324' title='bbox 1126 3211 1356 3301; x_wconf 82' lang='lat' dir='ltr'><strong>pedeS,</strong></span> <span class='ocrx_word' id='word_1_325' title='bbox 1396 3232 1630 3301; x_wconf 87' lang='lat' dir='ltr'><strong>preces</strong></span> <span class='ocrx_word' id='word_1_326' title='bbox 1680 3210 1767 3279; x_wconf 93' lang='lat' dir='ltr'><strong>ab</strong></span> <span class='ocrx_word' id='word_1_327' title='bbox 1824 3231 1903 3279; x_wconf 89' lang='lat' dir='ltr'><strong>eo</strong></span> <span class='ocrx_word' id='word_1_328' title='bbox 1952 3221 2154 3299; x_wconf 87' lang='lat' dir='ltr'><strong>postu</strong></span> <span class='ocrx_word' id='word_1_329' title='bbox 2186 3230 2333 3278; x_wconf 90' lang='lat' dir='ltr'><strong>ans.</strong></span> <span class='ocrx_word' id='word_1_330' title='bbox 2383 3214 2538 3299; x_wconf 89' lang='lat' dir='ltr'><strong>lpse</strong></span> <span class='ocrx_word' id='word_1_331' title='bbox 2586 3218 2815 3278; x_wconf 89' lang='lat' dir='ltr'><strong>autem</strong></span> <span class='ocrx_word' id='word_1_332' title='bbox 2869 3220 3159 3298; x_wconf 81' lang='lat' dir='ltr'><strong>respon-</strong></span> 
     </span>
     <span class='ocr_line' id='line_1_35' title="bbox 603 3297 3158 3378; baseline -0 -10"><span class='ocrx_word' id='word_1_333' title='bbox 603 3300 776 3369; x_wconf 88' lang='lat' dir='ltr'><strong>dens</strong></span> <span class='ocrx_word' id='word_1_334' title='bbox 826 3298 1022 3378; x_wconf 91' lang='lat' dir='ltr'><strong>mihi,</strong></span> <span class='ocrx_word' id='word_1_335' title='bbox 1067 3300 1272 3369; x_wconf 87' lang='lat' dir='ltr'><strong>dixit:</strong></span> <span class='ocrx_word' id='word_1_336' title='bbox 1314 3300 1648 3370; x_wconf 89' lang='lat' dir='ltr'><strong>Dominus</strong></span> <span class='ocrx_word' id='word_1_337' title='bbox 1697 3311 1928 3368; x_wconf 86' lang='lat' dir='ltr'><strong>noster</strong></span> <span class='ocrx_word' id='word_1_338' title='bbox 1973 3305 2176 3368; x_wconf 59' lang='lat' dir='ltr'><strong>,lesus</strong></span> <span class='ocrx_word' id='word_1_339' title='bbox 2211 3298 2519 3368; x_wconf 86' lang='lat' dir='ltr'><strong>Christus</strong></span> <span class='ocrx_word' id='word_1_340' title='bbox 2567 3297 2926 3366; x_wconf 89' lang='lat' dir='ltr'><strong>benedicet</strong></span> <span class='ocrx_word' id='word_1_341' title='bbox 2968 3311 3053 3377; x_wconf 90' lang='lat' dir='ltr'><strong>te,</strong></span> <span class='ocrx_word' id='word_1_342' title='bbox 3089 3309 3158 3367; x_wconf 86' lang='lat' dir='ltr'><strong>et</strong></span> 
     </span>
     <span class='ocr_line' id='line_1_36' title="bbox 604 3386 3161 3476; baseline -0 -20"><span class='ocrx_word' id='word_1_343' title='bbox 604 3388 923 3457; x_wconf 89' lang='lat' dir='ltr'><strong>defendet</strong></span> <span class='ocrx_word' id='word_1_344' title='bbox 970 3397 1034 3456; x_wconf 88' lang='lat' dir='ltr'><strong>te</strong></span> <span class='ocrx_word' id='word_1_345' title='bbox 1071 3389 1158 3458; x_wconf 89' lang='lat' dir='ltr'><strong>ab</strong></span> <span class='ocrx_word' id='word_1_346' title='bbox 1206 3389 1394 3458; x_wconf 90' lang='lat' dir='ltr'><strong>omni</strong></span> <span class='ocrx_word' id='word_1_347' title='bbox 1444 3388 1689 3475; x_wconf 90' lang='lat' dir='ltr'><strong>laqueo</strong></span> <span class='ocrx_word' id='word_1_348' title='bbox 1736 3386 2017 3467; x_wconf 83' lang='lat' dir='ltr'><strong>diaboli,</strong></span> <span class='ocrx_word' id='word_1_349' title='bbox 2066 3399 2131 3455; x_wconf 90' lang='lat' dir='ltr'><strong>et</strong></span> <span class='ocrx_word' id='word_1_350' title='bbox 2181 3386 2535 3476; x_wconf 90' lang='lat' dir='ltr'><strong>praebebit</strong></span> <span class='ocrx_word' id='word_1_351' title='bbox 2570 3386 2692 3455; x_wconf 92' lang='lat' dir='ltr'><strong>tibi</strong></span> <span class='ocrx_word' id='word_1_352' title='bbox 2742 3387 2887 3454; x_wconf 90' lang='lat' dir='ltr'><strong>vias</strong></span> <span class='ocrx_word' id='word_1_353' title='bbox 2938 3400 3161 3455; x_wconf 87' lang='lat' dir='ltr'><strong>rectas</strong></span> 
     </span>
     <span class='ocr_line' id='line_1_37' title="bbox 602 3473 3161 3567; baseline -0.001 -21"><span class='ocrx_word' id='word_1_354' title='bbox 602 3477 689 3546; x_wconf 90' lang='lat' dir='ltr'><strong>ad</strong></span> <span class='ocrx_word' id='word_1_355' title='bbox 739 3477 890 3557; x_wconf 83' lang='lat' dir='ltr'><strong>hoc,</strong></span> <span class='ocrx_word' id='word_1_356' title='bbox 932 3488 1009 3546; x_wconf 90' lang='lat' dir='ltr'><strong>ut</strong></span> <span class='ocrx_word' id='word_1_357' title='bbox 1040 3498 1284 3567; x_wconf 87' lang='lat' dir='ltr'><strong>pergas</strong></span> <span class='ocrx_word' id='word_1_358' title='bbox 1332 3476 1419 3546; x_wconf 89' lang='lat' dir='ltr'><strong>ad</strong></span> <span class='ocrx_word' id='word_1_359' title='bbox 1470 3488 1744 3546; x_wconf 88' lang='lat' dir='ltr'><strong>sanctos</strong></span> <span class='ocrx_word' id='word_1_360' title='bbox 1793 3476 1944 3566; x_wconf 85' lang='lat' dir='ltr'><strong>ejus</strong></span> <span class='ocrx_word' id='word_1_361' title='bbox 1993 3477 2061 3543; x_wconf 90' lang='lat' dir='ltr'><strong>in</strong></span> <span class='ocrx_word' id='word_1_362' title='bbox 2117 3475 2374 3545; x_wconf 88' lang='lat' dir='ltr'><strong>secula.</strong></span> <span class='ocrx_word' id='word_1_363' title='bbox 2431 3473 2983 3544; x_wconf 89' lang='lat' dir='ltr'><strong>Benedictionem</strong></span> <span class='ocrx_word' id='word_1_364' title='bbox 3035 3498 3161 3544; x_wconf 91' lang='lat' dir='ltr'><strong>au-</strong></span> 
     </span>
     <span class='ocr_line' id='line_1_38' title="bbox 603 3563 3152 3655; baseline -0.001 -21"><span class='ocrx_word' id='word_1_365' title='bbox 603 3579 742 3635; x_wconf 89' lang='lat' dir='ltr'><strong>tem</strong></span> <span class='ocrx_word' id='word_1_366' title='bbox 794 3566 945 3655; x_wconf 85' lang='lat' dir='ltr'><strong>ejus</strong></span> <span class='ocrx_word' id='word_1_367' title='bbox 1006 3578 1442 3645; x_wconf 88' lang='lat' dir='ltr'><strong>consecutus,</strong></span> <span class='ocrx_word' id='word_1_368' title='bbox 1501 3577 1818 3655; x_wconf 88' lang='lat' dir='ltr'><strong>prompto</strong></span> <span class='ocrx_word' id='word_1_369' title='bbox 1850 3577 1915 3633; x_wconf 91' lang='lat' dir='ltr'><strong>et</strong></span> <span class='ocrx_word' id='word_1_370' title='bbox 1955 3563 2167 3633; x_wconf 87' lang='lat' dir='ltr'><strong>alacri</strong></span> <span class='ocrx_word' id='word_1_371' title='bbox 2208 3564 2444 3633; x_wconf 90' lang='lat' dir='ltr'><strong>animo</strong></span> <span class='ocrx_word' id='word_1_372' title='bbox 2476 3584 2634 3633; x_wconf 91' lang='lat' dir='ltr'><strong>cum</strong></span> <span class='ocrx_word' id='word_1_373' title='bbox 2687 3564 2942 3654; x_wconf 85' lang='lat' dir='ltr'><strong>gaudio</strong></span> <span class='ocrx_word' id='word_1_374' title='bbox 2991 3586 3152 3633; x_wconf 90' lang='lat' dir='ltr'><strong>sum</strong></span> 
     </span>
     <span class='ocr_line' id='line_1_39' title="bbox 609 3652 3157 3744; baseline -0.001 -21"><span class='ocrx_word' id='word_1_375' title='bbox 609 3676 954 3744; x_wconf 80' lang='lat' dir='ltr'><strong>egressuS,</strong></span> <span class='ocrx_word' id='word_1_376' title='bbox 1005 3658 1219 3724; x_wconf 91' lang='lat' dir='ltr'><strong>Deum</strong></span> <span class='ocrx_word' id='word_1_377' title='bbox 1272 3654 1568 3725; x_wconf 91' lang='lat' dir='ltr'><strong>laudans</strong></span> <span class='ocrx_word' id='word_1_378' title='bbox 1617 3666 1896 3743; x_wconf 78' lang='lat' dir='ltr'><strong>propter</strong></span> <span class='ocrx_word' id='word_1_379' title='bbox 1933 3653 2244 3744; x_wconf 84' lang='lat' dir='ltr'><strong>egregios</strong></span> <span class='ocrx_word' id='word_1_380' title='bbox 2285 3673 2658 3732; x_wconf 80' lang='lat' dir='ltr'><strong>sermoneS,</strong></span> <span class='ocrx_word' id='word_1_381' title='bbox 2710 3674 2885 3740; x_wconf 90' lang='lat' dir='ltr'><strong>quos</strong></span> <span class='ocrx_word' id='word_1_382' title='bbox 2919 3652 3157 3722; x_wconf 90' lang='lat' dir='ltr'><strong>audivi</strong></span> 
     </span>
     <span class='ocr_line' id='line_1_40' title="bbox 605 3740 3156 3831; baseline -0.002 -19"><span class='ocrx_word' id='word_1_383' title='bbox 605 3766 645 3812; x_wconf 92' lang='lat' dir='ltr'><strong>a</strong></span> <span class='ocrx_word' id='word_1_384' title='bbox 694 3753 930 3823; x_wconf 84' lang='lat' dir='ltr'><strong>sancto</strong></span> <span class='ocrx_word' id='word_1_385' title='bbox 983 3742 1102 3813; x_wconf 93' lang='lat' dir='ltr'><strong>illo</strong></span> <span class='ocrx_word' id='word_1_386' title='bbox 1156 3743 1532 3813; x_wconf 79' lang='lat' dir='ltr'><strong>Timotheo,</strong></span> <span class='ocrx_word' id='word_1_387' title='bbox 1575 3746 1760 3812; x_wconf 89' lang='lat' dir='ltr'><strong>Inter</strong></span> <span class='ocrx_word' id='word_1_388' title='bbox 1807 3741 2310 3811; x_wconf 89' lang='lat' dir='ltr'><strong>ambulandum</strong></span> <span class='ocrx_word' id='word_1_389' title='bbox 2352 3763 2509 3810; x_wconf 91' lang='lat' dir='ltr'><strong>vero</strong></span> <span class='ocrx_word' id='word_1_390' title='bbox 2549 3740 2733 3831; x_wconf 91' lang='lat' dir='ltr'><strong>apud</strong></span> <span class='ocrx_word' id='word_1_391' title='bbox 2773 3762 2879 3810; x_wconf 91' lang='lat' dir='ltr'><strong>me</strong></span> <span class='ocrx_word' id='word_1_392' title='bbox 2921 3742 3156 3811; x_wconf 90' lang='lat' dir='ltr'><strong>consi-</strong></span> 
     </span>
     <span class='ocr_line' id='line_1_41' title="bbox 601 3829 3163 3913; baseline -0 -13"><span class='ocrx_word' id='word_1_393' title='bbox 601 3832 955 3913; x_wconf 88' lang='lat' dir='ltr'><strong>derabam,</strong></span> <span class='ocrx_word' id='word_1_394' title='bbox 1010 3846 1077 3901; x_wconf 89' lang='lat' dir='ltr'><strong>et</strong></span> <span class='ocrx_word' id='word_1_395' title='bbox 1123 3832 1358 3901; x_wconf 88' lang='lat' dir='ltr'><strong>animo</strong></span> <span class='ocrx_word' id='word_1_396' title='bbox 1427 3829 1626 3900; x_wconf 88' lang='lat' dir='ltr'><strong>valde</strong></span> <span class='ocrx_word' id='word_1_397' title='bbox 1689 3831 1960 3910; x_wconf 78' lang='lat' dir='ltr'><strong>anxiuS,</strong></span> <span class='ocrx_word' id='word_1_398' title='bbox 2030 3830 2384 3900; x_wconf 88' lang='lat' dir='ltr'><strong>dicebam:</strong></span> <span class='ocrx_word' id='word_1_399' title='bbox 2448 3830 2792 3912; x_wconf 87' lang='lat' dir='ltr'><strong>Quidnam</strong></span> <span class='ocrx_word' id='word_1_400' title='bbox 2851 3841 2953 3899; x_wconf 91' lang='lat' dir='ltr'><strong>est</strong></span> <span class='ocrx_word' id='word_1_401' title='bbox 3002 3851 3163 3899; x_wconf 86' lang='lat' dir='ltr'><strong>mea</strong></span> 
     </span>
     <span class='ocr_line' id='line_1_42' title="bbox 602 3919 3162 4009; baseline -0 -21"><span class='ocrx_word' id='word_1_402' title='bbox 602 3921 764 4002; x_wconf 85' lang='lat' dir='ltr'><strong>vita,</strong></span> <span class='ocrx_word' id='word_1_403' title='bbox 829 3933 947 3990; x_wconf 92' lang='lat' dir='ltr'><strong>aut</strong></span> <span class='ocrx_word' id='word_1_404' title='bbox 1008 3919 1359 4008; x_wconf 90' lang='lat' dir='ltr'><strong>quodnam</strong></span> <span class='ocrx_word' id='word_1_405' title='bbox 1414 3941 1648 3989; x_wconf 90' lang='lat' dir='ltr'><strong>meum</strong></span> <span class='ocrx_word' id='word_1_406' title='bbox 1694 3920 2141 3989; x_wconf 74' lang='lat' dir='ltr'><strong>institutum?</strong></span> <span class='ocrx_word' id='word_1_407' title='bbox 2176 3920 2395 3989; x_wconf 89' lang='lat' dir='ltr'><strong>Mansi</strong></span> <span class='ocrx_word' id='word_1_408' title='bbox 2443 3920 2671 3988; x_wconf 78' lang='lat' dir='ltr'><strong>autem</strong></span> <span class='ocrx_word' id='word_1_409' title='bbox 2723 3940 2860 3987; x_wconf 92' lang='lat' dir='ltr'><strong>non</strong></span> <span class='ocrx_word' id='word_1_410' title='bbox 2898 3940 3162 4009; x_wconf 91' lang='lat' dir='ltr'><strong>paucos</strong></span> 
     </span>
     <span class='ocr_line' id='line_1_43' title="bbox 603 4008 3165 4100; baseline -0.001 -22"><span class='ocrx_word' id='word_1_411' title='bbox 603 4009 755 4079; x_wconf 90' lang='lat' dir='ltr'><strong>dies</strong></span> <span class='ocrx_word' id='word_1_412' title='bbox 788 4009 957 4078; x_wconf 88' lang='lat' dir='ltr'><strong>haec</strong></span> <span class='ocrx_word' id='word_1_413' title='bbox 1006 4008 1191 4100; x_wconf 92' lang='lat' dir='ltr'><strong>apud</strong></span> <span class='ocrx_word' id='word_1_414' title='bbox 1229 4026 1340 4087; x_wconf 84' lang='lat' dir='ltr'><strong>me</strong></span> <span class='ocrx_word' id='word_1_415' title='bbox 1370 4008 1707 4099; x_wconf 79' lang='lat' dir='ltr'><strong>cogitanS,</strong></span> <span class='ocrx_word' id='word_1_416' title='bbox 1764 4021 1829 4078; x_wconf 91' lang='lat' dir='ltr'><strong>et</strong></span> <span class='ocrx_word' id='word_1_417' title='bbox 1876 4008 2090 4097; x_wconf 87' lang='lat' dir='ltr'><strong>hujus</strong></span> <span class='ocrx_word' id='word_1_418' title='bbox 2136 4008 2310 4096; x_wconf 87' lang='lat' dir='ltr'><strong>justi</strong></span> <span class='ocrx_word' id='word_1_419' title='bbox 2367 4008 2495 4075; x_wconf 90' lang='lat' dir='ltr'><strong>viri</strong></span> <span class='ocrx_word' id='word_1_420' title='bbox 2546 4013 2676 4076; x_wconf 82' lang='lat' dir='ltr'><strong>Deo</strong></span> <span class='ocrx_word' id='word_1_421' title='bbox 2727 4019 2989 4097; x_wconf 86' lang='lat' dir='ltr'><strong>gratao</strong></span> <span class='ocrx_word' id='word_1_422' title='bbox 3042 4029 3165 4076; x_wconf 89' lang='lat' dir='ltr'><strong>era</strong></span> 
     </span>
     <span class='ocr_line' id='line_1_44' title="bbox 605 4096 3163 4187; baseline -0.002 -18"><span class='ocrx_word' id='word_1_423' title='bbox 605 4100 798 4187; x_wconf 89' lang='lat' dir='ltr'><strong>sequi</strong></span> <span class='ocrx_word' id='word_1_424' title='bbox 835 4098 1150 4187; x_wconf 88' lang='lat' dir='ltr'><strong>cupiens.</strong></span> <span class='ocrx_word' id='word_1_425' title='bbox 1207 4100 1372 4166; x_wconf 87' lang='lat' dir='ltr'><strong>Cum</strong></span> <span class='ocrx_word' id='word_1_426' title='bbox 1422 4119 1582 4167; x_wconf 80' lang='lat' dir='ltr'><strong>vero</strong></span> <span class='ocrx_word' id='word_1_427' title='bbox 1615 4097 1975 4167; x_wconf 90' lang='lat' dir='ltr'><strong>clementis</strong></span> <span class='ocrx_word' id='word_1_428' title='bbox 2023 4096 2139 4166; x_wconf 86' lang='lat' dir='ltr'><strong>Dei</strong></span> <span class='ocrx_word' id='word_1_429' title='bbox 2175 4097 2347 4165; x_wconf 88' lang='lat' dir='ltr'><strong>mihi</strong></span> <span class='ocrx_word' id='word_1_430' title='bbox 2394 4096 2740 4166; x_wconf 86' lang='lat' dir='ltr'><strong>illuxisset</strong></span> <span class='ocrx_word' id='word_1_431' title='bbox 2787 4096 2979 4186; x_wconf 87' lang='lat' dir='ltr'><strong>provi</strong></span> <span class='ocrx_word' id='word_1_432' title='bbox 3035 4116 3163 4165; x_wconf 87' lang='lat' dir='ltr'><strong>en-</strong></span> 
     </span>
     <span class='ocr_line' id='line_1_45' title="bbox 602 4183 3159 4276; baseline 0 -21"><span class='ocrx_word' id='word_1_433' title='bbox 602 4188 721 4268; x_wconf 91' lang='lat' dir='ltr'><strong>tia,</strong></span> <span class='ocrx_word' id='word_1_434' title='bbox 763 4209 899 4255; x_wconf 91' lang='lat' dir='ltr'><strong>non</strong></span> <span class='ocrx_word' id='word_1_435' title='bbox 949 4186 1164 4276; x_wconf 90' lang='lat' dir='ltr'><strong>abjeci</strong></span> <span class='ocrx_word' id='word_1_436' title='bbox 1215 4206 1454 4255; x_wconf 89' lang='lat' dir='ltr'><strong>curam</strong></span> <span class='ocrx_word' id='word_1_437' title='bbox 1516 4206 1708 4255; x_wconf 91' lang='lat' dir='ltr'><strong>meae</strong></span> <span class='ocrx_word' id='word_1_438' title='bbox 1737 4188 1935 4267; x_wconf 87' lang='lat' dir='ltr'><strong>vitae,</strong></span> <span class='ocrx_word' id='word_1_439' title='bbox 1976 4187 2095 4254; x_wconf 89' lang='lat' dir='ltr'><strong>sed</strong></span> <span class='ocrx_word' id='word_1_440' title='bbox 2134 4185 2490 4266; x_wconf 82' lang='lat' dir='ltr'><strong>excitatus,</strong></span> <span class='ocrx_word' id='word_1_441' title='bbox 2531 4207 2774 4256; x_wconf 90' lang='lat' dir='ltr'><strong>rursus</strong></span> <span class='ocrx_word' id='word_1_442' title='bbox 2806 4183 3159 4275; x_wconf 86' lang='lat' dir='ltr'><strong>profectus</strong></span> 
     </span>
     <span class='ocr_line' id='line_1_46' title="bbox 602 4274 3160 4364; baseline -0.002 -17"><span class='ocrx_word' id='word_1_443' title='bbox 602 4297 758 4347; x_wconf 91' lang='lat' dir='ltr'><strong>sum</strong></span> <span class='ocrx_word' id='word_1_444' title='bbox 810 4276 879 4343; x_wconf 92' lang='lat' dir='ltr'><strong>in</strong></span> <span class='ocrx_word' id='word_1_445' title='bbox 932 4274 1325 4343; x_wconf 89' lang='lat' dir='ltr'><strong>interiorem</strong></span> <span class='ocrx_word' id='word_1_446' title='bbox 1378 4274 1828 4346; x_wconf 82' lang='lat' dir='ltr'><strong>solitudinem</strong></span> <span class='ocrx_word' id='word_1_447' title='bbox 1878 4276 1948 4343; x_wconf 90' lang='lat' dir='ltr'><strong>in</strong></span> <span class='ocrx_word' id='word_1_448' title='bbox 1983 4275 2090 4343; x_wconf 89' lang='lat' dir='ltr'><strong>via</strong></span> <span class='ocrx_word' id='word_1_449' title='bbox 2126 4276 2301 4355; x_wconf 77' lang='lat' dir='ltr'><strong>avia,</strong></span> <span class='ocrx_word' id='word_1_450' title='bbox 2354 4274 2477 4344; x_wconf 90' lang='lat' dir='ltr'><strong>ubi</strong></span> <span class='ocrx_word' id='word_1_451' title='bbox 2505 4286 2608 4344; x_wconf 91' lang='lat' dir='ltr'><strong>est</strong></span> <span class='ocrx_word' id='word_1_452' title='bbox 2636 4295 2857 4364; x_wconf 85' lang='lat' dir='ltr'><strong>genus</strong></span> <span class='ocrx_word' id='word_1_453' title='bbox 2912 4294 3160 4342; x_wconf 90' lang='lat' dir='ltr'><strong>eorum</strong></span> 
     </span>
     <span class='ocr_line' id='line_1_47' title="bbox 600 4362 3158 4453; baseline -0.001 -19"><span class='ocrx_word' id='word_1_454' title='bbox 600 4364 721 4451; x_wconf 83' lang='lat' dir='ltr'><strong>qui</strong></span> <span class='ocrx_word' id='word_1_455' title='bbox 755 4363 1083 4433; x_wconf 91' lang='lat' dir='ltr'><strong>dicuntur</strong></span> <span class='ocrx_word' id='word_1_456' title='bbox 1133 4363 1390 4434; x_wconf 90' lang='lat' dir='ltr'><strong>Mazici.</strong></span> <span class='ocrx_word' id='word_1_457' title='bbox 1433 4368 1650 4434; x_wconf 90' lang='lat' dir='ltr'><strong>Omne</strong></span> <span class='ocrx_word' id='word_1_458' title='bbox 1683 4364 1877 4433; x_wconf 89' lang='lat' dir='ltr'><strong>enim·</strong></span> <span class='ocrx_word' id='word_1_459' title='bbox 1917 4362 2227 4435; x_wconf 91' lang='lat' dir='ltr'><strong>studium</strong></span> <span class='ocrx_word' id='word_1_460' title='bbox 2270 4386 2309 4432; x_wconf 90' lang='lat' dir='ltr'><strong>a</strong></span> <span class='ocrx_word' id='word_1_461' title='bbox 2340 4362 2556 4433; x_wconf 88' lang='lat' dir='ltr'><strong>mein</strong></span> <span class='ocrx_word' id='word_1_462' title='bbox 2606 4384 2686 4432; x_wconf 88' lang='lat' dir='ltr'><strong>eo</strong></span> <span class='ocrx_word' id='word_1_463' title='bbox 2737 4363 3158 4453; x_wconf 87' lang='lat' dir='ltr'><strong>ponebatur,</strong></span> 
     </span>
    </p>
   </div>
  </div>
 </body>
</html>
