3357 4995
244 354 283 417 J
296 353 463 417 UNII
512 353 595 416 26
965 369 1044 415 m:
1091 369 1147 414 s,
1200 368 1533 417 Anrnssfflo
1583 365 1821 415 natue.
1872 362 2074 413 nmsc.
2571 350 2698 414 605

249 453 836 532 meditationibuS,
884 452 1139 521 divinis
1173 453 1875 543 contemplationibus
1909 464 1974 521 et
2005 450 2232 541 jubilo
2293 450 2587 519 mentis:
2655 475 2815 522 non¹

246 542 522 633 gaudio,
550 543 751 630 cujus
797 554 1096 611 extrema
1144 542 1374 613 luctus
1420 553 1746 633 occupat,
1801 539 1920 609 sed
1970 539 2161 609 luctu
2209 551 2275 609 et
2308 560 2638 621 moerore,
2672 543 2787 611 cui

246 644 521 701 aeterna
566 630 939 702 consolatio
989 631 1429 719 promittitur.
1467 631 1610 712 His,
1647 630 1958 716 inquam,
1988 629 2102 698 Dei
2134 626 2357 698 fidelis
2384 649 2621 699 servus
2683 651 2791 700 re-

246 720 606 792 ficiebatur
650 732 717 790 et
746 719 1286 790 confirmabatur
1331 719 1702 799 alimentiS,
1757 718 2079 808 perennis
2127 717 2384 808 gloriae
2417 738 2538 807 spe
2591 717 2787 789 illum

248 810 614 880 roborante
661 821 727 880 et
773 808 1191 880 consolante.

338 899 376 985 ξ
422 903 584 970 8².
640 897 908 968 Solebat
938 897 1144 967 etiam
1187 919 1321 966 non
1374 919 1525 966 raro
1560 896 1834 966 visitare
1883 894 2031 966 loca
2081 894 2422 986 religiosa,
2462 896 2788 986 inprimis

246 998 476 1056 autem
525 987 661 1078 ipsi
707 987 1081 1057 domestica
1128 999 1247 1057 aut
1295 1008 1460 1056 suae
1508 984 1984 1075 professionis:
2038 1005 2337 1070 cumque
2377 984 2672 1054 venisset
2700 984 2787 1054 ad

245 1075 633 1161 quamlibet
677 1086 983 1145 sanctam
1042 1075 1639 1166 congregationem
1675 1129 1690 1154 ‚
1762 1074 2151 1143 convocatis
2199 1073 2561 1153 fratribuS,
2633 1095 2789 1163 gra-

247 1165 522 1234 tissima
566 1176 632 1234 et
689 1164 944 1233 mellita
990 1164 1293 1233 oratione
1350 1164 1776 1264 proponebat
1823 1161 1962 1231 illis
2013 1183 2423 1252 magnorum
2473 1162 2787 1252 exempla
2857 1180 2865 1195 ’

246 1253 580 1332 virorum,
633 1274 809 1339 quos
856 1266 974 1322 aut
1019 1252 1298 1322 vidisset
1347 1274 1515 1342 ipse,
1569 1264 1690 1322 aut
1735 1250 1819 1320 de
1880 1250 2138 1337 quibus
2194 1249 2544 1320 auditione
2593 1274 2787 1321 acce-

246 1344 488 1432 pisset,
542 1363 764 1411 mores
811 1362 1074 1421 eorum,
1128 1341 1309 1411 dicta
1379 1341 2312 1429 factaque'commemorans.
2370 1338 2626 1408 Deinde
2672 1363 2786 1410 co-

245 1432 455 1501 miter
502 1445 567 1499 et
604 1430 914 1515 jucunde
972 1429 1284 1521 singulos
1322 1430 1408 1499 ad
1460 1452 1530 1499 se
1563 1433 1840 1507 accitos,
1881 1430 2012 1498 sibi
2052 1429 2353 1498 assidere
2387 1428 2622 1508 voluit,
2668 1441 2788 1498 aut

251 1521 407 1611 ipse
439 1541 474 1588 e
522 1541 647 1589 suo
683 1517 829 1587 loco
878 1540 1189 1609 surgens,
1245 1519 1328 1588 ad
1383 1518 1537 1587 illos
1578 1541 1648 1589 se
1677 1517 2091 1597 conferebat,
2147 1517 2474 1587 omnibus
2523 1538 2596 1586 se
2626 1540 2787 1586 con-

246 1609 557 1677 formans
580 1619 645 1676 et
670 1607 1220 1687 accommodans,
1262 1629 1384 1676 nec
1435 1606 1591 1696 plus
1622 1606 1934 1677 deferens
1966 1606 2233 1695 majori,
2270 1618 2474 1693 atque
2506 1607 2779 1675 minori.

248 1704 425 1770 Tum
478 1718 632 1765 vero
681 1694 1003 1765 familiari
1051 1708 1115 1767 et
1165 1696 1433 1786 placida
1472 1696 1962 1773 exhortatione,
2003 1695 2198 1764 vultu
2236 1694 2319 1763 ad
2373 1694 2785 1765 hilaritatem

246 1799 316 1855 et
357 1784 865 1874 jucunditatem
893 1786 1293 1875 composito,
1339 1785 1692 1854 animabat
1722 1806 1837 1853 eos
1861 1784 1947 1852 ad
1980 1784 2283 1873 suscepti
2311 1783 2603 1941 ingituti
2642 1805 2791 1872 per-

250 1873 706 1946 severantiam
755 1886 819 1942 et
867 1873 1272 1963 profectum,
1311 1873 1394 1942 ad
1439 1872 1799 1942 ferendum
1852 1872 2227 1941 libentibus
2258 1872 2371 1940 ani
2455 1873 2512 1942 is
2534 1873 2616 1962 ju
2669 1893 2788 1942 um

251 1963 532 2033 Domini
580 1983 785 2031 suave
831 1974 895 2031 et
940 1984 1117 2033 onus
1178 1962 1350 2031 leve:
1405 1960 1613 2031 simul
1676 1961 1763 2031 ob
1822 1960 2057 2030 oculos
2103 1961 2203 2029 eis
2260 1972 2566 2031 statuens
2616 1959 2786 2030 ilud

246 2053 673 2121 immensum
712 2053 1097 2140 praemium
1130 2050 1402 2121 futurae
1439 2049 1909 2129 beatitudinis,
1946 2071 1984 2117 a
2021 2053 2152 2118 Deo
2208 2048 2439 2139 ipsum
2490 2049 2789 2140 diligen-

252 2140 443 2209 tibus
493 2154 1000 2229 praeparatum,
1044 2139 1250 2226 quale
1290 2162 1414 2209 nec
1445 2139 1691 2208 oculus
1723 2138 1913 2218 vidit,
1968 2159 2092 2207 nec
2123 2138 2315 2207 auris
2345 2137 2632 2219 audivit,
2670 2159 2793 2207 nec

253 2229 324 2297 in
379 2250 499 2297 cor
539 2228 842 2298 hominis
890 2228 1219 2297 ascendit.
1267 2233 1341 2297 Et
1371 2229 1536 2315 quia
1583 2228 1686 2297 vir
1733 2238 2014 2297 sanctus
2047 2226 2218 2295 nihil
2254 2226 2384 2296 sibi
2420 2226 2786 2305 tribuebat,

248 2339 381 2385 nec
432 2339 557 2386 sua
609 2317 740 2384 sibi
789 2315 1099 2386 sufficere
1145 2318 1630 2396 arbitrabatur,
1685 2316 1805 2385 sed
1845 2315 2139 2385 aliorum
2182 2336 2253 2383 se
2302 2336 2428 2405 ope
2482 2315 2795 2404 indigere

244 2405 337 2474 ab
378 2404 593 2473 animi
647 2404 1034 2475 humilitate
1085 2426 1492 2506 persuasum
1543 2405 1862 2485 habebat,
1902 2403 2209 2474 studiose
2253 2425 2369 2473 eos
2418 2404 2680 2483 orabat,
2717 2414 2793 2471 ut

248 2496 321 2564 in
396 2492 721 2584 precibus
775 2494 920 2565 suis
968 2495 1190 2584 ipsius
1250 2508 1474 2564 essent
1547 2515 1908 2563 memores.
1963 2491 2057 2562 Ad
2117 2514 2632 2581 quamcumque
2681 2513 2794 2561 ve—

248 2584 474 2653 nisset
512 2604 860 2652 servorum
915 2584 1023 2652 Dei
1074 2584 1702 2674 congregationem,
1742 2583 1830 2651 ab
1865 2583 1950 2651 iis
2011 2602 2084 2652 se
2130 2582 2201 2649 in
2252 2580 2525 2652 fratrem
2579 2581 2793 2670 recipi

250 2685 319 2742 et
354 2672 575 2762 petiit,
628 2683 691 2739 et
739 2672 1165 2761 impetravit:
1228 2673 1433 2759 idque
1486 2671 1845 2761 speciatim
1896 2671 1967 2737 in
2006 2670 2276 2740 cunctis
2310 2669 2586 2740 Ordinis
2641 2674 2796 2738 Car-

252 2760 572 2831 thusiani
602 2761 1053 2832 monasteriis.
1109 2766 1264 2829 Erat
1319 2761 1503 2829 enim
1556 2760 1803 2834 rationi
1836 2771 2403 2840 consentaneum,
2456 2772 2534 2829 ut
2579 2779 2792 2845 quem

246 2856 435 2919 Deus
486 2849 555 2916 in
606 2847 722 2917 illo
771 2849 1042 2919 coelesti
1092 2871 1304 2939 regno
1348 2849 1682 2918 eximium
1729 2846 1871 2917 fore
1906 2848 2185 2927 sciebat,
2240 2848 2304 2916 ei
2344 2848 2414 2916 in
2451 2846 2795 2937 praesenti

248 2937 559 3008 Ecclesia
606 2948 833 3026 optata
878 2938 1205 3037 suffragia
1240 2959 1377 3006 non
1416 2950 1852 3027 negarentur.
1911 2935 2232 3006 Conciliis
2271 2934 2790 3014 Ecclesiasticis,

250 3039 374 3096 aut
425 3024 841 3095 secularium
892 3037 1323 3116 negotiorum
1389 3025 1790 3096 tractatibus
1835 3026 2104 3112 quoties
2159 3023 2491 3106 interfuit,
2562 3023 2796 3093 nullus

260 3115 362 3185 vel
419 3114 821 3204 Episcopus,
879 3113 977 3184 vel
1030 3114 1311 3184 alterius
1358 3114 1623 3185 ordinis
1669 3126 1788 3183 aut
1828 3125 2045 3184 status
2092 3112 2244 3194 fuit,
2297 3114 2421 3200 qui
2470 3135 2607 3182 non
2637 3132 2798 3183 eum

253 3205 391 3274 sibi
444 3215 906 3293 anteponeret.
968 3208 1219 3274 Omnes
1268 3226 1425 3275 eum
1478 3203 1986 3282 reverebantur,
2033 3204 2184 3291 ipsa
2240 3203 2444 3273 etiam
2487 3207 2799 3272 Romana

255 3292 487 3364 Curia.
529 3291 598 3360 Si
644 3290 811 3378 quid
845 3292 1030 3361 enim
1094 3294 1413 3363 vitiosum
1462 3305 1582 3363 aut
1629 3291 2160 3382 reprehensione
2206 3290 2502 3381 dignum
2551 3290 2623 3358 in
2674 3288 2799 3358 ali-

247 3403 392 3468 quo
441 3391 858 3462 cerneretur,
912 3396 1469 3468 quantacumque
1515 3381 1575 3449 is
1624 3380 2026 3450 auctoritate
2074 3377 2383 3470 polleret,
2419 3402 2557 3451 non
2592 3377 2798 3448 dubi-

256 3472 449 3540 tabat
498 3491 655 3538 eum
693 3491 1002 3559 arguere,
1062 3482 1290 3539 tantus
1330 3468 1431 3537 illi
1486 3470 1710 3538 inerat
1754 3469 2063 3568 justitiae
2120 3480 2185 3537 et
2232 3468 2535 3539 veritatis
2582 3466 2791 3537 zeluS.

254 3566 493 3648 Neque
540 3558 722 3626 enim
773 3579 849 3626 ex
897 3558 1289 3648 arrogantia
1336 3558 1436 3626 vel
1488 3557 1842 3647 hypocrisi
1893 3557 1960 3625 id
2009 3555 2321 3638 faciebat,
2371 3556 2491 3628 sed
2540 3555 2798 3627 fervore

254 3647 642 3717 charitatis.

338 3738 375 3822 ξ
422 3739 591 3807 88.
648 3740 776 3804 Nec
823 3735 1138 3814 deerant,
1194 3735 1450 3822 quibus
1499 3733 1614 3802 ille
1661 3736 1814 3824 ejus
1874 3734 2173 3823 justitiae
2222 3734 2409 3805 zelus
2462 3744 2641 3804 esset
2689 3733 2796 3802 in-

250 3824 481 3892 visus:
540 3835 744 3911 atque
794 3823 896 3893 illi
943 3823 1251 3912 quidem,
1304 3846 1382 3893 eo
1437 3836 1815 3913 praesente,
1871 3823 1975 3892 ori
1997 3844 2121 3894 suo
2168 3822 2464 3914 digitum
2488 3823 2800 3913 impone-

252 3909 443 4008 bant,
501 3912 619 3982 sed
657 3913 920 3982 absenti
968 3912 1443 3995 detrahebant,
1496 3912 1787 4002 ejusque
1835 3910 2013 3981 facta
2060 3911 2392 3983 rodebant
2438 3910 2640 3981 dente
2684 3931 2801 3980 ca-

259 4019 449 4068 mno.
491 3999 975 4091 Compluribus
1010 4024 1175 4070 sane
1228 4001 1381 4091 ejus
1430 4000 1915 4092 castigationes
1943 4013 2009 4070 et
2038 4000 2606 4090 reprehensiones
2662 4019 2797 4067 non

260 4099 454 4156 erant
500 4090 832 4178 ingratae.
885 4090 1261 4160 Adversum
1305 4091 1641 4179 superbos
1672 4111 1950 4161 severus
1973 4101 2039 4160 et
2064 4090 2332 4180 rigidus
2356 4101 2524 4171 erat,
2559 4109 2797 4158 eorum

262 4185 709 4270 contemnens
755 4179 1264 4268 arrogantiam:
1320 4178 1711 4248 humilibus
1763 4199 2055 4259 comem,
2112 4179 2462 4269 placidum
2509 4190 2576 4248 et
2631 4176 2800 4246 affa-

261 4258 473 4330 bilem
522 4286 594 4334 se
642 4265 1029 4355 praebebat.
1086 4268 1452 4349 Obstinati,
1488 4268 1900 4358 pervicaceS,
1969 4278 2034 4337 et
2078 4268 2198 4356 qui
2246 4267 2505 4338 nollent
2559 4265 2800 4356 resipi-

258 4368 471 4447 scere,
523 4351 779 4424 durum
828 4367 892 4424 et
931 4356 1134 4443 quasi
1164 4355 1784 4447 indignabundum
1832 4377 1994 4427 eum
2041 4379 2122 4426 ex
2174 4356 2598 4427 criebantur:
2637 4354 2799 4424 obe-

260 4433 525 4507 dientes
592 4453 658 4510 et
727 4442 1094 4535 morigeri,
1175 4445 1447 4529 lenem,
1521 4446 1914 4518 humanum
1987 4458 2053 4515 et
2141 4445 2550 4516 amiliarem.
2624 4448 2798 4533 Erga
