3357 4995
234 308 470 376 cJUNII
522 308 603 372 49
1087 324 1165 371 na
1199 325 1267 372 s.
1314 322 1607 372 anenno
1654 322 1952 372 episcopo
2573 309 2701 373 473

233 409 766 510 amoenissimO,
792 408 1206 494 aliquandiu
1232 408 1375 479 illic
1400 408 1693 490 delituit,
1713 409 2094 480 herbarum
2122 421 2387 510 tantum
2410 411 2789 501 agrestium

242 512 317 570 et
372 519 780 589 exiguorum
808 518 1193 587 pomorum
1242 519 1368 569 esu
1406 520 1659 589 corpus
1717 509 2137 579 sustentans,
2182 519 2471 589 cup1ens
2508 499 2794 569 imitari

242 599 511 661 meteres
544 585 714 657 ,illos
753 596 1026 656 sanctos
1062 598 1324 676 patres,
1360 587 1482 675 qui
1514 598 1791 678 egentes
1811 608 2131 657 erravere
2159 587 2228 656 in
2266 585 2787 670 solitudinibus,

232 677 327 748 ‹in
371 676 728 746 montibus
773 673 1247 763 ‹at-speluncis,
1300 686 1366 747 et
1411 675 1481 745 in
1530 675 2115 746 cavernissterrae.
2155 679 2413 746 Interea
2457 676 2792 746 Dominus

244 786 394 836 rnen
436 763 801 835 immemor
854 762 1083 834 fidelis
1122 764 1308 833 ‘servi
1344 765 1492 845 sui,
1548 763 1722 833 nihil
1767 764 1857 833 de
1894 764 2633 855 crastino‘cogitantiS,
2687 787 2795 834 re-

246 853 581 944 ligiosum
625 853 851 921 virum
892 857 1224 925 Hunnum
1268 852 1360 922 ita
1389 853 1459 921 in
1493 852 1758 923 somnis
1804 852 2213 943 compellat:
2261 856 2393 922 Cur
2426 854 2600 925 sinis
2626 856 2795 940 Deo-

254 943 491 1013 datum
544 939 1003 1011 venerabilem
1055 943 1467 1031 Episcopum
1534 940 1716 1011 fame
1776 942 2026 1012 conffiei
2076 943 2145 1010 in
2195 940 2618 1023 solitudine,
2673 943 2792 1029 qui

261 1052 411 1102 mea
440 1033 669 1102 (causa
714 1028 939 1099 factus
985 1041 1086 1099 est
1129 1029 1284 1100 exul
1324 1041 1398 1099 et
1453 1031 1678 1119 inops,
1733 1043 1798 1098 et
1837 1051 1969 1119 pro
2007 1052 2144 1100 sua
2194 1028 2525 1100 modestia
2574 1030 2798 1100 noluit

238 1118 381 1190 sibi
411 1118 511 1188 vel
567 1118 892 1187 minimos
925 1130 1120 1187 actus
1168 1118 2522 1209 suosindicare?‘Respondenti-Hunnm
2567 1141 2637 1190 se
2671 1142 2793 1188 ne-

240 1208 432 1278 ‹scire
482 1206 768 1276 ubinam
818 1207 906 1276 sit
956 1205 1315 1285 Deodatus‚
1369 1205 1632 1277 dietum
1698 1219 1800 1277 est
1842 1229 1885 1275 a
1929 1207 2256 1279 Domino:
2313 1212 2597 1297 Impone
2646 1230 2796 1278 sar-

244 1298 453 1367 -cinas
511 1295 850 1385 jumentis
900 1294 1058 1376 tuis,
1128 1310 1196 1364 et
1255 1297 1568 1365 invocata
1610 1294 1866 1364 divina
1917 1295 2292 1384 majestate,
2323 1296 2495 1365 ‘sine
2543 1317 2623 1365 ea
2672 1319 2798 1367 sua

245 1398 500 1475 zsponte
553 1384 680 1453 iter
728 1382 908 1454 istud
975 1383 1284 1471 ingredi:
1343 1406 1476 1453 non
1528 1383 1767 1466 deerit,
1830 1384 2292 1473 qui'deducat
2325 1406 2440 1453 ea.
2495 1389 2795 1455 Hunnus

257 1471 795 1564 expergefaetuS,
856 1469 1056 1541 refert
1106 1472 1274 1541 haec
1332 1472 1611 1542 devotae
1657 1472 1972 1561 conjugi:
2032 1472 2153 1542 illa
2191 1471 2415 1542 modis
2464 1474 2794 1544 omnibus

258 1563 591 1642 hortatur,
655 1573 730 1629 ut
778 1559 1128 1629 acceleret.
1194 1560 1641 1630 Dimittuntur
1677 1562 2021 1650 jumenta,
2068 1574 2133 1631 et
2181 1583 2302 1650 per
2346 1561 2598 1631 inviam
2652 1583 2799 1631 ere-

262 1672 453 1720 mum
502 1660 683 1719 recto
736 1648 976 1718 itinere
1022 1648 1106 1717 ad
1160 1648 1563 1739 speluncam
1594 1649 1793 1719 beati
1825 1649 1960 1718 viri
2011 1650 2442 1739 perveniunt.
2491 1651 2795 1734 Quidam

246 1750 486 1809 autem
526 1737 645 1806 illa
698 1736 1103 1836 pedetentim
1156 1738 1395 1818 secuti,
1428 1738 1808 1807 ¹inveniunt
1859 1738 2207 1808 hominem
2259 1739 2413 1808 Dei:
2466 1740 2587 1826 qui
2635 1761 2797 1808 cum

250 1828 448 1918 ‚prior
485 1848 563 1895 ex
625 1824 764 1894 illis
808 1825 1199 1896 sciscitatus
1236 1839 1412 1897 esset
1451 1827 1900 1913 quamobrem
1950 1849 2031 1896 eo
2066 1826 2448 1907 venissent,
2498 1849 2641 1896 rem
2695 1841 2795 1897 to-

262 1929 400 1985 tam
452 1914 691 1985 ordine
723 1914 1109 2004 cognoscit:
1149 1920 1419 2001 Deoque
1464 1937 1623 1983 cum
1675 1914 2000 2003 lacrymis
2032 1916 2288 2006 gratias
2334 1937 2573 2005 agens,
2612 1916 2798 2000 quod

262 2004 484 2094 ipsius
533 2003 599 2070 in
654 2003 1051 2072 necessitate
1108 2024 1243 2072 non
1306 2002 1549 2073 fuisset
1608 2003 1994 2084 immemor,
2052 2018 2189 2073 tam
2252 2026 2481 2074 servos
2531 2005 2793 2084 Hunni,

259 2114 470 2180 quam
494 2092 813 2180 jumenta
853 2090 1078 2181 primo
1112 2092 1516 2162 necessariis
1551 2092 1769 2161 reficit
1815 2091 2188 2172 ali-mentis,
2250 2091 2500 2162 deinde
2551 2092 2639 2162 ad
2674 2093 2798 2161 do-

264 2180 535 2252 minum
586 2179 897 2268 ipsorum
955 2180 1258 2249 remittit.
1325 2185 1426 2250 Ita
1472 2201 1633 2271 ergo
1692 2193 1956 2270 reperto
2006 2181 2134 2250 viri
2167 2180 2297 2249 -Dei
2371 2180 2790 2262 habitacu10,

264 2288 402 2336 non
446 2267 671 2338 ·modo
735 2271 1075 2349 nunnus,
1130 2268 1246 2339 sed
1310 2270 1515 2338 etiam
1572 2268 1882 2358 plerique
1928 2269 2048 2338 alii
2110 2268 2414 2358 religiosi
2477 2268 2794 2338 homines

250 2368 497 2514 ⁴postea
543 2357 607 2426 ei
656 2376 763 2426 res
822 2357 1242 2427 necessarias
1299 2356 1661 2427 miserunt.
1722 2357 2211 2429 Videmus‘hic
2257 2379 2395 2427 non
2454 2358 2790 2447 imparem

247 2483 257 2515 s
310 2466 391 2516 ac
441 2444 509 2514 in
544 2457 734 2537 parte
780 2445 1154 2516 Deodatum
1186 2445 1648 2517 sanctissimis
1680 2446 1992 2537 patribus
2029 2445 2385 2527 Frontoni,
2431 2445 2795 2516 Benedicto

246 2533 1196 2692 etdsso·lumbano,-di-v·initus
1245 2535 1332 2614 ei,
1396 2535 1576 2605 sicut
1620 2548 1683 2604 et
1731 2534 1906 2616 illis,
1967 2535 2152 2605 victu
2192 2536 2576 2605 necessario
2630 2557 2802 2624 sup-

246 2666 260 2703 j
402 2635 586 2693 nato.
1390 2697 1399 2705 .

262 2644 388 2799 βρὲ
426 2715 593 2787 τίθ.
634 2717 852 2781 'Porro
892 2733 977 2781 ex
1023 2731 1103 2780 ea
1136 2711 1555 2801 benignitate
1605 2712 1743 2792 Dei,
1782 2723 1918 2782 tam
1954 2713 2141 2782 !bene
2187 2710 2272 2780 'de
2311 2712 2462 2802 ipso
2513 2711 2798 2792 soliciti,

250 2800 365 2871 sir
388 2799 1045 2891 perspicacissimus
1075 2800 1407 2890 colligens
1438 2822 1719 2890 gressus
1745 2822 1914 2871 suos
1944 2822 2023 2870 eo
2055 2822 2095 2870 a
2137 2800 2419 2870 Domino
2466 2801 2786 2881 directos,

263 2888 350 2958 ad
399 2888 827 2958 condendam
864 2888 997 2958 sibi
1042 2888 1363 2958 cellulam
1398 2892 1712 2959 animum
1748 2889 2016 2980 adjecit.
2055 2892 2147 2959 Ea
2182 2902 2596 2969 constructa,
2633 2901 2702 2958 et
2732 2889 2803 2956 in

248 2978 645 3049 beatissimi
693 2976 962 3047 Martini
1012 2977 1327 3066 Episcopi
1379 2977 1707 3046 honorem
1758 2977 2110 3058 dedicata,
2175 2978 2482 3066 reposuit
2548 2977 2691 3046 illic
2739 2989 2805 3047 et

246 3065 397 3141 alia
446 3066 937 3154 pretiosissima
980 3079 1378 3135 sanctorum
1422 3066 1748 3156 ²pignora,
1801 3088 1978 3154 quae
2023 3087 2102 3136 ex
2141 3066 2363 3155 patria
2409 3087 2642 3136 secum
2697 3078 2797 3135 at-

248 3153 532 3227 tulerat.
562 3160 885 3241 -Gumque
918 3153 1100 3223 fama
1149 3154 1528 3224 sanctitatis
1559 3156 1710 3244 ejus
1757 3154 1827 3223 in
1878 3154 2026 3224 dies
2067 3175 2199 3223 non
2243 3154 2467 3225 solum
2507 3155 2594 3224 ad
2633 3154 2799 3223 vici-

250 3264 412 3323 -nas,
466 3243 582 3314 sed
633 3244 838 3313 etiam
880 3242 1302 3332 longinquas
1349 3244 1660 3332 regiones
1703 3242 2131 3324 dimanaret,
2189 3243 2502 3313 homines
2563 3242 2800 3313 fideles

250 3332 573 3418 *undique
612 3332 696 3401 ad
746 3353 902 3403 eum
942 3331 1335 3400 catervatim
1392 3330 1866 3401 accurrebant.
1910 3337 1960 3401 E
2012 3331 2268 3488 auibus
2324 3330 2638 3401 nonnulli
2677 3353 2806 3400 sua

254 3420 549 3510 ,ipraedia
598 3420 909 3489 hilariter
955 3418 1057 3489 illi
1105 3419 1566 3501 conserebant,
1616 3420 1938 3510 permulti
1971 3442 2008 3489 a
2089 3418 2528 3489 condendum
2572 3441 2808 3488 mona-

258 3509 549 3583 sterium
580 3509 913 3598 pecunias
944 3521 1025 3577 fet
1056 3530 1535 3595 quaecumque
1570 3521 1917 3599 poterant,
1958 3509 2060 3578 lar
2112 3508 2450 3577 iebantur.
2495 3507 2806 3595 Plerique

265 3620 424 3668 vero
474 3620 611 3669 non
661 3620 788 3668 sua
818 3596 1193 3677 dumtaxat,
1228 3597 1755 3688 sed=ejusetiam
1793 3597 1986 3667 imita
2087 3595 2474 3667 idesiderio
2505 3596 2801 3674 accensi,

256 3687 533 3777 ¹seipsos
564 3687 636 3757 in
678 3687 835 3778 ejus
866 3685 1305 3775 disciplinam
1358 3685 1574 3757 multa
1614 3685 2358 3756 instantia-tradebant.
2411 3690 2541 3754 Nec
2593 3685 2809 3775 pude-

256 3773 704 3856 fiebatfama„
752 3796 936 3862 qnae
980 3774 1130 3864 ejus
1172 3774 1459 3845 virtutes
1510 3773 1972 3865 praedicabat,
2025 3795 2186 3843 cum
2225 3787 2613 3864 praesentes
2660 3794 2808 3843 ma-

255 3861 441 3951 jores
489 3864 557 3934 in
596 3864 715 3934 illo
761 3874 1139 3944 cernerent,
1192 3885 1399 3949 quam
1461 3875 1659 3933 antea
1709 3862 2061 3933 auditione
2095 3862 2542 3953 accepissent.
2579 3867 2705 3931 Per
2735 3861 2806 3930 id

266 3962 539 4041 tempus
585 3953 669 4034 is,
708 3973 913 4039 quem
950 3972 1152 4041 saepe
1191 3951 1516 4032 diximus,
1554 3956 1853 4022 Hunnus
1922 3950 2281 4040 praedium
2333 3970 2567 4032 suum,
2619 3950 2806 4038 quod

252 4037 356 4108 ab
390 4040 551 4126 ejus
574 4041 865 4113 ‘nemine
902 4062 1163 4110 nomen
1193 4039 1719 4110 Hunnuvillaris
1757 4052 2133 4130 acceperat,
2164 4060 2491 4109 unacum
2513 4039 2806 4109 ecclesia

252 4127 331 4199 «εἰ
366 4126 659 4203 -devntus
687 4128 988 4210 donavit,
1026 4129 1104 4198 in
1203 4151 1290 4198 ua
1320 4127 1614 4199 ecclesia
1661 4128 1809 4219 ipse
1840 4150 2000 4199 cum
2041 4148 2166 4199 sua
2214 4128 2423 4217 conju
2472 4150 2510 4197 e
2557 4128 2801 4197 huma—

254 4227 381 4287 ωε
417 4230 540 4299 est,
584 4217 1050 4291 *noanubiam
1100 4218 1149 4287 fi
1198 4240 1307 4289 em
1339 4216 1753 4287 facientibus
1783 4216 2174 4297 miraculis,
2208 4237 2385 4304 quae
2415 4217 2436 4285 i
2470 4216 2557 4286 lic
2591 4215 2798 4296 fiunt,

255 4304 707 4383 iambos-eum
759 4306 1022 4377 Christo
1053 4306 1122 4375 in
1171 4305 1380 4376 coelis
1429 4306 1674 4375 vivere.

353 4396 391 4481 ξ
431 4397 572 4475 11.
626 4399 830 4465 Porro
877 4394 1083 4465 etiam
1132 4394 1495 4465 Childerici
1556 4394 1738 4486 regis
1801 4393 2279 4465 munificentia
2324 4414 2474 4462 eam
2526 4390 2799 4471 vallem,
