3357 4995
741 329 867 395 594
1355 345 1434 392 οε
1481 343 1537 392 S.
1589 344 1933 395 ANTHRLMO
1982 346 2216 395 annuc.
2269 341 2471 393 arnse.
2832 327 3054 394 JUNII
3101 328 3200 392 26

652 432 754 502 vel
806 429 1140 500 ministris
1190 429 1465 520 publice
1521 431 1990 522 peccantibus.
2060 436 2141 502 Et
2194 443 2376 501 certe
2429 429 2967 500 reformidabant
3022 451 3198 500 eum

650 540 912 599 omneS,
953 517 1073 588 sed
1121 517 1391 589 diversa
1423 518 1629 610 plane
1661 520 1959 590 ratione:
2005 519 2124 589 alii
2179 541 2316 590 non
2358 519 2508 589 sine
2545 540 2801 599 amore,
2854 518 2977 588 alii
3023 539 3202 587 cum

651 607 1126 699 indignatione
1172 618 1238 677 et
1294 605 1493 677 odio:
1544 607 1664 677 alii
1730 607 2201 679 benevolentia
2247 629 2407 677 eum
2457 606 3012 698 complectenteS,
3067 606 3202 676 alii

653 696 1191 768 stomachantes:
1230 694 1350 764 alii
1397 694 1956 787 blasphemantes
2011 708 2078 767 et
2107 696 2437 767 conviciis
2475 695 3020 787 proscindenteS,
3067 695 3196 765 alii

653 783 859 856 laude
904 796 970 854 et
1015 782 1520 875 praedicatione
1551 807 1711 854 eum
1744 786 2123 858 efferentes.
2157 790 2288 856 Nec
2315 784 2596 855 deerant
2627 806 2815 865 sane,
2867 784 2991 872 qui
3025 806 3198 853 san-

650 888 838 946 ctum
888 874 1113 944 virum
1162 872 1495 943 rusticum
1546 873 1853 945 dicerent
1910 886 1977 944 et
2022 874 2536 975 importunum,
2599 894 2722 943 nec
2781 885 3009 943 tamen
3073 895 3197 973 po·

653 974 824 1033 terat
859 961 964 1033 vel
1020 983 1236 1033 ausus
1266 972 1411 1031 erat
1455 963 1828 1051 quisquam
1885 962 2263 1034 sinceritati
2309 974 2375 1032 et
2433 961 2759 1051 aequitati
2818 961 2944 1031 zeli
2996 960 3193 1032 illms

653 1072 801 1123 sese
831 1071 1199 1142 opponere.

740 1141 778 1227 ἓ
822 1145 973 1213 18.
1012 1144 1275 1208 Interea
1322 1161 1479 1211 vero
1527 1140 1904 1210 multarum
1954 1140 2293 1210 bonarum
2345 1138 2931 1211 consuetudinum
2979 1150 3046 1209 et
3083 1139 3194 1209 in-

654 1228 1050 1301 stitutorum
1079 1227 1227 1316 ipse
1257 1228 1653 1300 carthusiae
1688 1250 1979 1320 magnae
2025 1240 2263 1299 auctor
2303 1227 2455 1299 fuit.
2507 1227 2813 1298 Instituit
2843 1248 3187 1314 namque,

653 1330 730 1389 ut
775 1339 856 1387 ex
885 1316 973 1387 iis
1004 1336 1182 1402 quae
1227 1317 1652 1388 monasticus
1686 1320 1911 1387 Canon
1962 1316 2390 1409 praescribit,
2446 1315 2619 1386 nihil
2667 1316 2933 1387 deesset
2959 1314 3193 1386 fratri-

653 1407 811 1488 bu5‚
848 1403 1020 1474 nihil
1070 1403 1172 1473 illi
1218 1427 1530 1493 unquam
1576 1427 1815 1476 carum
1867 1408 2231 1476 sentirent:
2271 1406 2389 1477 sed
2422 1416 2999 1496 praepararentur
3045 1404 3192 1475 illis

653 1516 734 1565 ea
780 1494 1035 1574 omnia,
1099 1513 1232 1562 non
1286 1493 1519 1565 habita
1554 1495 1754 1585 pretii
1787 1495 2070 1575 ratione,
2112 1494 2384 1565 statutis
2418 1492 2875 1564 ministranda
2923 1506 3195 1585 tempo·

656 1582 874 1654 ribus.
913 1586 1126 1668 Atque
1154 1581 1242 1650 iis
1265 1582 1558 1672 aliisque
1603 1582 2010 1664 commodis,
2053 1583 2383 1654 hactenus
2431 1582 2911 1674 suppeditatis,
2947 1584 3195 1653 statuit

654 1692 793 1744 non
824 1669 1248 1740 fraudandos
1292 1693 1441 1742 esse
1489 1670 1752 1753 fratres,
1806 1693 1913 1753 ne,
1972 1671 2056 1741 de
2096 1672 2301 1743 rebus
2358 1671 2764 1743 necessariis
2820 1670 3080 1742 soliciti
3118 1684 3196 1742 'et

653 1759 861 1840 anxii,
911 1758 1144 1827 minus
1175 1772 1494 1830 vacarent
1539 1760 1932 1831 divinarum
1965 1783 2194 1830 rerum
2243 1760 2806 1851 contemplationi
2861 1772 2925 1829 et
2981 1782 3193 1851 regu·

656 1847 919 1919 laribus
965 1846 1379 1937 disciplinis.
1416 1849 1769 1919 Terminos
1799 1848 2196 1920 Carthusiae
2226 1848 2536 1918 dilatavit
2580 1860 2647 1919 et
2693 1849 2787 1919 ita
2816 1849 3186 1929 obstruxit,

653 1949 733 2007 ut
763 1935 1099 2007 foeminae
1145 1957 1321 2022 quae
1367 1951 1568 2008 antea
1622 1937 1968 2027 prohiberi
2028 1960 2162 2008 non
2217 1948 2547 2029 poterant,
2584 1937 2753 2024 quin
2804 1939 2876 2006 in
2915 1958 3035 2007 eos
3082 1939 3216 2007 in-'

655 2024 1124 2116 grederentur,
1152 2024 1299 2115 jam
1333 2048 1406 2096 se
1429 2025 1743 2096 exclusas
1774 2027 2124 2096 sentirent.
2158 2031 2548 2097 Structuras
2571 2025 2937 2113 quasdam,
2984 2038 3192 2117 prout

655 2112 973 2206 expedire
1032 2113 1259 2183 visum
1318 2127 1441 2197 est,
1501 2116 1752 2206 partim
1804 2114 2119 2186 meliores
2164 2115 2484 2194 reddidit,
2540 2115 2789 2205 partim
2850 2116 3182 2196 mutavit,

654 2202 904 2294 partim
934 2222 1144 2273 novas
1170 2202 1411 2273 effecit.
1449 2204 1941 2294 Agriculturae,
1977 2214 2331 2295 pastorum
2356 2225 2673 2294 gregum,
2714 2203 3016 2290 denique
3035 2226 3190 2274 om-

656 2292 855 2363 nium
885 2311 1062 2378 quae
1099 2292 1250 2382 eJus
1288 2292 1687 2363 monasterii
1714 2304 1963 2375 essent,
2015 2313 2255 2363 curam
2295 2292 2529 2381 gessit.
2564 2297 2695 2362 Nec
2731 2292 2856 2361 hoc
2906 2292 3188 2363 silentio

656 2379 1066 2472 tegendum,
1133 2379 1467 2467 quosdam
1539 2380 1738 2450 illum
1802 2381 2274 2468 aquaeductus
2333 2379 2547 2450 multo
2596 2379 2828 2450 labore
2900 2381 3189 2469 prolixis

655 2468 898 2563 spatiis
941 2468 1269 2551 effecisse,
1317 2490 1441 2560 per
1489 2490 1662 2557 quos
1692 2467 1779 2539 ad
1826 2469 2034 2540 cellas
2080 2469 2395 2551 fratrum,
2446 2468 2534 2540 ad
2581 2469 2912 2551 culinam,
2965 2483 3188 2541 caete-

652 2580 901 2647 rasque
946 2556 1261 2629 officinas
1309 2570 1495 2629 tanta
1542 2580 1884 2647 aquarum
1917 2559 2117 2650 copia
2163 2557 2534 2640 derivatur,
2579 2571 2656 2629 ut
2703 2570 3037 2659 perpetuo
3069 2559 3188 2629 de-

652 2647 1079 2748 currentium
1104 2646 1305 2738 lapsu
1337 2647 1546 2718 etiam
1581 2646 2121 2719 molendinirota
2148 2646 2588 2738 postmodum
2619 2647 2761 2717 illic
2790 2659 3191 2718 constructa

655 2747 1191 2825 circumagatur.

742 2826 780 2911 ξ
824 2827 973 2897 18.
1026 2823 1149 2892 His
1207 2824 1423 2915 igitur
1467 2823 1760 2912 aliisque
1806 2822 2169 2915 permultis
2225 2845 2402 2911 quae
2433 2824 2644 2895 nimis
2690 2846 3057 2916 operosum
3097 2826 3192 2895 sit

654 2913 887 2982 omnia
943 2923 1272 2982 annotare
1326 2934 1503 2999 quae
1550 2912 1744 2983 illius
1789 2912 2155 3013 prudentia
2205 2926 2271 2983 et
2315 2912 2659 2984 industria
2703 2914 2941 2984 effecta
2986 2926 3182 2995 sunt,

657 3000 1054 3071 carthusiae
1109 3001 1477 3091 primariae
1531 3014 1598 3072 et
1649 3024 1682 3073 s
1735 3000 2117 3073 iritualium
2180 3013 2246 3071 et
2292 3001 2775 3092 temporalium
2836 3001 3188 3072 bonorum

654 3110 793 3161 non
840 3110 1089 3180 parvae
1144 3090 1571 3161 accessiones
1616 3089 1681 3159 al
1713 3101 1861 3160 atae
1892 3100 2079 3161 sunt.
2131 3095 2426 3161 Possunt
2462 3103 2691 3162 autem
2734 3092 3192 3162 monasterio-

652 3199 812 3248 rum
878 3176 1199 3269 praefecti
1258 3178 1435 3248 beati
1484 3178 1612 3248 viri
1657 3179 1991 3270 exemplis
2036 3179 2330 3259 edoceri,
2385 3178 2975 3267 quemadmodum
3032 3192 3188 3250 tum

653 3267 939 3358 seipsos»,
995 3279 1140 3336 tum
1191 3288 1357 3337 suae
1403 3288 1611 3337 curae
1656 3268 2052 3348 commissa,
2115 3266 2186 3337 id
2234 3280 2358 3349 est,
2397 3267 2836 3339 subditorum
2884 3289 3182 3358 corpora

651 3366 718 3425 et
754 3354 1047 3436 animas,
1105 3367 1504 3442 caeteraque
1547 3356 1783 3426 omnia
1842 3378 2073 3447 regere
2120 3378 2200 3426 ac
2253 3355 2598 3427 moderari
2650 3357 2965 3427 debeant.
3026 3362 3190 3428 Erat

650 3444 768 3514 ille
815 3443 909 3513 ita
953 3442 1307 3515 studiosus
1333 3443 1631 3515 lenitatis
1662 3456 1729 3515 et
1761 3444 2336 3526 mansuetudinis,
2371 3457 2450 3515 ut
2476 3458 2654 3518 esset
2685 3458 2912 3516 tamen
2969 3446 3187 3516 etiam

650 3533 798 3603 suis
845 3531 1014 3603 locis
1050 3542 1117 3602 et
1164 3544 1295 3603 tem
1350 3533 1589 3604 oribus
1621 3555 1921 3604 severus.
1966 3540 2249 3606 Noverat
2275 3533 2380 3603 vir
2411 3534 2720 3625 prudens
2765 3546 2831 3605 et
2877 3534 3186 3625 gravita-

651 3632 785 3693 tem
834 3620 1134 3703 lenitate,
1191 3633 1257 3691 et
1330 3622 1648 3692 enitatem
1749 3623 2029 3693 ravitate
2076 3633 2494 3713 temperare:
2546 3645 2974 3710 quamquam
3023 3623 3181 3692 vin-

648 3709 844 3781 cebat
886 3711 959 3780 in
1016 3709 1159 3792 illo,
1214 3710 1687 3799 naturalique
1738 3732 1852 3780 am
1913 3711 2030 3782 Dei
2080 3732 2385 3794 munere,
2443 3723 2509 3782 et
2547 3712 2818 3782 infinita
2900 3711 3069 3782 ietas
3115 3725 3186 3784 et

649 3798 1140 3870 misericordia.
1178 3802 1345 3869 Cum
1388 3811 1811 3871 essetautem
1852 3800 2003 3871 talis
2047 3812 2113 3870 et
2158 3810 2388 3871 tantus
2426 3799 2552 3883 vir,
2606 3800 2693 3871 ad
2727 3800 2829 3870 cel
2863 3822 2944 3870 ae
3027 3801 3181 3871 uie-

650 3898 784 3957 tem
814 3899 879 3957 et
925 3886 1367 3958 solitudinem
1417 3886 1751 3969 inhiabat,
1801 3888 1984 3977 quod
2052 3910 2300 3980 parum
2352 3888 2486 3959 sibi
2534 3902 2881 3980 praestare
2911 3890 2977 3958 vi
3030 3910 3180 3960 ere-

648 3986 780 4057 tur,
815 3975 1029 4047 immo
1064 3975 1350 4047 multam
1386 3977 1592 4047 etiam
1623 3978 1968 4078 ‚jacturam
1995 3975 2258 4058 fecisse,
2297 3976 2466 4047 dum
2502 3977 2741 4049 multis
2769 3990 3173 4070 occupatus,

649 4085 785 4135 non
836 4076 1063 4154 posset
1107 4085 1232 4154 pro
1279 4076 1431 4136 voto
1478 4065 1908 4156 spiritalibus
1956 4066 2294 4139 exercitiis
2332 4066 2712 4137 inhaerere.

734 4156 772 4241 ξ
815 4157 959 4229 14.
1011 4157 1249 4241 Itaque
1294 4175 1453 4223 cum
1502 4155 1704 4224 annis
1744 4154 2107 4225 duodecim
2165 4166 2443 4225 strenue
2501 4177 2580 4226 ac
2636 4155 2952 4246 religiose
3017 4159 3181 4225 Car-

647 4241 945 4315 thusiam
978 4241 1169 4312 illam
1219 4243 1689 4333 gubernasset,
1743 4243 1880 4313 alio
1926 4245 1996 4313 in
2047 4243 2275 4314 locum
2327 4266 2531 4315 suum
2582 4244 2975 4334 subrogatO,
3007 4244 3180 4315 sub-

646 4354 796 4404 esse
843 4330 1106 4404 malens
1135 4352 1340 4419 quam
1394 4353 1741 4422 praeesse,
1795 4332 2073 4403 obedire
2120 4334 2348 4423 potius
2396 4355 2604 4420 quam
2657 4334 3019 4424 imperare,
3087 4332 3177 4402 ad

647 4420 931 4504 cellam,
1000 4420 1203 4512 cujus
1266 4420 1546 4492 ardebat
1602 4420 1984 4501 desiderio,
2053 4443 2125 4491 se
2191 4422 2483 4513 recepit,
2555 4422 2705 4514 ejus
2775 4421 3176 4514 gratissima
