3357 4995
658 310 743 374 88
1120 324 1459 374 TRANSLAT.
1514 326 1607 374 ss,
1659 326 1776 373 nu.
1830 325 2011 374 parm
2056 326 2134 374 nr
2179 320 2558 375 maenum
2807 308 3031 376 JUNII
3081 312 3125 375 2

565 411 807 482 eadem
848 410 1040 491 hora,
1081 409 1459 499 eodemque
1507 411 1579 480 in
1623 410 1773 481 loco
1822 431 1945 502 per
1984 410 2531 481 misericordiam
2583 410 2701 479 Dei
2731 422 2798 481 et
2823 433 2949 502 per
2974 434 3124 483 me·

563 500 697 570 rita
727 499 1086 570 beatorum
1124 510 1506 589 martyrum
1551 512 1825 570 erectus
1871 522 1951 570 ac
1985 521 2200 571 sanus
2248 499 2532 570 effectus
2578 511 2703 570 est.

655 591 691 677 ἓ
737 593 879 662 14.
934 588 1051 657 Die
1097 599 1342 675 quarto
1367 593 1718 660 Nonarum
1769 588 2118 659 Juliarum
2166 588 2511 677 quaedam
2542 588 2776 671 vidua,
2832 590 3122 662 nomine

563 676 905 747 Adalrada
949 698 1128 777 quae
1157 677 1362 747 annis
1400 689 1701 767 quatuor
1747 677 2111 748 oculorum
2161 676 2428 748 lumine
2478 676 2746 768 privata
2783 677 2961 747 nihil
3014 680 3120 747 vi-

565 766 790 848 debat,
826 765 1066 835 audita
1094 765 1424 836 virtutum
1474 764 1684 848 fama,
1725 787 1919 857 spem
1967 766 2158 837 visus
2197 765 2578 856 recipiendi
2607 787 2745 836 non
2769 788 2948 836 vana
2975 767 3119 837 fide

567 855 903 946 concepit,
956 865 1365 946 arreptoque
1395 854 1669 936 baculu,
1709 854 1858 925 sola
1894 853 2044 925 sine
2076 854 2382 937 ductore,
2421 854 2505 924 ad
2541 855 2982 927 valentianas
3016 857 3123 926 i're

567 943 943 1014 contendit.
994 947 1303 1031 Cumque
1346 944 1496 1014 vico
1543 944 2103 1034 appropinquare
2150 944 2531 1035 coepisset,
2588 943 2813 1013 visum
2864 958 2969 1015 est
3018 946 3112 1026 ei,

568 1032 754 1121 quod
802 1031 988 1103 velut
1033 1054 1258 1102 unum
1308 1031 1473 1102 solis
1521 1032 1792 1102 radium
1827 1032 2028 1103 oculo
2059 1031 2294 1103 dextro
2322 1033 2787 1124 conspiceret:
2842 1054 2923 1102 ac
2954 1055 3121 1124 pro·

571 1121 734 1191 inde
773 1121 1080 1190 divinam
1129 1119 1569 1190 clementiam
1624 1142 1802 1212 puro
1847 1120 2054 1191 corde
2100 1120 2466 1211 deprecata
2526 1133 2650 1203 est,
2704 1133 2784 1192 ut
2830 1143 2954 1211 per
3001 1122 3120 1192 in-

573 1210 1056 1281 tercessionem
1108 1213 1514 1280 Sanctorum
1546 1230 1831 1279 suorum
1880 1209 2242 1281 ecclesiam
2291 1210 2472 1280 beati
2520 1209 2728 1281 Salvii
2779 1231 2851 1279 se
2880 1209 3121 1282 videre

574 1300 1016 1387 permitteret.
1072 1298 1449 1385 Statimque
1493 1297 1814 1368 exaudita
1858 1312 1983 1381 est,
2042 1311 2107 1369 et
2150 1298 2335 1387 quod
2384 1310 2757 1389 optaverat,
2823 1300 3122 1369 Domino

574 1389 965 1468 miserante,
1011 1388 1160 1457 sine
1209 1408 1399 1457 mora
1427 1401 1529 1457 est
1565 1400 1957 1457 consecuta.
2011 1393 2168 1478 Ipsa
2215 1408 2489 1475 quoque
2518 1387 2630 1457 die
2654 1388 2864 1457 altera
2895 1409 3121 1475 quae-

451 1546 460 1567 ,
574 1477 736 1552 dam
785 1475 1086 1546 foemina
1133 1474 1218 1544 de
1267 1497 1441 1566 pago
1480 1476 1937 1556 Noviomensi,
1971 1476 2448 1564 quinquennio
2482 1498 2705 1557 caeca,
2747 1477 2926 1546 inter
2956 1478 3124 1549 Mis-

576 1587 809 1636 sarum
862 1564 1196 1635 solemnia
1246 1565 1480 1634 lumen
1508 1563 1691 1653 quod
1729 1565 2076 1646 amiserat,
2108 1564 2372 1635 Christo
2403 1565 2691 1635 Domino
2719 1586 2840 1655 per
2865 1566 3121 1653 merita

579 1658 982 1724 Sanctorum
1034 1674 1317 1724 suorum
1359 1653 1681 1734 donante,
1736 1653 2014 1744 recepit.

663 1744 701 1830 ξ
746 1748 890 1815 15.
944 1745 1122 1812 Haec
1158 1743 1252 1833 (et
1299 1744 1446 1829 alia
1494 1741 1830 1833 plurima)
1881 1755 2043 1812 sunt
2108 1743 2447 1812 miracula
2510 1754 2714 1830 atque
2774 1744 3068 1814 virtutes
3101 1800 3116 1825 ,

574 1852 749 1918 quas
799 1830 1132 1901 Dominus
1181 1844 1412 1901 noster
1456 1837 1660 1900 Jesus
1698 1830 2008 1902 Christus
2056 1852 2179 1921 per
2224 1830 2468 1901 merita
2495 1842 2889 1900 sanctorum
2928 1854 3123 1901 mar-

575 1933 807 2010 tyrum
857 1941 1144 1991 suorum
1194 1919 1566 1989 Marcellini
1617 1930 1684 1988 et
1727 1918 1906 1989 Petri
1953 1920 2025 1988 in
2060 1920 2210 1990 vico
2236 1919 2671 1990 Valentianas
2702 1919 2788 1989 ad
2817 1919 3118 1990 salutem

575 2008 865 2079 humani
917 2009 1189 2099 generis
1223 2031 1262 2079 o
1314 2008 1491 2078 erari
1539 2007 1866 2097 dignatus
1899 2021 2022 2078 est.
2077 2013 2265 2091 Quae
2310 2021 2730 2089 memoratus
2779 2009 3124 2099 Georgius

577 2097 934 2188 presbyter
982 2098 1167 2168 brevi
1218 2097 1261 2166 li
1318 2097 1450 2167 ello
1497 2095 1782 2166 collecta
1814 2097 2013 2168 nobis
2053 2097 2321 2167 mittere
2368 2097 2655 2175 curavit,
2693 2107 2759 2166 et
2792 2118 2916 2166 nos
2949 2098 3125 2169 huic

577 2185 766 2277 operi
818 2197 1050 2256 nostro
1097 2186 1501 2256 censuimus
1533 2185 1926 2255 inserenda.
1962 2185 2085 2255 Hic
2110 2198 2213 2256 est
2238 2185 2568 2275 Georgius
2597 2187 2961 2256 veneticus
2994 2188 3126 2274 qui

577 2273 663 2344 de
710 2275 932 2365 patria
980 2297 1106 2344 sua
1136 2275 1222 2345 ad
1274 2280 1761 2364 Imperatorem
1810 2274 2015 2357 venit,
2068 2286 2133 2344 et
2178 2275 2250 2344 in
2301 2273 2597 2361 Aquensi
2640 2275 3129 2366 (Aquisqranz)

577 2362 833 2455 palatio
865 2385 1205 2464 organum
1252 2363 1436 2451 quod
1486 2366 1739 2432 Graece
1790 2363 2199 2453 hydraulica
2263 2374 2575 2443 vocatur,
2629 2363 2923 2433 mirifica
2975 2378 3126 2434 arte

574 2473 725 2524 com
780 2464 984 2524 osmt.

666 2544 701 2629 ἓ
734 2474 898 2615 plu.
954 2542 1132 2613 Alter
1167 2540 1442 2612 libellus
1491 2541 1663 2611 mihi
1711 2541 1984 2612 oblatus
2030 2555 2132 2612 est
2161 2541 2245 2611 de
2279 2541 2693 2612 monasterio
2725 2544 2789 2610 S.
2822 2544 3126 2615 Bavonis

576 2630 761 2719 quod
784 2631 992 2701 situm
1021 2644 1124 2701 est
1143 2630 1338 2722 juxta
1368 2629 1665 2700 Scaldim
1699 2631 1768 2700 in
1800 2631 1947 2701 loco
1969 2630 2203 2700 Gauda
2233 2641 2492 2705 vocato,
2528 2629 2650 2698 ubi
2679 2628 2860 2700 idem
2888 2634 3129 2704 amnis

576 2719 819 2810 Legiae
865 2720 1140 2790 flumini
1187 2720 1658 2810 conjungitur,
1698 2743 1737 2789 a
1765 2719 2097 2790 fratribus
2138 2718 2395 2789 ibidem
2447 2724 2580 2788 Deo
2629 2719 3121 2790 servientibus.

576 2815 883 2891 Quorum
912 2822 1157 2898 rogatu
1182 2806 1509 2896 reliquias
1549 2820 2086 2878 memoratorum
2115 2807 2364 2878 Christi
2398 2818 2783 2896 martyrum
2814 2806 2902 2877 ad
2934 2807 3128 2878 idem

575 2897 1076 2967 monasterium
1111 2896 1296 2977 misi,
1349 2897 1421 2965 in
1452 2918 1589 2984 quo
1638 2897 1806 2968 haec
1848 2918 1969 2988 per
1998 2895 2313 2966 ordinem
2366 2909 2558 2996 gesta
2606 2908 2874 2986 reperta
2922 2909 3118 2967 sunt.

576 2990 767 3054 Anno
816 2985 903 3055 ab
953 2985 1424 3055 incarnatione
1455 2986 1725 3055 Domini
1776 2985 1990 3056 nostri
2028 2989 2196 3055 Jesu
2245 2985 2494 3054 Christi
2541 2986 3124 3075 octingentesimo

576 3072 1144 3144 vicesimooctavo
1204 3088 1537 3144 venerunt
1598 3074 1933 3161 reliquiae
1980 3085 2377 3144 sanctorum
2431 3072 2677 3145 Christi
2729 3085 3127 3163 martyrum

580 3160 956 3231 Marcellini
1007 3173 1071 3231 et
1116 3162 1292 3232 Petri
1341 3162 1426 3232 ad
1463 3163 1957 3232 monasterium
1993 3167 2059 3232 S.
2098 3162 2388 3231 Bavonis
2436 3161 2550 3232 die
2586 3162 2829 3250 quinto
2863 3166 3120 3232 Nonar.

577 3256 616 3320 J
622 3250 719 3320 ul.
742 3250 911 3319 feria
937 3262 1143 3331 sexta,
1175 3251 1557 3321 Indictione
1588 3274 1674 3321 v1.
1710 3251 1930 3320 Tertia
1957 3271 2114 3320 vero
2143 3250 2278 3331 die,
2318 3250 2388 3320 id
2414 3263 2539 3331 est,
2578 3251 2934 3320 Dominica
2963 3273 3128 3342 pro-

577 3339 763 3408 xima
793 3361 998 3426 quem
1023 3339 1151 3409 fuit
1178 3340 1372 3410 tertio
1416 3345 1641 3409 Nonas
1677 3340 1924 3420 Julius,
1947 3339 2286 3427 quaedam
2321 3339 2555 3429 puella
2585 3360 2810 3421 caeca,
2838 3341 3128 3410 nomine

578 3427 962 3507 Hartlinda,
999 3428 1083 3499 de
1121 3427 1287 3498 villa
1308 3449 1485 3516 quae
1516 3427 1910 3499 Furserium
1960 3428 2372 3519 appellatur,
2409 3449 2620 3515 quam
2668 3439 2860 3518 pater
2882 3440 2947 3517 et
2975 3450 3128 3499 ma-

583 3527 685 3586 ter
732 3518 953 3587 testati
1001 3530 1165 3588 sunt
1211 3529 1359 3589 octo
1407 3516 1612 3588 annis
1667 3516 2027 3588 oculorum
2081 3516 2308 3588 officio
2353 3517 2698 3586 caruisse:
2751 3537 2912 3586 cum
2964 3532 3129 3587 ante

578 3604 791 3674 altare
839 3627 1049 3696 super
1086 3605 1270 3693 quod
1322 3626 1556 3675 sacrae
1596 3618 1981 3696 martyrum
2017 3605 2348 3693 reliquiae
2371 3619 2570 3676 erant
2602 3606 2886 3706 positae,
2943 3605 3125 3677 fuis-

579 3707 678 3764 set
709 3694 1030 3774 adducta‚
1084 3715 1315 3764 coram
1348 3693 1675 3764 omnibus
1714 3695 1836 3781 qui
1866 3694 2151 3765 aderant
2176 3695 2401 3765 visum
2431 3699 2719 3765 Dommo
2746 3695 3125 3764 miserante

576 3784 855 3874 recepit.
892 3784 1061 3852 Inde
1109 3795 1263 3872 post
1289 3781 1438 3852 dies
1470 3792 1644 3862 octo,
1683 3782 1751 3852 id
1801 3796 1924 3866 est,
1962 3794 2208 3871 quarto
2243 3782 2409 3855 Idus
2452 3782 2625 3853 Julii
2672 3782 2971 3853 adducta
3005 3796 3128 3853 'est

577 3870 791 3941 altera
837 3871 1070 3963 puella
1109 3870 1428 3940 similiter
1473 3893 1701 3957 caeca,
1765 3872 2046 3942 nomine
2092 3871 2485 3952 Helmrada‚
2553 3871 2638 3942 de
2686 3871 2850 3941 villa
2900 3872 3126 3964 Magle

577 3980 823 4030 nuncu
877 3972 1024 4030 ata:
1070 3959 1273 4050 cujus
1322 3973 1638 4049 parentes
1675 3961 1762 4031 de
1790 3983 1870 4031 ea
1910 3961 2292 4033 retulerunt
2320 3961 2504 4049 quod
2531 3974 2768 4032 octava
2787 3960 2901 4031 die
2930 3975 3124 4050 post-

575 4068 788 4135 quam
887 4048 1181 4139 aptizata
1227 4046 1378 4131 fuit,
1432 4050 1661 4119 subita
1695 4050 2020 4120 caecitate
2063 4072 2387 4141 percussa
2448 4050 2560 4120 sit.
2600 4055 2785 4133 Quae
2831 4061 2897 4119 et
2965 4050 3124 4139 ipsa

578 4138 806 4207 statim
841 4157 1072 4206 coram
1125 4138 1339 4207 sacris
1388 4151 1768 4227 martyrum
1801 4138 2155 4209 cineribus
2180 4138 2418 4209 lumen
2467 4138 2649 4227 quod
2694 4137 3121 4226 jamdudum

576 4225 899 4316 perdidit,
941 4225 1227 4295 Domino
1276 4225 1405 4297 sibi
1456 4226 1805 4310 reddente,
1856 4227 2135 4317 recepit.
2169 4227 2335 4297 Exin
2379 4227 2492 4298 die
2523 4226 2720 4298 tertia
2751 4226 2936 4313 quod
2990 4226 3126 4296 fuit

577 4312 803 4404 pridie
850 4313 1018 4384 Idus
1062 4311 1256 4394 sulii,
1294 4315 1478 4386 venit
1524 4315 1693 4388 illuc
1729 4316 1961 4407 puella
2005 4314 2349 4404 quaedam
2397 4338 2629 4396 curva,
2685 4316 2963 4385 nomine
2989 4313 3126 4383 Bli-

578 4401 820 4485 drada,
876 4402 961 4472 de
1011 4402 1173 4473 villa
1236 4404 1588 4475 Boderetio
1635 4426 1813 4493 quae
1883 4406 2178 4496 pertinet
2217 4404 2303 4474 ad
2355 4403 2853 4478 monasterium
2901 4404 3128 4473 sancti
