3357 4995
243 329 458 402 JUNII
506 333 593 399 28
896 351 975 396 na
1021 351 1077 397 s,
1131 349 1404 398 mamito
1450 350 1552 396 nr.
1606 349 1879 398 euenum.
1934 352 2125 398 nar.
2575 333 2704 401 623

245 430 472 521 quinti
504 429 836 501 adversus
877 429 1217 511 haereseS,
1273 430 1395 499 ubi
1443 430 1542 499 sic
1592 428 1933 517 loquitur:
1989 453 2026 497 «
2059 431 2401 513 Quoniam
2447 431 2616 502 etin
2670 430 2784 501 ad·

246 519 750 590 ministratione
793 518 1135 589 sermonis
1191 518 1394 608 positi
1458 538 1729 598 sumus,
1782 530 1848 588 et
1893 519 2295 590 omnimodo
2342 518 2786 591 elaboramus

246 608 631 683 secundum
683 620 988 679 nostram
1039 607 1383 687 virtutem,
1439 606 1741 698 plurima
1777 607 1902 677 tibi
1940 607 2224 696 quidem
2267 608 2338 677 in
2389 608 2786 681 subsidium

244 710 590 790 praestare
637 696 1003 768 adversum
1053 695 1589 767 contraditiones
1620 696 2149 777 haereticorum,
2202 711 2511 768 errantes
2554 710 2785 768 autem

246 787 610 867 retrahere,
652 798 717 856 et
746 797 1135 855 convertere
1174 785 1262 856 ad
1304 784 1678 855 Ecclesiam
1732 786 1886 865 Dei;
1956 808 2084 856 neo
2136 785 2459 876 hytorum
2515 807 2789 875 quoque

243 898 528 947 sensum
586 874 1001 946 confirmare
1034 929 1050 955 ,
1112 886 1188 945 ut
1248 873 1564 945 stabilem
1623 874 2017 945 custodiant
2114 875 2298 956 dem,
2352 897 2563 963 quam
2615 877 2787 945 bene

244 964 657 1036 custoditam
703 963 792 1033 ab
839 963 1140 1033 Ecclesia
1187 974 1671 1054 acceperunt.»
1735 963 1916 1034 Nihil
1978 964 2047 1033 in
2101 963 2208 1034 his
2252 963 2450 1035 libris
2503 963 2779 1046 omisit,

241 1067 320 1126 ut
365 1074 559 1123 arma
608 1051 973 1123 Catholicis
1004 1052 1333 1123 adversus
1382 1052 1760 1122 haereticos
1787 1051 2233 1123 ministraret.
2287 1053 2464 1123 Hinc
2512 1058 2578 1123 S.
2630 1058 2678 1123 E
2733 1053 2788 1122 i-

243 1142 569 1234 phanius,
624 1143 892 1211 haeresi
935 1146 1006 1211 34
1066 1163 1243 1229 quae
1274 1153 1376 1211 est
1422 1141 1788 1222 Valentini,
1841 1162 2036 1211 num.
2091 1146 2200 1224 33,
2254 1141 2339 1211 de
2387 1163 2466 1212 eo
2522 1142 2623 1212 sic
2704 1164 2781 1212 o-

240 1232 501 1320 quitur:
539 1254 576 1297 «
607 1230 923 1321 Optimus
955 1228 1068 1299 ille
1090 1252 1294 1301 senex
1320 1235 1733 1300 IrenaeuS...
1773 1230 1876 1300 vir
1905 1230 2190 1301 omnino
2223 1230 2520 1320 Spiritus
2555 1230 2785 1302 Sancti

240 1320 443 1393 donis
496 1319 1122 1400 instructissimus,
1177 1332 1530 1406 tamquam
1599 1318 1795 1389 sortis
1851 1318 2106 1389 athleta
2155 1319 2534 1411 productus
2568 1342 2608 1388 a
2655 1325 2785 1389 Do*

244 1409 457 1492 mino,
510 1421 576 1478 et
628 1407 1039 1479 coelestibus
1078 1409 1502 1478 ornamentis
1532 1463 1548 1489 ,
1622 1420 1701 1478 ut
1761 1408 1858 1478 ita
1919 1407 2253 1489 dixerim,
2310 1408 2396 1478 ad
2438 1421 2782 1478 certamen

240 1510 641 1589 perunctus,
693 1497 815 1585 qui
862 1497 1171 1567 sincerae
1208 1496 1373 1566 fidei
1419 1520 1499 1566 ac
1532 1496 1860 1567 scientiae
1914 1497 2303 1588 praesidiis,
2356 1497 2591 1567 omnia
2625 1497 2780 1567 illo-

240 1610 395 1658 rum
448 1586 816 1678 prostravit
861 1586 1234 1674 evertitque
1291 1586 1738 1656 mendacia.»
1788 1585 1980 1656 Idem
2029 1608 2208 1677 opus
2257 1586 2494 1655 laudat
2541 1586 2783 1656 Hiero-

241 1697 498 1767 nymus
545 1675 618 1744 in
677 1675 966 1765 epistola
1013 1675 1098 1744 ad
1152 1680 1476 1833 Magnum
1539 1686 1880 1745 oratorem
1934 1681 2352 1755 Romanum,
2404 1675 2609 1745 cu'us
2656 1696 2786 1766 ope

240 1771 472 1835 Patres
505 1764 837 1834 adversus
884 1764 1230 1851 quoslibet
1311 1764 1638 1835 aereticos
1688 1764 2145 1834 decertarunt.
2203 1769 2268 1833 S.
2323 1765 2474 1833 Basi
2511 1764 2619 1835 ius
2649 1769 2785 1834 Ma-

238 1876 421 1944 gnus
469 1852 693 1943 ipsius
725 1853 1150 1935 auctoritate,
1197 1874 1321 1944 pro
1367 1853 1739 1923 asserenda
1801 1853 2098 1944 Spiritus
2137 1851 2777 1934 Sanctidivinitate,

238 1965 414 2014 usus
460 1952 583 2024 est,
638 1946 708 2011 L.
762 1941 848 2011 de
898 1943 1157 2032 Spiritu
1205 1946 1271 2012 S.
1326 1945 1484 2032 Cap.
1523 1948 1633 2012 29.
1689 1942 2016 2011 Eamdem
2066 1942 2491 2033 Augustinus
2547 1953 2782 2012 contra

240 2031 642 2122 Pelagianos
691 2030 1011 2101 adhibuit
1058 2031 1259 2101 Libro
1307 2035 1369 2100 l.
1432 2044 1671 2101 contra
1715 2030 2073 2101 lulianum
2127 2036 2285 2132 Cap.
2351 2036 2416 2110 3,
2473 2030 2598 2101 ubi
2638 2035 2780 2101 Ire-

240 2142 492 2190 naeum
542 2121 899 2211 antiquum
962 2122 1291 2190 hominem
1357 2122 1481 2189 Dei
1539 2120 1865 2210 appellat.
1944 2120 2066 2190 His
2124 2119 2415 2210 adjungi
2491 2130 2784 2211 possunt

237 2209 549 2278 Clemens
582 2208 958 2278 Alexander
1007 2208 1303 2299 Cyrillus
1365 2208 1868 2309 Jerosolymit„
1927 2208 2394 2278 Theodoretus
2449 2208 2659 2280 variis
2708 2208 2779 2278 in

236 2296 429 2379 locis,
468 2319 547 2368 ac
581 2298 909 2388 precipue
957 2297 1027 2366 in
1090 2297 1369 2388 Dialogo
1409 2304 1472 2367 t.
1533 2319 1654 2385 qui
1717 2297 1975 2368 dicitur
2020 2299 2619 2378 Incommutabilz‘S,
2658 2297 2782 2367 ubi

237 2386 469 2477 ipsum
522 2389 746 2456 lumen
800 2387 1331 2459 occidentalium
1362 2390 1714 2458 Gallorum
1747 2386 1935 2457 dicit.
1989 2385 2180 2457 Unde
2228 2392 2588 2456 Irenaeum
2640 2406 2778 2455 non

235 2474 581 2547 immerito
612 2476 789 2547 inter
837 2476 1019 2546 viros
1066 2476 1423 2547 sanctitate
1472 2487 1536 2546 et
1578 2475 1997 2567 praestantia
2047 2475 2357 2567 insignes
2385 2531 2402 2557 ,
2446 2475 2566 2563 qui
2615 2474 2781 2545 hae-

235 2587 419 2636 reses
468 2578 825 2635 nascentes
873 2565 1299 2646 retuderunt,
1354 2577 1674 2635 numerat
1714 2564 2178 2635 Tertullianus
2218 2566 2288 2634 in
2325 2563 2503 2635 libro
2541 2563 2781 2634 adver-

232 2676 353 2724 sus
385 2654 920 2736 Valentinian05‚
973 2676 1273 2742 eumque
1320 2653 1579 2724 ibidem
1612 2656 1911 2724 omnium
1949 2655 2412 2725 doctrinarum
2464 2654 2782 2723 curiosis-

231 2746 478 2812 simum
516 2747 1015 2834 emploratorem
1065 2741 1390 2834 appellat.
1437 2747 1514 2812 Et
1552 2764 1624 2812 re
1670 2742 1953 2830 quidem
2007 2764 2209 2825 vera,
2264 2742 2452 2813 hunc
2501 2743 2779 2812 beatum

232 2832 614 2902 Antistitem
692 2854 924 2902 sacras
984 2843 1049 2902 et
1113 2832 1510 2923 prophanas
1580 2831 1905 2902 scientias
1951 2831 2210 2922 optime
2276 2829 2647 2912 calluisse,
2700 2852 2781 2901 ex

230 2921 452 3009 ipsius
501 2924 795 3012 Operum
831 2920 1120 2991 lectione
1165 2919 1365 2990 facile
1394 2920 1689 3008 quisque
1736 2920 2085 2991 advertere
2133 2932 2389 3012 potest,
2459 2919 2781 3008 quamvis

234 3009 623 3101 simplicem
686 3008 1031 3080 scribendi
1083 3010 1390 3092 modum,
1428 3023 1495 3080 et
1540 3010 1800 3097 absque
1858 3009 2050 3079 omni
2111 3009 2478 3079 verborum
2528 3021 2780 3078 ornatu

229 3121 301 3169 se
334 3099 726 3190 amplexum
778 3099 991 3170 fuisse
1019 3097 1204 3169 dicat
1251 3098 1321 3167 in
1373 3098 1660 3168 Praesat.
1714 3098 1800 3168 ad
1844 3097 2059 3168 libros
2098 3110 2337 3168 contra
2378 3097 2721 3167 haereses.

312 3190 351 3277 ἓ
396 3192 482 3261 4.
537 3188 932 3278 Computari
979 3188 1187 3258 etiam
1218 3186 1420 3256 debet
1444 3188 1624 3257 inter
1720 3187 2045 3277 raecipua
2084 3186 2518 3275 antiquitatis
2563 3184 2779 3256 eccle-

231 3276 551 3348 siasticae
589 3288 1064 3357 monumenta,
1134 3276 1411 3367 egregia
1457 3277 1676 3367 episto
1707 3298 1748 3346 a
1795 3298 2005 3363 quam
2070 3275 2251 3346 idem
2314 3280 2640 3346 Irenaeus
2687 3274 2778 3345 ad

228 3365 563 3436 Victorem
598 3371 851 3524 Pagam
895 3364 1195 3454 scripsit,
1237 3379 1315 3435 ut
1346 3386 1507 3435 eum
1542 3387 1582 3434 a
1629 3365 1919 3436 consilio
1964 3365 2151 3453 quod
2200 3363 2532 3434 adversus
2583 3364 2778 3434 Asiae

227 3454 591 3535 EcclesiaS,
647 3475 686 3523 o
782 3454 1319 3524 controversiam
1361 3453 1447 3524 de
1480 3454 1833 3524 Paschatis
1882 3453 1994 3523 die
2041 3465 2482 3535 commotam,
2540 3452 2776 3522 animo

225 3555 655 3645 conceperat,
720 3555 1089 3613 revocaret.
1144 3544 1368 3632 Hujus
1415 3540 1747 3633 epistolae
1808 3541 2075 3630 aliquot
2120 3541 2505 3633 fragmenta
2573 3540 2776 3611 refert

224 3633 563 3703 Eusebius
602 3632 775 3702 Hist.
811 3637 883 3701 L.
935 3632 1202 3720 quinto,
1257 3636 1323 3700 C.
1362 3637 1471 3712 24,
1508 3631 1767 3720 quibus
1815 3632 1885 3701 in
1937 3631 2203 3701 Irenaei
2250 3629 2557 3721 elogium
2611 3630 2778 3700 sub-

215 3722 484 3813 jungit:
524 3745 561 3788 «
599 3724 924 3791 Irenacus
974 3721 1257 3809 quidem
1310 3721 1579 3791 nomini
1627 3742 1755 3793 suo
1788 3742 1943 3791 vere
2000 3719 2449 3812 respondens,
2503 3740 2773 3809 Ειρεναῖος

224 3810 486 3903 quippe
533 3832 799 3901 graece,
837 3808 1049 3880 latine
1080 3811 1444 3902 pacificum
1470 3823 1692 3893 sonat,
1745 3832 1871 3880 nec
1905 3808 2052 3880 solo
2092 3809 2375 3879 nomine
2413 3807 2532 3878 sed
2563 3808 2771 3878 etiam

226 3899 402 3970 vitae
442 3899 759 3970 instituto
805 3921 886 3970 ac
938 3898 1287 3991 proposito
1335 3898 1697 3990 pacificus,
1731 3921 1856 3990 pro
1882 3899 2348 3969 Ecclesiarum
2399 3919 2576 3987 pone
2602 3897 2771 3967 haec

227 3989 498 4059 monuit
543 3999 609 4059 et
640 3987 1036 4080 allegavit.»
1070 3987 1254 4060 Alias
1300 3987 1386 4059 de
1416 3987 1657 4060 eodem
1693 4000 2103 4079 argumento
2151 3986 2478 4077 epistolas
2525 3985 2611 4056 ad
2653 4009 2771 4055 va-

225 4076 365 4146 rios
414 4078 657 4167 Episco
710 4101 788 4148 os
826 4078 913 4148 ab
943 4099 1024 4148 eo
1073 4078 1367 4168 scriptas
1415 4077 1630 4148 fuisse
1682 4090 1968 4148 testatur
1997 4076 2182 4147 idem
2233 4075 2575 4147 Eusebius
2618 4074 2770 4146 loco

224 4164 527 4248 laudato;
575 4189 646 4238 se
743 4166 904 4236 illae
951 4165 1378 4237 exciderunt.

313 4256 350 4343 ξ
396 4262 484 4328 5.
540 4257 696 4328 Istis
745 4255 1040 4343 aliisque
1090 4255 1327 4327 multis
1375 4254 1734 4327 laboribus
1784 4254 2226 4344 perfunctum
2261 4259 2627 4325 Irenaeum
2675 4253 2776 4320 vi-

225 4355 364 4414 tam
420 4345 749 4434 martyrio
782 4345 1085 4437 glorioso
1130 4366 1681 4426 consummasse,
1735 4366 1872 4414 non
1917 4343 2144 4416 solum
2194 4343 2604 4414 recentiores
2653 4364 2773 4412 au-

228 4449 449 4505 ctores
500 4433 801 4517 tradunt,
856 4435 975 4505 sed
1023 4445 1090 4504 et
1136 4434 1286 4525 ipse
1334 4434 1801 4524 Hieronymus
1841 4434 1913 4502 in
1964 4438 2122 4525 Cap.
2170 4456 2313 4504 mv
2360 4432 2600 4514 Isaiae,
2649 4430 2771 4500 ubi
