3357 4995
651 334 778 397 548
1269 347 1345 392 nn
1394 347 1449 391 s.
1506 346 1818 394 Pannona
1870 346 2035 394 wne.
2092 347 2166 393 ET
2215 347 2403 393 naar.
2753 327 2970 392 JUNII
3024 327 3115 389 25

568 434 693 504 Sed
746 455 877 503 non
933 432 1001 501 id
1030 446 1166 501 tam
1219 431 1352 500 cito
1382 430 1532 509 erit,
1572 444 1649 500 ut
1698 444 1760 500 te
1805 453 2058 522 cupere
2105 453 2267 521 prae
2310 444 2372 499 te
2419 429 2594 499 fers:
2631 451 2929 516 namque
2979 428 3111 496 ista

564 536 682 593 tua
729 522 1117 612 arrogantia
1140 520 1355 589 multo
1391 519 1593 609 plura
1624 532 1689 588 et
1719 521 2033 609 graviora
2065 521 2243 588 mala
2278 519 2401 590 tibi
2433 519 2735 588 afferet.»
2776 518 3115 586 Febronia

565 636 721 681 cum
777 624 1053 701 propter
1102 622 1597 682 tormentorum
1637 609 2187 698 magnitudinem
2242 630 2375 676 non
2427 606 2648 678 multa
2695 605 3116 696 respondere

566 715 817 791 posset,
901 721 979 768 eo
1061 699 1386 787 majorem
1467 695 2012 788 indignationem
2075 697 2301 767 ludici
2359 697 2852 766 commovebat.
2918 700 3116 762 Tunc

571 790 854 859 selenus
912 788 1110 858 'ussit
1156 786 1554 855 carnificem
1619 808 1960 856 mammas
2007 787 2156 876 ejus
2211 808 2462 855 secare.
2518 786 2812 855 Accessit
2871 782 3011 863 ille,
3046 796 3116 851 et

566 812 1097 968 aggrediebatur
1146 877 1213 945 id
1250 875 1494 945 facere.
1547 876 1814 944 Turbae
1843 898 1998 944 vero
2046 874 2469 944 elamoribus
2509 874 2781 964 magnis
2829 885 3114 942 conten-

568 968 820 1037 debant
861 965 1193 1044 aJudioe,
1236 979 1314 1035 ut
1345 976 1761 1032 tormentum
1786 964 1958 1033 illud
1997 964 2410 1034 adolescenti
2452 963 2819 1033 Febroniae
2859 960 3116 1031 condo-

570 1069 871 1125 naretur.
926 1059 1091 1123 Cum
1144 1075 1302 1121 vero
1349 1053 1470 1120 diu
1520 1051 1921 1132 clamarent,
1961 1067 2025 1121 et
2071 1052 2379 1121 Judicem
2418 1062 2886 1141 precarentur,
2925 1050 3115 1117 indi-

571 1159 823 1235 gnatus
856 1143 1141 1213 selenus
1189 1142 1517 1210 adversus
1556 1141 1991 1210 carnificem:
2049 1142 2266 1222 «Quid
2296 1162 2546 1221 cessaS,
2603 1140 2849 1226 inquit,
2904 1137 3118 1207 scele-

571 1235 894 1312 stissime,
942 1244 1006 1301 et
1040 1232 1326 1300 deorum
1358 1229 1892 1298 inimicissime?
1940 1237 2071 1298 Cur
2099 1251 2436 1299 mammas
2472 1229 2635 1298 istas
2670 1250 2805 1297 non
2844 1230 3108 1298 semsi»

568 1323 839 1422 Accepit
886 1320 1000 1388 illc
1077 1318 1534 1398 novaculam,
1596 1330 1661 1386 et
1708 1319 2051 1388 dexteram
2130 1317 2399 1408 puellae
2452 1339 2826 1387 mammam
2879 1338 3114 1385 secare

570 1425 812 1501 coepit.
850 1415 923 1478 At
954 1408 1072 1476 illa
1104 1407 1343 1476 erectis
1376 1408 1444 1474 in
1480 1405 1750 1476 coelum
1786 1408 2028 1487 oculis,
2068 1428 2227 1475 voce
2269 1428 2520 1496 magna
2550 1406 2742 1475 dixit:
2790 1404 3114 1473 «Domine

571 1505 747 1568 Deus
800 1520 1017 1576 meu5‚
1055 1498 1285 1587 aspice
1334 1495 1752 1574 violentiam,
1809 1518 1985 1583 quae
2035 1496 2207 1565 mihi
2248 1496 2550 1565 affertur.
2592 1495 2830 1562 Veniat
2876 1493 3114 1562 anima

577 1612 721 1657 mea
773 1589 841 1654 in
879 1608 1130 1654 manus
1163 1598 1386 1655 tuas.»
1438 1590 1664 1671 Neque
1717 1607 1825 1653 am
1887 1585 2020 1654 lius
2055 1585 2281 1654 locuta
2326 1597 2448 1654 est.
2514 1583 2847 1654 Abscissis
2899 1582 2919 1649 i
2973 1582 3116 1651 itur

577 1676 852 1745 duabus
902 1674 1247 1754 inammiS‚
1301 1687 1365 1742 et
1424 1675 1494 1740 in
1545 1674 1766 1742 solum
1867 1674 2121 1763 ejectis,
2174 1672 2393 1742 Judex
2442 1673 2536 1742 im
2594 1673 2700 1741 ius
2759 1692 2918 1740 man
2974 1671 3116 1739 avit

576 1766 806 1854 ignem
840 1764 1101 1842 afferri,
1155 1777 1218 1831 et
1266 1763 1332 1829 in
1386 1783 1873 1842 mammarum,
1926 1784 2100 1850 quae
2150 1762 2493 1831 abscissae
2567 1773 2833 1840 nerant,
2880 1759 3113 1827 locum

575 1853 947 1921 admoveri.
988 1857 1153 1920 Cum
1197 1873 1350 1920 vero
1383 1849 1646 1919 diutius
1677 1853 2216 1928 combureretur,
2247 1864 2311 1919 et
2346 1852 2362 1918 i
2421 1851 2526 1918 nis
2574 1871 2794 1936 usque
2844 1848 2929 1917 ad
2959 1849 3114 1937 ejus

574 1945 832 2011 viscera
888 1952 1290 2030 penetraret,
1339 1939 1575 2008 turbae
1625 1939 1814 2030 ipsae
1861 1952 1996 2009 tam
2049 1939 2326 2009 crudele
2398 1939 2641 2008 acinus
2698 1949 3109 2027 spectantes,

575 2030 873 2099 maxima
905 2052 985 2098 ex
1036 2043 1224 2118 parte
1274 2050 1311 2096 a
1360 2029 1749 2116 spectaculo
1796 2029 1916 2097 illo
1957 2029 2443 2107 discesserunt,
2496 2028 2682 2096 clara
2737 2048 2896 2095 voce
2953 2025 3113 2093 Dio-

572 2119 941 2188 cletianum
993 2131 1057 2186 et
1089 2119 1236 2207 ejus
1285 2118 1446 2185 deos
1492 2117 1905 2187 execrabiles
1952 2139 2100 2188 esse
2143 2130 2482 2188 testantes.

659 2214 693 2294 ς’
746 2213 907 2277 26.
963 2207 1282 2275 Thomais
1331 2227 1485 2273 vero
1532 2219 1598 2274 et
1632 2207 1860 2274 Hieria
1911 2207 2245 2275 miserunt
2268 2205 2591 2274 ancillam
2631 2202 3008 2291 quamdam
3039 2201 3107 2268 in

572 2295 1065 2365 monasterium
1100 2350 1115 2375 ,
1185 2307 1261 2363 ut
1309 2295 1681 2375 Briennae‚
1735 2318 1908 2382 quae
1958 2294 2132 2364 facta
2180 2295 2448 2364 fuerant
2501 2294 2888 2362 nunciaret.
2940 2295 3112 2359 Cum

573 2386 869 2454 venisset
897 2384 1109 2473 igitur
1126 2383 1375 2453 ancilla
1408 2382 1490 2451 ad
1515 2385 1907 2464 Briennam,
1941 2405 2191 2474 magna
2227 2406 2406 2452 voce:
2445 2383 2831 2460 «TliomaiS,
2855 2379 3105 2467 inquit,

576 2488 638 2544 et
688 2474 914 2543 Hieria
966 2473 1091 2542 tibi
1140 2473 1554 2563 significant,
1596 2495 1676 2542 ne
1727 2472 2028 2562 amplius
2077 2471 2534 2563 defatigentur
2568 2492 2819 2542 manus
2851 2484 3009 2539 tuae
3041 2468 3104 2535 in

577 2564 843 2633 coelum
896 2561 981 2630 ad
1016 2568 1227 2633 Deum
1278 2574 1614 2643 extensae,
1655 2584 1876 2648 neque
1924 2584 2042 2631 cor
2079 2576 2276 2632 tuum
2318 2561 2665 2631 solicitum
2702 2560 2789 2629 sit
2834 2557 3113 2627 assidue

576 2651 945 2809 precando:
986 2672 1235 2741 magna
1282 2652 1464 2719 euim
1504 2652 1810 2740 praemia
1854 2651 2175 2719 Febronia
2203 2653 2349 2740 jam
2385 2663 2697 2720 assecuta
2742 2660 2915 2717 est.»
2943 2652 3110 2715 Cum

629 2764 708 2810 oc
766 2739 1104 2809 nuncium
1156 2740 1447 2808 Brienna
1504 2740 1845 2818 audisset,
1902 2740 1985 2807 ad
2040 2744 2250 2808 Deum
2302 2761 2532 2808 vocem
2582 2738 2854 2827 erigens
2891 2734 3108 2803 dixit:

580 2830 909 2899 «Domine
945 2829 1119 2897 Jesu
1157 2827 1437 2908 Christe,
1476 2829 1628 2897 veni
1660 2841 1724 2896 et
1750 2828 2080 2896 auxiliare
2118 2849 2352 2897 servae
2391 2840 2546 2898 tuae
2573 2825 3013 2897 Febroniae.»
3043 2827 3119 2890 Et

579 2920 652 2986 in
705 2918 930 2988 solum
970 2930 1329 3007 prostrata,
1383 2917 1766 2986 clamabat:
1825 2917 2112 2986 Ubinam
2147 2938 2220 2985 es
2270 2916 2644 2986 Febronia?
2690 2921 2926 2984 Postea
2959 2933 3119 2980 vero

579 3007 829 3076 iterum
872 3027 1123 3074 manus
1150 3005 1220 3072 in
1269 3005 1533 3075 coelum
1576 3005 1870 3095 erigens,
1906 3006 2254 3085 «Domine,
2289 3006 2532 3092 inquit,
2587 3003 2849 3093 respice
2879 3000 3118 3070 humi-

574 3095 834 3164 litatem
883 3093 1175 3163 ancillae
1235 3106 1389 3164 tuae
1438 3094 1829 3163 Febroniae.
1883 3095 2070 3174 Veni,
2132 3106 2196 3162 et
2258 3094 2358 3163 illi
2421 3093 2775 3164 auxiliare.
2833 3095 2986 3171 Fac,
3043 3097 3118 3157 ut

573 3183 847 3253 videant
879 3182 1060 3251 oculi
1120 3183 1250 3251 mei
1293 3183 1694 3253 Febroniam
1747 3184 2074 3271 martyrio
2101 3181 2434 3263 functam,
2487 3195 2554 3252 et
2613 3183 2686 3250 in
2736 3186 3116 3268 Martyrum

573 3293 863 3342 numero
894 3270 1363 3340 collocatam.»

664 3363 701 3447 ξ
751 3364 894 3430 22.
950 3365 1216 3429 Rursus
1254 3360 1540 3429 Selenus
1582 3361 1786 3449 jussit
1846 3360 2243 3429 Febroniam
2279 3383 2318 3428 e
2368 3360 2522 3451 palo
2569 3358 2874 3429 dissolvi.
2932 3362 3120 3440 Quae

578 3470 740 3517 cum
792 3447 1127 3517 dissoluta
1175 3462 1373 3528 esset,
1420 3449 1489 3516 in
1540 3449 1769 3519 solum
1818 3449 2101 3518 cecidit:
2158 3469 2294 3517 non
2343 3450 2528 3519 enim
2581 3459 2842 3538 poterat
2886 3447 3120 3518 consi—

580 3550 778 3606 stere.
834 3542 1022 3606 Tunc
1054 3541 1290 3606 Comes
1332 3536 1467 3615 ille,
1524 3538 1642 3624 qui
1680 3539 1951 3608 Primus
2000 3539 2393 3614 vocabatur.
2447 3536 2619 3607 dixit
2664 3536 3112 3628 Lysimacho:

575 3632 975 3707 «Quorsum
1025 3624 1478 3695 adolescentis
1523 3626 1741 3711 hujus
1783 3627 2070 3717 virginis
2129 3640 2265 3697 tam
2323 3628 2394 3695 in
2449 3639 2638 3696 entes
2683 3638 2749 3696 et
2796 3623 3116 3696 crudeles

572 3713 965 3783 cruciatus?
1010 3714 1294 3796 —Sine‚
1341 3714 1568 3801 inquit
1606 3715 2097 3805 Lysimachus:
2143 3716 2229 3784 ad
2280 3729 2654 3786 mutorum
2693 3715 2883 3785 enim
2932 3713 3120 3784 salu-

581 3815 713 3872 tem
766 3802 978 3891 hujus
1014 3804 1303 3895 virginis
1344 3817 1682 3874 tormenta
1712 3817 2059 3894 spectant:
2098 3804 2384 3875 fortasse
2412 3815 2641 3875 autem
2676 3817 2743 3875 et
2770 3803 2857 3874 ad
2894 3824 3121 3873 meam

579 3913 878 3978 quoque.
934 3897 1241 3979 Namque
1290 3891 1453 3962 talia
1500 3892 1720 3963 multa
1752 3892 1918 3962 olim
1950 3917 1992 3962 a
2025 3906 2242 3963 matre
2290 3916 2443 3963 mea
2480 3891 2737 3962 audivi.
2782 3898 3020 3964 Nonne
3048 3893 3125 3961 in

580 4002 733 4049 mea
775 3994 1102 4071 potestate
1149 3993 1316 4062 erat,
1364 3981 1553 4051 illam
1590 3981 1875 4051 dissolvi
1906 3996 1971 4052 et
2001 3982 2254 4052 servari
2295 3981 2561 4053 facere?
2593 3981 2722 4051 Sed
2750 3983 2902 4054 sine
2926 3980 3122 4052 illam

573 4082 918 4169 certamen
970 4069 1367 4169 perficere.»
1402 4075 1589 4140 Tunc
1615 4071 1846 4140 Hieria
1876 4084 2121 4153 erecta,
2153 4071 2485 4142 adversus
2509 4071 2558 4140 J
2563 4070 2835 4142 udicem
2857 4069 3119 4140 clama-

572 4172 708 4228 vit:
765 4163 876 4229 «O
926 4160 1276 4239 immamS‚
1320 4171 1385 4227 et
1434 4158 1781 4229 humanae
1843 4174 2130 4231 naturae
2179 4182 2445 4251 expers,
2499 4159 2811 4230 nondum
2841 4171 3122 4230 conten-

578 4260 690 4318 tus
738 4269 811 4316 es
861 4245 1064 4347 malis
1114 4247 1498 4336 praeteritis
1543 4270 1722 4336 quae
1761 4248 1926 4318 huic
1977 4249 2227 4339 virgini
2289 4247 2620 4319 attulisti?
2656 4253 3122 4320 Immemorne

575 4357 650 4405 es
722 4346 962 4406 matris
1028 4336 1231 4405 tuae?
1278 4341 1512 4407 Nonne
1570 4350 1635 4407 et
1684 4339 1836 4428 ipsa
1905 4336 2228 4408 muliebri
2296 4359 2581 4428 corpore
2627 4337 2873 4408 induta
2935 4336 3123 4408 erat?

571 4428 808 4494 Nonne
835 4434 902 4494 et
942 4437 1016 4495 tu
1042 4446 1383 4496 mammas
1422 4426 1690 4508 suxisti,
1732 4448 1907 4513 quas
1934 4448 2121 4498 nunc
2142 4429 2230 4498 ab
2256 4427 2389 4499 ista
2416 4427 2681 4518 virgine
2705 4425 3116 4500 abscidisti?
