3357 4995
213 309 436 421 imm
487 355 569 418 ⁴6
950 371 1028 418 nn
1075 372 1132 417 s.
1187 370 1474 418 nannoni:
1521 317 1816 420 misnensi
1864 372 2060 421 Emsc.
2549 358 2677 423 373

301 455 339 539 ξ
387 458 481 524 Β.
536 450 645 521 Illi
691 472 853 541 ergo
902 451 1123 542 magis
1151 452 1586 545 accipiebant
1632 475 1970 543 organum
2025 453 2335 542 spiritale
2368 453 2453 522 ad
2488 457 2764 526 confor—

214 540 460 610 tandos
507 541 772 620 fratreS,
815 552 880 609 et
909 539 995 608 ad
1031 539 1574 630 praedicandum
1624 543 1912 612 verbum
1966 542 2263 611 veritatis
2298 556 2363 612 et
2410 543 2610 613 vitae.
2656 547 2763 613 Di—

211 630 462 699 cebant
498 630 716 699 enim:
769 630 967 697 Beati
988 632 1278 719 pacifici,
1340 633 1662 720 quonia-m
1771 633 1854 701 lii
1902 633 2026 698 Dei
2075 633 2512 700 vocabuntur.
2572 638 2767 703 Beati

210 720 460 788 mundo
500 719 713 798 corde,
749 719 1067 800 quoniam
1126 720 1259 807 ipsi
1294 723 1500 789 Deum
1553 722 1702 788 vide
1743 731 1888 788 unc.
1950 721 2146 788 Beati
2192 723 2314 810 qui
2352 726 2760 810 persecutio-

212 831 369 877 nem
398 810 759 898 patiuntur
801 817 1073 897 propter
1088 809 1458 896 justitiam,
1491 811 1803 899 quoniam
1848 810 2143 897 ipsorum
2183 820 2277 877 est
2305 834 2590 900 reqnum
2622 836 2761 880 coe-

216 900 460 966 lorum.
517 901 594 965 Et
631 895 718 964 ad
768 894 1132 965 Claudium
1180 898 1493 966 conversi
1552 897 1906 966 dicebant:
1943 919 1979 962 (ι
2018 898 2126 966 Sic
2173 897 2271 965 dii
2323 899 2422 968 tui
2472 915 2763 988 possunt

210 984 433 1054 facere
482 986 631 1054 sine
665 984 923 1074 linguis
957 983 1272 1054 homines
1305 984 1515 1073 loqui,
1547 1009 1709 1055 cum
1761 986 1892 1076 ipsi
1945 1006 2069 1053 nec
2106 985 2293 1072 loqui
2347 988 2760 1072 possintnec

212 1074 495 1143 audire?
544 1073 670 1143 Sed
724 1074 986 1162 respice
1037 1073 1105 1141 in
1171 1094 1296 1141 nos
1341 1086 1406 1144 et
1452 1087 1866 1154 convertere,
1920 1087 1983 1142 et
2034 1074 2360 1176 baptismi
2408 1076 2762 1146 ablutione

211 1162 651 1252 perfundere,
714 1173 779 1232 et
829 1184 910 1231 ex
973 1175 1109 1232 toto
1167 1163 1373 1231 corde
1432 1163 1634 1232 crede
1684 1163 1970 1244 Christo,
2023 1181 2188 1249 qula
2252 1163 2758 1254 indulgentiam

217 1265 652 1340 peccatorum
718 1263 990 1320 tuorum
1062 1251 1452 1321 mereberis,
1497 1275 1532 1316 »
1575 1258 1763 1321 Tunc
1815 1251 2141 1320 Claudius
2212 1253 2315 1321 ira
2375 1266 2439 1321 et
2509 1277 2758 1345 magno

212 1340 445 1410 furore
493 1340 817 1429 repletus,
856 1338 1295 1408 acutissimas
1343 1341 1656 1416 subulas,
1707 1342 1985 1430 triginta
2036 1342 2161 1410 uni
2208 1354 2272 1410 et
2326 1342 2609 1430 triginta
2658 1343 2759 1412 al—

216 1430 370 1509 teri,
421 1442 561 1497 tam
612 1429 681 1497 in
734 1428 1058 1498 manibus
1104 1449 1312 1516 quam
1365 1430 1434 1498 in
1486 1429 1803 1519 pedibus,
1847 1429 1986 1497 sive
2038 1431 2106 1498 in
2158 1443 2452 1516 pectore,
2508 1431 2607 1499 vel
2653 1433 2759 1500 in-

214 1529 315 1588 ter
361 1518 597 1586 omnia
648 1517 1031 1587 internodia
1081 1516 1348 1586 malleis
1394 1518 1634 1588 ferreis
1672 1519 1737 1586 in
1780 1540 1895 1587 eos
1945 1519 2259 1619 transfigi
2285 1519 2517 1604 jussit,
2575 1533 2640 1589 et
2687 1523 2759 1589 in

215 1606 545 1676 omnibus
592 1607 771 1676 sicut
830 1627 943 1675 ros
988 1606 1074 1675 de
1120 1605 1307 1676 coelo
1362 1606 1824 1686 descendam,
1882 1607 2102 1696 magis
2150 1631 2249 1676 eis
2283 1607 2749 1698 refrigerium,

211 1717 421 1782 quam
460 1693 763 1764 dolorem
818 1695 1228 1784 praestabat,
1264 1695 1381 1764 sed
1425 1719 1584 1765 cum
1629 1695 1713 1765 de
1738 1695 1969 1764 dolore
1998 1697 2167 1764 nihil
2205 1697 2557 1777 sentirent,
2596 1711 2761 1767 tunc

213 1783 544 1853 Claudius
590 1805 708 1854 eos
754 1783 984 1874 gladio
1017 1784 1284 1875 percuti
1314 1785 1549 1874 Jussit.
1587 1784 1853 1866 Quibus
1904 1787 2274 1874 percussis,
2331 1798 2560 1856 tantus
2590 1787 2763 1855 odor

215 1871 574 1944 suavitatis
621 1885 687 1941 et
734 1872 893 1941 miri
942 1873 1208 1942 timoris
1257 1871 1486 1943 locum
1536 1873 1737 1942 illum
1802 1875 2150 1953 exterruit,
2206 1888 2280 1943 ut
2337 1876 2763 1944 existimaret

262 1962 519 2050 opulus
568 1982 638 2029 se
687 1959 1066 2032 divinitatis
1111 1963 1214 2030 ira
1260 1961 1686 2036 obumbrari.
1715 1968 1903 2032 Tunc
1939 1963 2305 2032 Christiani
2348 1977 2544 2032 nocte
2593 1965 2763 2033 sub-

240 2060 350 2119 ata
420 2071 708 2139 corpora
772 2071 1007 2120 eorum
1061 2050 1129 2119 in
1188 2050 1426 2120 eadem
1487 2062 1730 2152 crypta
1780 2051 2234 2140 sepelierunt,
2292 2053 2414 2121 ubi
2488 2075 2765 2143 semper

212 2138 667 2220 orationibuS,
722 2138 1010 2228 psalmis
1039 2153 1104 2209 et
1148 2139 1429 2229 hymnis
1452 2139 1760 2227 quotidie
1803 2140 2088 2210 Domino
2136 2141 2393 2230 gratias
2434 2142 2757 2231 agebant.

1007 2400 1238 2502 vtTA
1306 2402 1386 2504 S.
1457 2401 1980 2503 BENNONIS

635 2600 1068 2666 MISNENSIS
1117 2602 1200 2667 IN
1244 2602 1586 2668 SAXONIA
1639 2602 1919 2667 DECIMI
1969 2602 2337 2667 EPISCOPI

207 2739 640 2805 SLAVORUM
701 2738 1091 2806 APOSTOLI
1142 2741 1242 2804 ET
1290 2740 1891 2806 MIRACULORUM
1953 2740 2254 2806 GLORIA
2305 2739 2763 2806 PRAECLARI

214 2954 331 3000 PER
381 2952 640 3001 HIERON.
693 2954 895 3001 Busan
944 2954 1275 3002 SACRORUM
1314 2954 1612 3005 CANONUM
1661 2954 1987 3003 DOCTOREM
2034 2953 2436 3002 coNscmPTA.
2475 2955 2757 3001 PRAETER

302 3062 383 3108 EA
431 3058 602 3117 QUAE
634 3060 847 3109 omsu·
894 3061 1145 3121 sumus,
1197 3062 1533 3109 NONNULLA
1580 3064 1662 3108 An
1696 3063 2031 3110 HISTORIAE
2062 3059 2517 3110 INTEGRITATEM
2560 3061 2757 3109 MINUS

195 3230 211 3248 ι
298 3163 733 3223 PERTINENTIA,
788 3163 1100 3210 vtrANnAE
1151 3161 1582 3215 PROLIXITATIS
1629 3166 1815 3223 ERGO,
1870 3165 2245 3213 DELEvanS.

863 3360 1140 3417 Floruit
1180 3363 1457 3418 saeculo
1500 3363 1600 3418 XI
1640 3336 1711 3418 et
1751 3361 1950 3417 initio
1989 3376 2129 3429 seq.

622 3473 809 3531 Obiit
851 3489 1066 3532 annos
1108 3479 1313 3532 natus
1358 3479 1442 3532 96
1486 3506 1561 3515 -
1604 3477 1899 3533 Ratione
1941 3478 2339 3533 Germanus,

299 3642 682 3707 PRAEFA'no.
739 3639 1118 3708 Beatissimi
1173 3640 1385 3728 patris
1426 3640 1769 3708 Bennonis
1836 3638 2398 3728 Bennopolitani,
2468 3639 2764 3729 insignis

205 3725 547 3796 Ecclesiae
588 3727 985 3798 Missnensis
1026 3726 1277 3796 decimi
1326 3729 1674 3814 quondam
1742 3727 2058 3816 Episcopi
2097 3729 2300 3795 vitam
2374 3726 2762 3816 descriptu-

203 3835 348 3892 rus,
388 3836 634 3915 operae
682 3816 976 3905 pretium
1014 3815 1180 3885 duxi
1211 3829 1368 3885 ante
1396 3817 1627 3886 omnia
1677 3816 1872 3885 urbis
1932 3816 2151 3906 ipsius
2196 3816 2490 3885 Missnae
2536 3817 2764 3904 (Meis-

199 3903 350 3991 sen)
398 3915 630 3982 situm,
675 3904 1010 3995 originem
1064 3926 1142 3973 ac
1181 3905 1436 3999 vetetis
1457 3904 1958 3974 ecclesiasticae
2006 3904 2439 3993 disciplinae,
2483 3904 2551 3972 in
2599 3906 2762 3973 haec

202 4013 427 4079 usque
477 4004 784 4083 tempora
814 4005 1080 4062 servata
1128 3995 1436 4085 vestigia,
1493 3993 1708 4064 literis
1746 3992 2199 4062 demandare:
2270 4006 2417 4062 turn
2458 3993 2641 4079 quod
2696 3994 2760 4061 id

204 4102 244 4147 a
296 4080 570 4150 nemine
619 4081 816 4172 prius
863 4095 1308 4153 attentatum:
1348 4098 1491 4153 tum
1532 4082 1717 4169 quod
1759 4082 2123 4172 indignum
2170 4083 2283 4162 sit,
2319 4103 2469 4151 eam
2514 4081 2760 4151 urbem

201 4167 386 4258 apud
439 4181 702 4239 exteros
748 4192 895 4243 esse
948 4171 1370 4263 incognitam
1401 4226 1420 4250 ,
1478 4192 1655 4258 quae
1722 4185 1932 4260 caput
1979 4184 2043 4240 et
2105 4185 2323 4261 mater
2369 4184 2470 4240 est
2520 4169 2761 4260 populi

203 4258 607 4329 Missnensis
687 4258 752 4340 ⁸,
834 4264 1331 4331 Germanorum
1398 4262 1713 4330 omnium
1780 4260 1994 4349 (quod
2066 4282 2224 4328 cum
2311 4281 2475 4349 pace
2532 4273 2756 4327 tamen

203 4418 522 4522 (ὦῐῖρἳίυο
551 4417 724 4461 decidit
755 4421 1027 4471 aptandam
1058 4421 1323 4462 clarissima
1351 4432 1477 4462 nunc
1507 4418 1687 4470 antiqui
1716 4418 2013 4462 miseniensis
2056 4422 2410 4461 marchionatus
2453 4421 2566 4460 urbs
2606 4419 2767 4466 Lipsius

296 4484 332 4521 Ρ
372 4484 402 4521 9
422 4501 432 4511 -
