3357 4995
646 295 776 360 456
1306 312 1383 358 nr.
1432 310 1488 357 s·
1542 309 1808 358 monuo
1856 310 1931 356 m·
1979 308 2115 356 soc.
2169 310 2359 355 mar.
2755 291 2972 357 JUNII
3025 293 3110 357 -18

559 392 904 483 suggessit
935 392 1295 481 improbus
1322 391 1667 462 Leontius.
1710 390 1932 459 Facite
1970 390 2206 480 igitur,
2259 411 2436 476 quae
2462 391 2869 479 Imperatori
2916 405 3112 480 grata

560 494 747 551 sunt.
780 487 876 550 An
926 481 1281 570 ignoratiS,
1338 480 1431 548 ita
1482 484 1973 568 Imperatorem
2020 479 2350 568 jussisse,
2411 492 2489 548 ut
2533 479 2654 565 qui
2712 479 2848 549 diis
2915 502 3114 550 sacra

555 569 861 650 fecerint,
918 569 1240 639 maximis
1292 568 1675 639 honoribus
1742 582 1808 638 et
1857 567 2142 637 militiae
2216 566 2550 657 gradibus
2615 568 3104 639 honestentur:

554 659 675 746 qui
724 680 880 728 vero
910 659 1130 746 jussis
1181 660 1420 746 parere
1462 657 1835 736 noluerint,
1891 656 1994 726 illi
2043 657 2364 747 pessimis
2396 656 2622 727 modis
2654 658 2791 725 vita
2826 659 3107 747 priven-

557 751 726 817 tur?
772 749 865 817 Ad
916 748 1083 817 haec
1114 747 1460 816 Tribunus
1497 758 1561 816 et
1608 745 2004 815 Theodulus
2056 745 2579 836 responderunt:
2628 769 2663 812 «
2698 752 2935 817 Nostra
2984 749 3114 816 mi-

557 835 706 906 litia
754 837 823 905 in
873 836 1082 906 coelis
1128 850 1278 905 est:
1349 834 1454 905 sac
1510 835 1843 922 quicquid
1895 835 2019 906 vis.
2074 840 2172 903 Tu
2210 834 2531 920 quidem,
2585 858 2746 905 cum
2788 838 3114 925 turpissi-

561 947 832 995 morum
882 925 1226 994 idolorum
1283 924 1467 993 ultor
1506 925 1642 1003 sis,
1710 936 1947 993 contra
1995 925 2312 1012 nosipsos
2376 936 2435 992 te
2482 947 2736 993 armas:
2790 927 2908 994 sed
2963 940 3100 996 tota

561 1014 701 1085 vita
756 1028 872 1084 tua
920 1013 1183 1083 deserta
1233 1014 1384 1092 erit,
1419 1026 1484 1082 et
1522 1027 1796 1103 tempus
1821 1013 2090 1082 dierum
2129 1026 2405 1082 tuorum
2445 1013 2869 1083 minuetur.»
2921 1021 3108 1084 Haec

561 1125 718 1173 cum
771 1103 1109 1172 Adrianus
1166 1102 1585 1181 audivisset,
1631 1103 1843 1191 ¹jussit
1903 1103 2285 1170 Tribunum
2335 1101 2404 1169 in
2470 1102 2660 1190 ligno
2718 1105 3106 1193 suspendi,

562 1206 766 1279 atque
812 1203 1205 1262 constanter
1233 1212 1413 1260 unco
1463 1191 1803 1260 lacerari:
1859 1191 2287 1260 Theodulum
2325 1213 2479 1259 vero
2532 1191 2598 1260 in
2655 1206 2902 1260 terram
2960 1215 3114 1280 pro-

562 1294 850 1350 stratum
903 1279 1297 1349 verberibus
1329 1279 1544 1348 caedi.
1600 1280 1732 1362 Qui
1778 1302 1937 1349 cum
1986 1281 2228 1349 acerbe
2273 1281 2773 1360 cruciarentur,
2843 1281 3111 1350 nullam

566 1369 772 1438 aliam
810 1391 1040 1438 vocem
1089 1369 1511 1448 emittebant,
1569 1369 1704 1438 nisi
1740 1368 1949 1437 hanc:
2007 1369 2201 1438 Salva
2240 1390 2385 1447 nos,
2427 1370 2731 1446 Domine,
2773 1372 3108 1456 quoniam

564 1458 807 1527 defecit
857 1471 1160 1527 sanctus.
1202 1457 1541 1527 Adrianus
1575 1480 1732 1526 vero
1781 1479 1937 1527 cum
1993 1457 2267 1526 illorum
2323 1459 2729 1526 sententiam
2790 1460 3105 1527 stabilem

564 1558 767 1632 atque
798 1546 1220 1615 immobilem
1253 1546 1553 1625 vidisset,
1599 1546 1813 1636 jussit
1860 1568 1976 1614 eos
2024 1548 2247 1615 securi
2346 1548 2589 1616 ercuti.
2638 1548 2767 1629 Qui
2816 1547 2982 1616 dum
3019 1548 3108 1616 ad

565 1635 988 1725 supplicium
1062 1635 1501 1715 ducerentur,
1557 1635 1897 1704 canebant
1946 1657 2182 1705 versus
2250 1635 2456 1704 ilos:
2496 1642 2591 1703 Tu
2648 1659 2723 1704 es
2776 1651 3113 1725 protector
3177 1675 3181 1679 -

565 1738 816 1804 noster,
868 1725 1196 1792 Domine:
1235 1725 1303 1791 in
1345 1746 1594 1794 manus
1645 1737 1795 1792 tuas
1843 1724 2416 1794 commendamus
2473 1725 2761 1826 spiritus
2811 1739 3102 1795 nostros,

567 1818 732 1882 Cum
784 1813 1155 1881 orationem
1197 1812 1747 1902 complevissent,
1785 1813 2173 1882 acarnifice
2226 1835 2532 1902 percuss1
2591 1826 2776 1893 sunt,
2845 1826 2910 1882 et
2957 1815 3110 1883 ani·

566 1917 716 1970 mas
762 1923 925 1970 suas
960 1902 1027 1968 in
1060 1901 1486 1971 confessione
1535 1901 1649 1970 illa
1695 1914 1930 1971 sancta
1982 1907 2110 1970 Deo
2146 1902 2598 1971 tradiderunt.

657 1993 693 2076 §
741 1995 899 2063 11).
955 1991 1279 2060 Postliaec
1318 1991 1532 2080 jussit
1578 1990 1919 2059 Adrianus
1967 1990 2130 2059 duci
2180 2005 2493 2061 sanctum
2551 1991 2928 2065 Leontium.
2984 1990 3111 2072 Qui

568 2102 727 2149 cum
782 2091 1051 2169 praesto
1080 2092 1286 2148 esset:
1333 2087 1489 2169 Age,
1533 2080 1782 2166 inquit,
1821 2081 2077 2159 Leonti,
2125 2081 2443 2150 misereat
2487 2094 2547 2149 te
2580 2080 2896 2149 fortunae
2928 2092 3104 2160 tuae,

572 2190 660 2236 ne
707 2190 950 2258 graves
996 2168 1346 2237 cruciatus
1393 2168 1743 2257 experiare
1774 2223 1788 2249 ,
1841 2169 2081 2255 quales
2140 2169 2396 2257 experti
2446 2182 2610 2238 sunt
2656 2170 3005 2238 Tribunus
3051 2182 3115 2238 et

571 2256 980 2337 Theodolus,
1036 2257 1353 2325 homines
1399 2280 1437 2325 a
1488 2270 1549 2326 te
1597 2259 2086 2327 circumventi:
2132 2258 2419 2347 jamque
2468 2257 2630 2326 audi
2684 2280 2816 2337 me,
2870 2270 2935 2326 et
2981 2257 3115 2327 diis

570 2346 907 2426 sacrifica,
964 2344 1063 2416 sic
1110 2347 1293 2414 enim
1345 2345 1641 2415 honores
1691 2347 2026 2416 maximos
2074 2369 2112 2414 a
2162 2367 2270 2414 me
2332 2360 2397 2414 et
2445 2351 2887 2434 Imperatore,
2941 2358 3112 2414 toto-

571 2456 707 2522 que
756 2441 1007 2506 Senatu
1066 2436 1548 2522 consequeris:
1603 2458 1763 2505 nam
1831 2440 2208 2525 Imperator
2279 2435 2471 2506 valde
2518 2436 2711 2526 cupit
2759 2446 3110 2526 aspectum

571 2537 767 2594 tuum
819 2525 1086 2593 videre:
1133 2548 1169 2591 «
1199 2531 1462 2593 Avertat
1496 2526 1962 2611 Deus,-inquit
2003 2525 2345 2605 Leontius,
2392 2537 2467 2594 ut
2505 2547 2631 2615 ego
2673 2522 3113 2614 Imperatoris

570 2625 923 2703 aspectum
976 2613 1282 2692 videam,
1338 2615 1459 2700 qui
1506 2615 1911 2683 execrabilis
1962 2614 2175 2684 bostis
2227 2615 2335 2684 Dei
2386 2628 2522 2683 est:
2589 2614 2703 2684 sed
2758 2615 2818 2683 si
2867 2613 3109 2704 placet,

572 2712 671 2783 tu,
723 2701 1036 2781 Adriane,
1076 2702 1320 2772 Christi
1361 2704 1630 2772 amicus
1664 2703 1797 2774 sis:
1838 2703 1903 2772 id
1945 2704 2126 2771 enim
2165 2705 2224 2773 si
2264 2703 2528 2781 seceris,
2570 2702 2921 2773 ostendam
2961 2701 3107 2779 tibi,

570 2803 898 2878 quantam
950 2790 1268 2871 salutem,
1320 2806 1647 2877 quantam
1700 2814 1922 2881 opem,
1977 2807 2043 2862 et
2087 2815 2297 2878 quam
2352 2813 2685 2881 perennes
2717 2791 2986 2859 divitias
3016 2789 3104 2857 ab

453 2879 467 2896 '
571 2880 725 2980 ipso
776 2879 1130 2968 percipies
1174 2902 1209 2945 »
1260 2885 1428 2949 Tum
1481 2881 1825 2982 Adrianus
1855 2903 2016 2970 prae
2047 2882 2169 2951 bili
2219 2882 2624 2953 subridens:
2667 2886 2970 2957 Tantam,
3007 2878 3114 2946 in-

571 2982 743 3055 quit,
789 2979 853 3036 et
903 2989 1010 3035 me
1050 2967 1337 3037 salutem
1388 2971 1720 3056 consequi
1768 2993 1890 3051 vis,
1927 2984 2257 3057 quantam
2299 2971 2646 3040 Tribunus
2688 2980 2750 3037 et
2798 2965 3115 3036 Theodu-

572 3056 683 3126 lus
732 3056 1078 3125 consecuti
1130 3061 1338 3125 sunt?
1384 3063 1476 3128 An
1525 3058 1770 3139 nesciS,
1825 3059 2386 3129 scelestissimum
2431 3072 2661 3159 caput,
2706 3056 2895 3145 quali
2946 3078 3116 3145 sup-

573 3145 781 3235 plicio
812 3144 914 3213 illi
947 3147 1340 3235 consumpti
1376 3151 1587 3215 sunt?
1611 3148 1705 3215 Ad
1738 3148 1903 3217 baec
1937 3149 2294 3218 Leontius:
2327 3149 2660 3217 «Minime
2686 3145 3112 3236 supplicium

572 3233 900 3334 appelleS,
954 3234 1133 3320 quod
1189 3235 1359 3324 ipsis
1409 3236 1750 3305 intulisti:
1805 3237 1921 3306 sed
1974 3238 2181 3306 vitam
2236 3237 2486 3327 potiuS,
2545 3258 2780 3327 pacem
2828 3248 2893 3303 et
2941 3256 3114 3323 gau-

568 3322 799 3391 dium:
833 3344 1017 3392 nunc
1040 3324 1223 3392 enim
1253 3324 1558 3413 gaudent
1593 3337 1658 3393 et
1686 3324 2012 3405 exultant,
2044 3340 2109 3395 et
2133 3348 2273 3396 una
2313 3348 2471 3393 cum
2504 3324 2915 3414 Angelorum
2952 3323 3117 3391 cbo-

570 3411 667 3483 ris
717 3422 1094 3481 versantur.
1134 3436 1170 3478 »
1220 3417 1391 3482 Tum
1442 3413 1816 3485 Adrianus:
1871 3415 2153 3495 Adhibe,
2201 3414 2447 3501 inquit,
2504 3414 2761 3493 Leonti,
2819 3425 3112 3482 mentem

566 3500 654 3569 iis
682 3521 860 3586 quae
885 3524 924 3569 a
956 3523 1064 3570 me
1092 3502 1433 3571 dicentur.
1476 3503 1808 3584 Quisnam
1841 3504 2091 3574 mentis
2121 3525 2427 3591 compOS,
2464 3503 2643 3572 hanc
2680 3501 2856 3572 Solis
2890 3502 3115 3570 lucem

567 3602 634 3658 et
666 3589 1005 3659 maximos
1051 3590 1207 3660 illos
1255 3591 1441 3671 de05,
1493 3598 1754 3673 Jovem,
1782 3592 2189 3681 Apollinem,
2226 3598 2643 3681 Neptunum,
2677 3597 3027 3668 Venerem,
3052 3601 3116 3657 et

567 3677 871 3763 reliquos
910 3701 1220 3766 unquam
1260 3679 1646 3767 relinquere
1699 3680 1934 3761 voluit,
1989 3694 2065 3752 ut
2114 3693 2328 3750 morte
2378 3680 2678 3770 pessima
2711 3681 2917 3748 vitam
2954 3677 3109 3746 fini-

567 3770 716 3835 ret?
763 3772 970 3837 Nemo
1019 3782 1221 3848 certe,
1279 3768 1414 3837 nisi
1459 3769 1579 3855 qui
1629 3792 1669 3837 a
1719 3780 1781 3838 te
1826 3770 2275 3840 circumventi
2316 3782 2499 3839 sunt.
2552 3768 2645 3838 Ad
2691 3769 2858 3838 haec
2909 3773 3115 3836 Leon-

568 3856 739 3925 tius:
774 3879 809 3921 «
841 3857 1118 3926 Minime
1167 3870 1242 3926 tu
1290 3858 1571 3938 audisti,
1628 3858 1812 3944 quod
1865 3860 2200 3950 scriptum
2249 3870 2384 3928 est:
2451 3860 2566 3926 Dii
2605 3861 2910 3948 qentium
2960 3857 3118 3924 dae-

566 3947 833 4015 monia:
876 3958 973 4014 et:
1016 3948 1286 4015 Similes
1315 3948 1460 4015 illis
1486 3950 1656 4036 fiant
1689 3950 1811 4038 qui
1835 3951 2099 4035 faciunt
2133 3972 2236 4027 ea,
2272 3958 2335 4017 et
2367 3968 2590 4016 omnes
2620 3949 2744 4047 qui
2787 3945 3124 4034 confidunt

566 4036 638 4103 in
674 4037 790 4104 eis.
818 4034 984 4117 Quis
1014 4034 1226 4124 igitur
1257 4046 1379 4116 est,
1420 4035 1622 4106 modo
1666 4058 1878 4106 sanae
1918 4038 2165 4107 mentis
2215 4035 2329 4105 ille
2369 4037 2478 4116 sit,
2524 4058 2645 4123 qut
2687 4035 2900 4104 mutis
2941 4033 3121 4123 lapi-

568 4122 776 4192 dibus
822 4136 888 4191 et
934 4122 1189 4193 talibus
1236 4123 1445 4194 rebus
1472 4125 1709 4194 anima
1736 4137 1801 4194 et
1831 4148 2043 4195 sensu
2076 4125 2494 4205 carentibus,
2528 4122 2922 4215 cujusmodi
2959 4135 3126 4191 sunt

567 4211 680 4281 isti
722 4211 923 4280 vestri
975 4210 1096 4292 dii,
1143 4212 1438 4284 similem
1492 4234 1564 4282 se
1619 4235 1770 4283 esse
1808 4214 1988 4295 velit,
2022 4214 2279 4284 nedum
2337 4214 2508 4305 ipsis
2551 4234 2749 4283 sacra
2783 4211 3118 4281 ὤσει-εἳ»

660 4302 696 4387 §
743 4306 877 4399 [1.
946 4303 1112 4368 Cum
1163 4301 1328 4371 haec
1374 4300 1597 4371 Judex
1658 4302 1968 4383 audiret,
2025 4303 2340 4393 Martyris
2387 4302 2793 4373 sententiam
2844 4301 3122 4370 firmam

569 4410 720 4457 esse
767 4388 1030 4470 videnS,
1066 4390 1280 4479 Jussit
1325 4390 1397 4459 in
1450 4402 1700 4461 terram
1753 4404 2197 4482 prostratum,
2252 4415 2292 4461 a
2338 4404 2635 4479 quatuor
2670 4389 3125 4461 carnificibus
