3357 4995
680 326 805 389 484
2701 413 2714 426 „
2785 322 2821 385 J
2833 320 2932 386 ΠΝ
2942 320 3004 386 11
3049 320 3137 387 22

1412 528 1550 607 DE
1606 527 1946 606 ΒΕΑΤΟ
2001 527 2314 608 OBITU

1069 720 1145 820 S.
1218 718 1643 820 PAULlNl
1731 719 2108 819 NOLANt
2196 717 2648 818 EPtSCOPl

776 960 1060 1009 AUCTORE
1108 959 1346 1007 URANIO
1395 959 1788 1007 PRESBYTERO
1836 959 1917 1006 UT
1965 960 2167 1006 mmm·
2212 958 2521 1007 EGREGIUS
2561 959 2671 1016 NS.
2724 957 2945 1006 confix-

816 1106 1011 1161 vixit
1054 1120 1093 1161 a.
1134 1107 1256 1160 353
1299 1105 1387 1160 ad
1429 1106 1551 1159 431
1590 1134 1668 1144 —
1711 1104 2013 1159 Romana
2055 1104 2267 1172 stirpe
2308 1105 2381 1159 in
2423 1102 2650 1160 Gallia.
2690 1107 2908 1160 ortus.

681 1309 715 1392 ξ
762 1312 838 1378 1.
895 1309 959 1373 S.
999 1302 1331 1372 Paulinus
1366 1302 2194 1392 Burdegalafflordeauoe)
2217 1303 2472 1393 oppido
2499 1302 2873 1373 Galliarum
2898 1305 3141 1372 oriun-

595 1396 726 1464 dus
756 1394 909 1474 fuit,
956 1393 1170 1461 sedin
1206 1392 1578 1480 Campania
1614 1391 1796 1480 apud
1834 1392 2310 1463 beatissimum
2349 1391 2639 1460 Felicem
2676 1390 3137 1462 confessorem

594 1482 891 1574 glorioso
941 1482 1076 1550 fine
1116 1480 1486 1550 defunctus
1519 1493 1724 1568 atque
1773 1479 2086 1570 sepultus
2134 1494 2258 1550 est.
2299 1482 2459 1570 Ejus
2509 1481 2716 1549 vitam
2764 1503 2843 1549 ex
2899 1481 3138 1550 merito

599 1570 836 1640 mortis
884 1569 1354 1659 agnoscimuS‚
1394 1570 1596 1659 cujus
1645 1582 1710 1637 et
1761 1581 2044 1639 mortem
2081 1570 2167 1638 de
2214 1570 2729 1639 conversatione
2758 1570 2932 1638 vitae
2983 1591 3140 1658 pro-

593 1661 866 1729 bamus.
908 1659 1204 1746 Denique
1251 1681 1409 1728 cum
1461 1670 1618 1727 ante
1661 1659 1993 1738 triduum,
2036 1680 2242 1745 quam
2294 1657 2379 1726 de
2425 1658 2556 1728 hoc
2584 1657 2845 1727 mundo
2878 1657 2962 1726 ad
2987 1679 3147 1727 coe-·

595 1749 759 1818 leste
795 1747 1269 1817 habitaculum
1325 1761 1703 1826 vocaretur,
1760 1770 1918 1817 cum
1952 1748 2098 1837 jam
2152 1747 2237 1815 de
2285 1747 2504 1816 salute
2551 1746 2704 1836 ejus
2750 1767 2989 1816 omnes
3021 1746 3140 1815 de-

596 1861 627 1908 s
679 1849 1009 1916 erassem,
1064 1849 1127 1904 et
1152 1836 1291 1906 duo
1341 1836 1423 1904 ad
1467 1859 1623 1904 eum
1661 1837 1978 1926 Episcopi
2013 1835 2334 1905 visitandi
2369 1835 2598 1905 studio
2632 1835 3133 1914 convenissent,

594 1861 675 1995 id)
704 1938 827 2006 est,
889 1930 953 1994 S.
1010 1930 1418 2012 Symmacus
1467 1938 1532 1994 et
1580 1926 1987 1994 Benedictus
2042 1924 2572 2013 Hyacinthinus,
2636 1924 2731 1993 ita
2781 1924 2847 1992 in
2901 1946 3137 1993 eorum

592 2014 889 2084 adventu
952 2028 1296 2083 recreatus
1345 2027 1548 2101 atque
1598 2013 1892 2083 refectus
1938 2027 2061 2092 est,
2116 2026 2190 2083 ut
2237 2012 2448 2082 oblita
2480 2012 2673 2081 omni
2722 2013 2983 2082 carnali
3033 2013 3139 2080 in-

595 2104 941 2183 firmitate,
997 2116 1211 2172 totum
1245 2103 1344 2172 eis
1377 2116 1581 2189 atque
1611 2102 2004 2192 angelicum
2047 2102 2394 2171 exhiberet
2441 2102 2788 2170 affectum.
2829 2106 2905 2171 Et
2939 2102 3140 2188 quasi

595 2191 1030 2282 profecturus
1099 2191 1182 2260 ad
1238 2192 1629 2272 Dominum,
1674 2192 1867 2280 jubet
1920 2191 2050 2259 sibi
2100 2203 2254 2260 ante
2304 2189 2638 2259 lectulum
2688 2212 2894 2259 suum
2945 2212 3140 2259 sacra

595 2281 919 2370 mysteria
985 2280 1313 2361 exhiberi,
1377 2279 1637 2349 scilicet
1687 2295 1761 2348 ut
1811 2302 1947 2347 una
1998 2302 2156 2348 cum
2201 2279 2457 2349 sanctis
2506 2279 2864 2379 Episcopis
2914 2279 3137 2348 oblato

596 2370 936 2439 sacrificio
968 2370 1269 2438 animam
1317 2391 1511 2438 suam
1571 2370 1854 2437 Domino
1903 2369 2457 2438 commendaret:
2515 2367 2725 2438 simul
2774 2369 2977 2437 etiam
3021 2390 3136 2437 eos

596 2480 769 2546 quos
820 2480 940 2550 pro
989 2458 1360 2548 disciplina
1409 2457 1882 2528 Ecclesiastica
1933 2480 1973 2527 a
2020 2458 2509 2528 communione
2556 2457 2736 2527 sacri
2777 2455 3136 2528 ministerii

595 2562 895 2618 extorres
924 2569 1072 2617 esse
1125 2564 1584 2637 praeceperat,
1642 2547 1730 2616 ad
1771 2570 2003 2637 pacem
2058 2548 2422 2637 pristinam
2459 2559 2827 2616 revocaret.

685 2640 721 2723 ἓ
774 2641 861 2707 2.
918 2642 992 2705 Et
1043 2659 1203 2706 cum
1261 2638 1427 2706 haec
1474 2637 1711 2705 omnia
1760 2649 2041 2705 sanctus
2090 2636 2470 2726 Episcopus
2512 2635 2686 2704 laeto
2735 2649 2939 2722 atque
2989 2656 3138 2724 per-

596 2725 770 2795 fecto
817 2724 1060 2793 ordine
1108 2723 1542 2805 celebrasset,
1579 2725 1809 2794 subito
1857 2724 2039 2794 clara
2072 2746 2230 2794 voce
2260 2725 2684 2816 interrogare
2732 2725 2978 2814 coepit,
3018 2724 3139 2793 ubi

594 2827 823 2885 essent
884 2812 1129 2883 fratres
1194 2814 1332 2883 sui.
1387 2820 1576 2883 Tunc
1625 2836 1814 2884 unus
1870 2836 1950 2883 ex
2004 2814 2644 2895 circumstantibus,
2679 2814 2801 2901 qui
2850 2813 3131 2903 putavit,

595 2903 776 2989 quod
831 2902 1071 2971 fratres
1102 2925 1288 2984 suos,
1326 2902 1394 2971 id
1424 2915 1547 2981 est,
1585 2903 1981 2993 EpiscopOS,
2022 2903 2140 2989 qui
2179 2915 2342 2971 tunc
2391 2902 2701 2984 aderant,
2753 2914 3131 2989 quaereret,

597 2990 693 3060 ait
740 2991 879 3059 illi:
934 2996 1103 3060 Ecce
1153 2991 1226 3059 hi
1282 3005 1444 3060 sunt
1504 2990 1746 3061 fratres
1799 2993 1920 3060 tui.
1968 2995 2044 3060 At
2092 2990 2244 3059 ille:
2313 2992 2440 3060 Sed
2480 3014 2606 3083 ego
2649 3014 2835 3061 nunc
2898 2990 3136 3060 fratres

596 3101 785 3150 meos
830 3080 1245 3149 Januarium
1302 3094 1507 3166 atque
1557 3080 1923 3150 Martinum
1962 3080 2142 3161 dico,
2185 3080 2308 3167 qui
2359 3080 2561 3151 modo
2611 3102 2880 3150 mecum
2931 3078 3143 3149 locuti

596 3180 782 3247 sunt,
822 3180 887 3236 et
934 3169 1261 3236 continuo
1319 3169 1403 3238 ad
1457 3191 1566 3237 me
1597 3183 1920 3238 venturos
1955 3190 2028 3238 se
2075 3191 2225 3238 esse
2262 3169 2605 3239 dixerunt.
2647 3174 2695 3238 Ε
2724 3168 2984 3256 quibus
3028 3173 3142 3237 Ja-

596 3255 889 3326 nuarius
919 3257 1301 3346 Episcopus
1350 3256 1562 3326 simul
1611 3270 1674 3326 et
1730 3270 2013 3346 martyr,
2068 3257 2552 3348 Neapolitanae
2600 3257 2795 3328 urbis
2842 3256 3144 3327 illustrat

597 3345 1015 3414 Ecclesiam:
1070 3346 1403 3415 Martinus
1466 3357 1721 3425 autem,
1774 3347 1879 3414 vir
1944 3368 2063 3435 per
2113 3347 2348 3416 omnia
2409 3351 2456 3416 A
2510 3347 2884 3426 ostolicuS,
2941 3346 3144 3437 cujus

598 3434 732 3503 vita
780 3434 866 3503 ab
909 3434 1235 3504 omnibus
1270 3434 1545 3526 legitur,
1599 3434 1976 3505 Galliarum
2020 3436 2402 3525 Episcopus
2479 3436 2602 3505 uit.
2642 3441 2718 3505 Et
2748 3435 2856 3504 his
2909 3435 3135 3514 dictis,

594 3523 892 3592 extensis
940 3523 1025 3592 ad
1080 3523 1350 3593 coelum
1410 3523 1760 3604 manibuS,
1816 3523 2004 3594 hunc
2057 3525 2403 3614 psalmum
2453 3524 2645 3615 (⁴20)
2699 3524 2983 3595 Domino
3025 3524 3142 3593 de-

595 3612 915 3693 cantavit,
969 3612 1245 3683 dicens:
1298 3615 1547 3682 Levavi
1574 3616 1797 3681 oculos
1843 3636 2019 3682 meos
2052 3615 2120 3682 in
2150 3624 2424 3694 monte-5,
2465 3614 2642 3683 unde
2669 3615 2889 3683 veniet
2937 3615 3144 3682 anmi-

600 3702 768 3769 lium
822 3703 1015 3770 mihi.
1070 3703 1432 3771 ,luas-ilium
1463 3724 1684 3771 meum
1716 3725 1759 3771 a
1788 3703 2085 3783 Domine,
2124 3705 2247 3793 qui
2271 3704 2431 3792 fecit
2462 3705 2718 3773 coelum
2758 3712 2819 3771 et
2861 3712 3136 3772 terram.

598 3789 852 3859 Deinde
890 3790 1171 3860 collecta
1221 3791 1551 3872 oratione,
1606 3790 2074 3860 commonitus
2120 3804 2222 3862 est
2273 3814 2313 3860 a
2362 3804 2599 3862 sancto
2648 3791 3145 3861 Posthumiano

598 3879 1018 3968 presbytero,
1047 3879 1229 3966 quod
1317 3902 1387 3948 ro
1419 3880 1841 3951 vestimentis
1866 3902 2043 3967 quae
2089 3881 2511 3970 pauperibus
2537 3879 3135 3970 fueranterogata,

594 3967 1053 4059 quadraginta
1105 3968 1231 4036 soli
1289 3969 1309 4036 i
1357 3968 1793 4038 deberentur.
1848 3969 2040 4051 Quod
2084 3990 2243 4038 cum
2294 3969 2604 4040 audisset
2653 3974 2718 4039 S.
2775 3968 3132 4047 Paulinus,

597 4055 833 4126 leviter
866 4056 1259 4137 subridens,
1335 4057 1469 4126 ait:
1526 4062 1823 4128 Securus
1870 4070 2013 4126 esto
2078 4056 2214 4126 fili:
2282 4057 2485 4128 crede
2536 4058 2731 4139 mihi,
2786 4057 2953 4145 quia
3005 4077 3140 4126 non

596 4144 834 4226 deerit,
873 4146 993 4232 qui
1043 4143 1350 4214 debitum
1389 4168 1770 4236 pauperum
1821 4145 2059 4239 solvat.
2099 4151 2178 4214 Et
2217 4167 2372 4216 ecce
2406 4169 2544 4217 non
2583 4146 2788 4237 longa
2837 4146 3148 4236 interpo-

597 4234 724 4304 sita
777 4237 1007 4315 mora,
1062 4233 1447 4323 ingreditur
1492 4234 1774 4322 quidam
1846 4235 2222 4325 presbyter,
2288 4235 2373 4304 de
2424 4235 2762 4305 Lucaniae
2829 4236 3147 4325 partibus

594 4323 900 4404 veniens,
948 4322 1204 4392 missus
1241 4344 1281 4391 a
1321 4336 1558 4392 sancto
1607 4323 1942 4414 Episcopo
1976 4324 2457 4414 ExuperantiO,
2513 4324 2655 4394 sive
2709 4346 2749 4393 a
2809 4324 2954 4393 viro
3003 4324 3149 4394 cla-

595 4412 873 4483 rissimo
906 4409 1111 4482 fratre
1157 4411 1308 4502 ejus
1356 4412 1644 4493 Ursatio,
1682 4413 1803 4500 qui
1852 4413 1915 4481 ei
1966 4434 2085 4502 per
2132 4413 2368 4504 ipsum
2426 4413 2762 4484 nuncium
2832 4413 3146 4484 muneris
