3357 4995
653 328 781 393 540
1268 342 1347 389 nn
1395 343 1450 390 s.
1502 340 1817 390 maonu
1864 339 2032 388 vmo.
2078 340 2154 388 ΕΤ
2192 339 2386 387 nar.
2748 322 2968 388 JUNII
3017 323 3105 388 25

565 429 747 510 illae,
799 438 865 498 et
910 427 1203 497 Brienna
1260 426 1631 497 consilium
1683 425 2032 496 Aetheriae
2060 423 2399 516 cognovit,
2433 424 2711 494 intuens
2758 423 2830 494 in
2870 423 3101 496 illam:

566 541 602 585 «
633 515 1002 600 Quidnam,
1040 516 1288 604 inquit,
1328 515 1454 596 vis,
1495 537 1690 586 soror
1712 514 2117 585 Aetheriab)
2147 518 2333 596 Quae
2385 511 2773 604 respondit:
2821 540 2843 574 u
2877 519 2959 584 Ut
2984 514 3110 603 ju-

565 608 729 677 beas
761 626 887 676 nos
932 604 1286 685 occultari,
1339 615 1405 673 et
1452 603 1928 673 imminentem
1971 601 2270 672 furorem
2320 600 2490 672 ausu
2539 623 2689 671 ere:
2745 622 2883 671 non
2916 604 3108 672 enim

566 694 883 764 meliores
932 714 1177 765 sumus
1207 691 1389 764 clero
1417 704 1483 763 et
1513 693 1875 783 Episcopo.
1914 695 2189 782 Oportet
2237 703 2298 760 te
2345 688 2472 761 illu
2561 690 2883 781 cogitare,
2931 692 3114 761 inter

566 804 691 852 nos
735 781 1280 853 adolescentulas
1325 780 1664 870 quasdam
1714 802 1887 861 esse,
1941 779 2198 868 quibus
2245 777 2631 849 cavendum
2678 792 2804 860 est,
2847 801 2933 850 ne
2979 780 3114 850 ali—

564 893 702 959 quo
768 870 970 940 modo
1034 868 1712 961 comprehendantur
1757 892 1797 939 a
1846 868 2209 949 militibus,
2274 880 2340 937 et
2404 878 2730 957 corrupta
2789 870 3112 959 corporis

564 959 976 1052 virginitate,
1047 958 1550 1032 exercitationis
1599 958 2020 1028 monasticae
2071 955 2453 1027 mercedem
2522 956 2866 1027 amittant.
2920 957 3111 1028 Illud

563 1049 768 1120 etiam
839 1045 1247 1128 timendum,
1308 1068 1395 1117 ne
1451 1067 1580 1117 nos
1624 1057 2121 1117 tormentorum
2173 1045 2533 1135 angustias
2574 1046 2913 1116 sustinere
2963 1068 3111 1117 non

568 1135 889 1217 valenteS,
927 1135 1343 1206 daemonum
1384 1134 1707 1206 cultrices
1745 1135 2043 1216 effectae,
2099 1134 2491 1204 animarum
2557 1144 2950 1204 nostrarum
2991 1136 3109 1225 Ja-

564 1239 829 1297 cturam
866 1224 1228 1295 faciamus.
1282 1225 1351 1293 Si
1384 1222 1607 1315 placet
1653 1224 1889 1314 igitur,
1911 1224 2161 1314 jubeas
2192 1243 2318 1293 nos
2342 1219 2697 1314 aufugere,
2742 1233 2808 1293 et
2855 1223 3110 1293 Febro-

564 1315 752 1384 niam
801 1313 1165 1385 nobiscum
1197 1311 1471 1383 ducere.
1524 1338 1549 1377 »

654 1405 691 1491 ξ
736 1407 871 1476 u.
927 1400 1049 1473 His
1094 1398 1373 1483 auditis,
1438 1400 1610 1470 dixit
1666 1400 2031 1471 Febronia:
2068 1423 2104 1467 «
2133 1400 2307 1470 Vivit
2355 1400 2664 1470 Christus
2712 1420 2933 1482 meus»,
2985 1401 3108 1470 cui

566 1491 981 1581 desponsata
999 1510 1194 1571 sum,
1245 1489 1361 1560 cui
1406 1489 1713 1559 animam
1766 1511 1991 1560 meam
2031 1488 2365 1572 dedicavi,
2402 1488 2585 1578 quod
2621 1510 2754 1559 non
2790 1488 3112 1580 egrediar

564 1602 603 1650 e
657 1576 806 1650 loco
851 1578 1022 1649 isto:
1063 1576 1178 1647 sed
1232 1577 1345 1647 hic
1379 1578 1658 1658 moriar,
1711 1588 1777 1648 et
1834 1577 1947 1647 hic
2000 1577 2315 1668 sepeliar.
2363 1601 2398 1645 »
2447 1583 2618 1648 Tum
2667 1577 2960 1647 Brienna
3004 1577 3096 1647 ad

564 1666 946 1738 Aetheriam
993 1687 1356 1737 conversa:
1387 1671 1562 1748 «Tu,
1607 1666 1856 1754 inquit,
1894 1665 2117 1737 videto
2148 1665 2315 1754 quid
2364 1688 2568 1757 agas:
2612 1687 2737 1757 ego
2769 1666 3106 1737 innocens

566 1756 652 1826 de
690 1755 819 1826 hac
878 1777 950 1826 re
999 1753 1229 1825 futura
1270 1776 1450 1826 sum.
1487 1778 1522 1822 »
1555 1755 1886 1856 Deinceps
1912 1754 2083 1825 dixit
2112 1765 2179 1825 et
2210 1754 2366 1825 aliis
2411 1754 2766 1825 sororibus
2797 1778 2813 1823 :
2853 1777 2890 1821 «
2923 1759 3110 1825 Una-

613 1865 877 1932 uaeque
910 1855 1208 1914 vestrum
1246 1844 1453 1925 novit,
1497 1843 1661 1932 quid
1701 1843 1829 1915 sibi
1880 1865 1958 1913 ex
2011 1843 2233 1914 ediat:
2285 1842 2617 1932 quicquid
2667 1843 2880 1934 igitur
2930 1843 3103 1926 vult,

565 1932 740 2003 ilud
780 1932 1009 2023 eligat.
1049 1955 1086 1999 »
1116 1937 1305 2002 Tunc
1359 1954 1598 2003 omnes
1644 1953 1912 2003 sorores
1952 1932 2110 2002 ilae
2160 1945 2345 2003 metu
2391 1931 2759 2023 impulsae,
2812 1931 3107 2003 salutem

566 2021 888 2092 dixerunt
917 2021 1251 2091 Briennae
1295 2032 1361 2092 et
1407 2021 1801 2104 Febroniae,
1856 2020 2230 2109 multisque
2275 2019 2605 2111 lacrymis
2636 2034 2703 2092 et
2727 2020 3104 2111 gemitibus

566 2132 695 2182 sua
742 2121 1015 2200 pectora
1047 2109 1526 2200 percutientes,
1555 2131 1593 2180 e
1623 2110 2037 2181 monasterio
2084 2130 2396 2201 egressae
2444 2121 2629 2182 sunt.
2682 2107 2923 2180 Procla
2951 2131 3110 2180 vero

567 2197 941 2269 Febroniae
989 2197 1488 2289 condiscipula,
1539 2198 1692 2289 ejus
1737 2198 1996 2269 collum
2054 2196 2500 2290 amplectens,
2540 2197 2761 2288 ipsam
2816 2196 3110 2269 deoscu-

566 2286 863 2369 labatur,
892 2286 1202 2358 clamans
1226 2298 1291 2356 et
1322 2306 1529 2357 orans
1556 2299 1634 2358 ut
1666 2308 1791 2378 pro
1822 2287 1940 2357 illa
1975 2291 2187 2357 Deum
2221 2289 2638 2377 precaretur.
2669 2291 2747 2357 At
2773 2286 3109 2358 Febronia

567 2397 782 2446 manu
831 2376 1055 2467 ipsam
1104 2375 1656 2466 apprehendens,
1705 2396 1841 2446 non
1874 2375 2308 2466 permittebat
2335 2398 2371 2445 e
2407 2375 2819 2447 monasterio
2844 2375 3099 2466 egredi,

567 2463 845 2536 dicens:
885 2487 921 2533 «
964 2469 1223 2536 Metuas
1270 2469 1508 2548 Deum,
1560 2465 1800 2536 Procla
1857 2486 2070 2536 soror.
2126 2464 2375 2536 Saltem
2426 2476 2501 2537 tu
2558 2486 2684 2536 nos
2726 2485 2862 2535 non
2912 2463 3106 2535 dere-

567 2553 845 2643 linquas
888 2554 1009 2644 (an
1056 2575 1193 2625 non
1242 2553 1432 2625 vides
1472 2576 1583 2625 me
1612 2564 1965 2646 aegrotare
1982 2553 2045 2644 t)
2073 2575 2158 2624 ne
2188 2553 2357 2624 forte
2406 2554 2684 2636 moriar,
2715 2567 2782 2624 et
2814 2553 3109 2624 Brienna

569 2664 702 2713 non
767 2642 983 2734 possit
1048 2664 1160 2712 me
1206 2642 1276 2712 in
1343 2641 1743 2735 sepulcrum
1804 2642 2182 2714 demittere.
2238 2649 2512 2714 Maneas
2555 2642 2771 2733 igitur
2818 2643 2972 2724 hic,
3025 2654 3105 2712 ut

565 2729 778 2803 funus
827 2752 1058 2802 meum
1107 2752 1332 2802 cures,
1377 2757 1402 2793 ι
1434 2736 1624 2802 Tunc
1653 2730 1892 2802 Procla
1942 2731 2328 2821 respondit:
2364 2754 2400 2799 «
2434 2736 2577 2803 Non
2627 2730 3101 2819 derelinquam

566 2831 655 2902 te,
694 2841 888 2892 soror
933 2841 1109 2902 mea,
1161 2830 1238 2890 ut
1273 2819 1505 2910 jubes,
1556 2859 1589 2871 -
1627 2824 1752 2903 En,
1799 2820 2023 2908 inquit
2061 2820 2416 2902 Febronia,
2468 2842 2701 2891 coram
2751 2825 2881 2890 Deo
2928 2817 3106 2888 mihi

568 2908 876 3009 pollicita
925 2930 1023 2991 eS,
1073 2907 1255 2998 quod
1314 2930 1424 2978 me
1469 2929 1604 2978 non
1655 2908 2120 2997 derelinquas.
2161 2932 2199 2977 »
2229 2914 2519 3001 Vespere
2562 2920 2794 2981 autem
2864 2907 3108 2979 Procla

568 2995 691 3066 llla
737 3008 1001 3068 mutato
1046 2995 1361 3078 consilio,
1395 2996 1714 3068 discessit
1758 3019 1796 3068 e
1845 2998 2283 3068 monasterio.

656 3088 692 3174 ἓ
739 3091 888 3159 12.
940 3085 1233 3156 Brienna
1289 3085 1504 3177 igitur
1554 3108 1715 3157 cum
1767 3087 2263 3157 monasterium
2329 3086 2504 3157 illud
2534 3099 2825 3188 propter
2872 3085 3103 3155 immi-

569 3185 809 3246 nentes
870 3174 1230 3266 angustias
1290 3174 1645 3245 sororibus
1708 3174 2113 3246 destitutum
2164 3173 2466 3257 vidisset,
2528 3196 2843 3267 lngressa
2885 3187 2989 3245 est
3036 3174 3109 3244 in

568 3262 807 3335 aedem
856 3284 1151 3344 sacram,
1192 3274 1260 3333 et
1306 3263 1377 3332 in
1426 3262 1652 3333 solum
1687 3285 1761 3334 se
1805 3263 2077 3354 abjecit,
2129 3261 2415 3334 ululans
2444 3274 2511 3334 et
2539 3262 2861 3334 lamentis
2894 3267 3112 3333 Deum

566 3350 975 3442 implorans.
1042 3351 1365 3422 Thomais
1410 3373 1570 3422 vero
1615 3373 1796 3439 quae
1860 3351 2203 3423 secundas
2263 3363 2490 3445 partes
2537 3364 2692 3444 post
2737 3351 3113 3422 Briennam

566 3441 868 3601 gerebat,
899 3440 1215 3513 assidens
1247 3439 1376 3541 illi,
1398 3460 1693 3528 eamque
1723 3461 2017 3531 rogans:
2043 3464 2079 3508 «
2102 3439 2366 3524 Desine,
2402 3441 2651 3542 inquit,
2683 3454 2901 3512 mater
2929 3461 3109 3542 mea,

619 3551 761 3600 ere:
824 3540 1066 3620 potens
1117 3539 1220 3599 est
1265 3550 1450 3598 enim
1504 3533 1683 3602 Deus
1732 3541 1964 3600 noster
2007 3551 2166 3599 cum
2218 3543 2559 3621 angustus
2612 3543 2681 3600 et
2734 3540 3114 3600 tentatione

567 3619 815 3700 facere,
866 3630 947 3689 ut
988 3616 1258 3688 felicem
1297 3628 1618 3688 eventum
1668 3617 2075 3702 habeamuS,
2114 3630 2181 3689 et
2216 3617 2623 3690 tentationes
2649 3617 2830 3689 ferre
2884 3618 3117 3709 possi-

568 3728 751 3779 mus,
805 3705 1137 3792 Quisnam
1190 3705 1484 3777 credidit
1529 3706 1845 3789 Domino,
1894 3718 1962 3777 et
2005 3728 2318 3795 unquam
2367 3706 2699 3779 confusus
2743 3710 2898 3779 est?
2944 3707 3119 3792 Quis

566 3816 878 3883 unquam
925 3794 1305 3898 permansit
1335 3794 1405 3865 in
1439 3793 1686 3865 timore
1722 3793 1937 3877 illius,
1965 3807 2034 3867 et
2077 3795 2227 3887 ipse
2257 3817 2417 3867 eum
2449 3796 2907 3887 contempsit?
2948 3800 3122 3896 512³

618 3883 894 3966 rofecto,
926 3882 1155 3973 lnquit
1186 3883 1505 3967 Brienna,
1543 3904 1652 3955 res
1681 3906 1757 3956 se
1787 3884 2028 3956 habet:
2065 3884 2184 3955 sed
2253 3884 2375 3956 uid
2409 3883 2659 3955 faciam
2694 3884 3119 3955 Febromae?

626 3972 866 4044 binam
911 3972 1137 4065 ipsam
1185 3972 1551 4055 occultem,
1580 3984 1705 4043 aut
1733 3976 2046 4045 servem?
2092 3973 2221 4058 Qui
2275 3994 2359 4044 us
2385 3972 2609 4045 oculis
2645 3973 2958 4064 aspicere
2988 3995 3118 4064 po-

569 4073 737 4143 tero,
791 4060 983 4132 illam
1032 4083 1075 4132 a
1121 4060 1436 4133 barbaris
1465 4061 1808 4163 captivam
1849 4061 2061 4133 duci?
2089 4061 2239 4132 »Ad
2276 4061 2446 4133 baec
2477 4061 2842 4136 Thomais:
2880 4086 2907 4125 c
2931 4065 3120 4133 Num

566 4150 782 4223 oblita
842 4172 917 4223 es
975 4170 1215 4221 eorum
1280 4170 1460 4239 quae
1518 4149 1644 4221 nbi
1690 4149 1885 4221 dixi?
1930 4151 2061 4237 Qui
2121 4162 2341 4242 potest
2404 4150 2727 4224 homines
2797 4162 3116 4223 mortuos

568 4238 1013 4322 exsuscitare,
1069 4237 1186 4310 ille
1230 4237 1415 4309 idem
1463 4250 1531 4309 et
1574 4238 1980 4311 Febroniam
2028 4239 2522 4322 corroborabit,
2552 4251 2620 4311 et
2665 4260 2939 4312 servare
2987 4260 3118 4330 po-

574 4329 758 4401 terit.
786 4331 1026 4418 Itaque
1054 4340 1273 4400 mater
1300 4348 1475 4409 mea,
1514 4347 1797 4417 quaeso,
1821 4327 2138 4400 animum
2183 4326 2577 4410 confirme3‚
2597 4340 2664 4400 et
2693 4328 3112 4399 sententiam
