3357 4995
694 286 822 349 552
1304 305 1382 349 DE
1430 304 1484 349 s,
1540 303 1854 370 rssnnomA
1903 303 2072 351 vlnc.
2128 305 2204 350 m
2250 305 2438 351 MART.
2782 286 2995 350 JUNlI
3051 287 3155 350 25

599 398 827 456 transe
881 387 1115 466 issent,
1166 408 1246 456 ex
1295 387 1602 456 humana
1654 389 1791 458 vita
1847 400 2307 468 excesserunt,
2368 401 2434 457 et
2482 388 2745 458 Christo
2785 389 3157 477 aggregati

599 487 782 546 sunt.
892 474 1152 562 lerique
1198 475 1402 544 etiam
1453 499 1533 546 ex
1574 476 1934 556 militibus,
1989 499 2150 546 cum
2202 477 2488 546 Domino
2542 475 3016 554 credidissent,
3081 489 3157 545 et

598 564 731 653 ipsi
780 563 1104 654 baptizati
1152 577 1336 634 sunt.
1374 566 1623 635 Eodem
1667 566 1870 636 modo
1892 566 2122 635 Hieria
2146 574 2211 635 et
2243 567 2395 654 ejus
2432 576 2746 654 parentes
2783 565 3144 655 baptizati,

596 652 1037 722 crediderunt
1069 654 1139 721 in
1178 654 1545 724 Dominum
1572 654 1805 726 lesum
1847 654 2218 724 Christum.
2256 654 2581 724 Posthaec
2614 665 2935 744 parentes
2969 675 3150 723 suos

596 741 825 811 Hieria
864 741 1248 828 dereliquit,
1287 756 1351 812 et
1386 743 1673 812 terrenis
1697 743 1903 813 rebus
1930 743 2377 822 renunciatiS‚
2409 742 2480 812 in
2515 743 3009 813 monasterium
3031 743 3150 811 in-

595 851 830 920 gressa
863 842 986 910 est,
1016 831 1132 899 cui
1161 853 1401 901 omnes
1449 830 1806 903 facultates
1856 854 2017 901 suas
2065 831 2427 910 dedicavit,
2481 845 2546 900 et
2578 832 2942 902 Briennam
2976 854 3144 921 pre-

595 932 748 989 cata
785 931 886 988 est
935 920 1003 987 in
1056 919 1233 988 hanc
1267 921 1718 990 sententiam:
1767 927 1953 1011 Rogo
1994 934 2079 1000 te,
2118 933 2333 989 mater
2382 942 2534 989 mea
2573 921 2886 1002 Brienna,
2919 933 2996 989 ut
3023 941 3144 988 me

596 1008 669 1076 in
719 1019 992 1078 sanctae
1044 1008 1409 1078 Febroniae
1460 1008 1686 1078 locum
1754 1031 2016 1079 servam
2069 1010 2391 1100 accipias.
2450 1009 2753 1079 Serviam
2799 1031 2924 1100 ego
2975 1008 3136 1082 tibi.

599 1107 786 1166 utet
855 1096 973 1165 illa
1044 1097 1399 1166 serviebat.
1468 1103 1637 1167 Cum
1704 1099 1914 1189 igitur
1985 1098 2176 1166 omni
2248 1111 2497 1168 ornatu
2565 1120 2693 1168 suo
2759 1097 2987 1167 Hieria
3066 1121 3145 1166 se

598 1186 916 1265 exuisset,
960 1186 1187 1254 aureis
1238 1187 1485 1275 pannis
1546 1199 1611 1255 et
1661 1187 2051 1277 margaritis
2112 1185 2374 1256 loculos
2437 1199 2710 1256 sanctae
2769 1187 3144 1257 Febroniae

597 1274 905 1360 undique
954 1274 1333 1342 adornavit.

687 1365 724 1448 ξ
768 1366 930 1434 33.
988 1368 1131 1443 Quo
1180 1376 1408 1432 autem
1459 1377 1763 1454 tempore
1796 1364 2031 1433 beatae
2081 1365 2454 1434 Febroniae
2511 1364 2944 1453 martyrium,
2985 1364 3142 1519 elius

599 1451 860 1520 scilicet
906 1452 1301 1520 certaminis
1349 1454 1682 1521 memoria
1721 1453 2128 1533 celebratur,
2168 1454 2587 1522 conveniunt
2618 1462 2852 1522 coetus
2889 1474 3007 1520 mu
3039 1453 3137 1521 ie-

598 1562 778 1620 rum,
832 1551 896 1606 et
945 1539 1188 1629 ingens
1240 1541 1541 1609 virorum
1575 1542 1970 1622 multitude,
2004 1542 2406 1631 praesertim
2460 1554 2734 1632 propter
2780 1539 3136 1628 quoddam

597 1629 903 1718 signum,
958 1627 1143 1713 quod
1175 1628 1316 1698 illic
1347 1631 1718 1716 quotannis
1766 1653 2099 1721 apparere
2137 1631 2329 1700 solet.
2371 1635 2537 1700 Nam
2572 1630 2940 1699 memoriae
2966 1652 3138 1697 suae

596 1716 730 1794 die,
793 1715 1058 1784 mediae
1117 1718 1333 1788 noctis
1395 1731 1719 1808 tempore,
1787 1742 1945 1788 cum
2000 1740 2234 1810 preces
2282 1718 2365 1788 ad
2438 1724 2650 1788 Deum
2713 1717 3130 1796 funduntur,

595 1818 878 1895 apparet
916 1817 1151 1873 sancta
1190 1807 1518 1876 Febronia
1551 1830 1774 1894 usque
1808 1808 1894 1876 ad
1955 1810 2186 1877 tertiae
2228 1808 2433 1877 horae
2484 1829 2718 1897 preces
2755 1808 2822 1874 in
2873 1805 2992 1874 illo
3024 1828 3137 1875 eo—

595 1894 751 1962 dem
806 1893 952 1961 loco
1000 1916 1136 1980 quo
1186 1895 1382 1964 solita
1434 1910 1576 1964 erat
1618 1898 1871 1985 jacere,
1930 1897 2022 1966 ita
2082 1897 2487 1975 consistenS,
2539 1909 2954 1984 utmagnus
3005 1907 3135 1963 tre-

596 2004 750 2051 mor
781 1982 948 2051 horst
984 1982 1100 2051 illa
1132 1983 1198 2051 id
1252 1985 1718 2074 spectantibus
1766 1986 2131 2056 exoriatur.
2168 1991 2374 2054 Nemo
2426 1999 2648 2053 tamen
2701 1983 2906 2053 audet
2939 1983 3133 2052 illam

596 2071 951 2160 attingere,
987 2072 1085 2140 vel
1136 2094 1286 2141 eam
1338 2074 1778 2164 interrogare.
1834 2080 1999 2143 Cum
2033 2074 2217 2142 enim
2269 2075 2493 2164 primo
2542 2095 2724 2141 anno
2771 2072 3135 2162 apparuis-

597 2172 721 2238 set,
760 2173 824 2228 et
852 2182 1093 2230 omnes
1143 2184 1409 2231 sorores
1449 2162 1690 2230 timore
1731 2185 1983 2252 magno
2015 2162 2531 2253 perterrefactae
2556 2175 2803 2239 essent,
2839 2161 3131 2229 Brienna

598 2271 760 2318 voce
811 2271 1101 2338 magna:
1167 2255 1287 2328 En,
1344 2251 1587 2337 inquit,
1653 2251 1845 2320 adest
1883 2252 2024 2319 filia
2075 2273 2227 2320 mea
2276 2251 2630 2324 Febronia.
2686 2254 2994 2336 Cumque
3042 2251 3127 2318 ad

597 2337 786 2406 illam
837 2338 1361 2428 amplexandam
1411 2341 1851 2421 cucurrisset,
1908 2341 2135 2410 statim
2170 2341 2470 2409 evanuit.
2526 2345 2666 2409 Non
2719 2338 2933 2428 igitur
2984 2361 3129 2406 am-

602 2426 784 2516 plius
833 2426 917 2495 ad
972 2425 1159 2495 illam
1212 2429 1554 2510 accedere,
1592 2429 1692 2499 vel
1728 2430 1946 2518 ipsam
1991 2440 2266 2519 tangere
2303 2429 2596 2499 audent:
2638 2426 2754 2499 sed
2795 2448 2931 2514 quo
2961 2440 3126 2495 tem-

598 2537 763 2605 pore
804 2530 1109 2606 apparet,
1165 2518 1626 2606 lacrymarum
1690 2520 1888 2608 copia
1943 2518 2343 2597 effunditur,
2403 2518 2749 2603 simulque
2796 2516 3124 2607 gaudium

598 2606 927 2694 magnum
959 2607 1026 2673 in
1064 2628 1303 2677 omnes
1350 2630 1426 2675 ex
1463 2607 1862 2697 hujusmodi
1892 2607 2149 2676 visione
2192 2607 2672 2697 proficiscitur.

685 2696 721 2780 ἓ
767 2697 923 2764 34.
980 2696 1141 2783 Ejus
1170 2718 1323 2763 vero
1371 2696 1567 2766 urbis
1601 2697 2006 2796 EpiscopuS‚
2045 2718 2205 2766 cum
2260 2696 2589 2796 templum
2623 2693 2816 2763 valde
2857 2694 3131 2784 insigne

600 2794 666 2851 et
725 2782 1093 2871 pulchrum
1156 2784 1521 2852 Febroniae
1585 2797 1869 2873 martyri
1924 2785 2182 2874 erigere
2221 2796 2578 2873 coepisset,
2633 2804 2752 2883 per
2802 2795 2976 2852 totos
3016 2805 3130 2851 sex

598 2893 815 2940 annos
862 2893 1038 2960 opus
1085 2872 1473 2963 complevit.
1529 2877 1675 2954 Quo
1725 2873 2043 2963 perfect0‚
2097 2873 2485 2943 convocatis
2534 2872 2994 2942 finitimarum
3028 2894 3130 2939 re—

598 2960 878 3050 gionum
918 2960 1293 3050 Episcopis‚
1333 2961 1720 3031 celebritate
1771 2985 2023 3052 magna
2054 2961 2385 3042 adhibita,
2433 2983 2553 3051 per
2600 2973 2806 3029 totam
2857 2972 3128 3029 noctem

601 3047 903 3117 officium
957 3049 1317 3119 celebravit
1369 3052 1624 3119 mensis
1670 3051 1864 3120 Junii
1913 3050 2023 3120 die
2066 3073 2170 3120 xv.
2218 3056 2362 3133 Quo
2403 3063 2707 3140 tempore
2757 3048 3130 3118 multitudo

598 3137 843 3226 ingens
892 3138 1263 3217 concurrit,
1301 3139 1389 3207 ita
1422 3152 1497 3207 ut
1529 3161 1748 3225 neque
1784 3139 2143 3230 templum,
2180 3161 2401 3225 neque
2452 3138 2945 3208 monasterium
2977 3159 3128 3205 eam

597 3247 841 3314 capere
892 3241 1189 3315 possent.
1244 3228 1503 3313 Ubique
1554 3250 1709 3295 vero
1763 3241 1828 3296 et
1879 3228 2307 3318 psalmorum
2357 3240 2599 3296 cantus
2649 3226 3128 3313 frequentaba-

599 3325 733 3382 tur.
792 3319 981 3383 Mane
1030 3328 1254 3383 autem
1317 3316 1637 3405 precibus
1681 3317 2036 3386 matutinis
2093 3316 2475 3406 completiS,
2516 3316 2835 3415 Episcopi
2883 3336 3128 3383 conve-

598 3416 849 3471 nerunt
898 3404 964 3471 in
1019 3406 1536 3484 monasterium,
1594 3418 1667 3474 ut
1720 3407 1869 3495 ejus
1916 3404 2076 3485 diei,
2133 3427 2270 3492 quo
2303 3407 2671 3475 Febromae
2721 3425 2977 3493 corpus
3011 3403 3129 3471 de-

598 3492 897 3579 positum
928 3490 1077 3571 fuit,
1112 3493 1511 3561 memoriam
1536 3494 1980 3563 celebrarent.
2007 3494 2477 3581 Sequebantur
2493 3494 2864 3592 Episcopos
2889 3492 3130 3561 turbae

595 3600 755 3649 cum
815 3580 1080 3650 facibus
1128 3594 1192 3649 et
1243 3581 1440 3651 thure
1498 3604 1575 3652 ac
1630 3604 1876 3671 vapore
1924 3582 2166 3652 multo.
2205 3582 2503 3672 Ingressi
2549 3583 2762 3672 igitur
2809 3581 3129 3670 Episcopi

598 3666 667 3735 in
720 3670 1237 3749 monasterium,
1274 3694 1352 3739 ac
1396 3675 1606 3739 Deum
1640 3672 1920 3760 precati,
1975 3672 2456 3750 consederunt,
2488 3684 2551 3739 et
2598 3670 2890 3739 Brienna
2942 3668 3027 3737 ad
3061 3692 3130 3739 se

593 3758 945 3838 accersita,
1004 3759 1170 3827 haec
1212 3759 1311 3828 illi
1341 3760 1695 3828 dixerunt:
1728 3760 2228 3830 «Institutionis
2261 3775 2323 3830 et
2373 3760 2566 3842 vitae,
2613 3759 3130 3845 multorumque

597 3842 937 3925 laborum,
977 3870 1151 3933 quos
1171 3847 1439 3917 virtutis
1472 3850 1682 3917 causa
1704 3849 2118 3931 sustinuisti,
2148 3849 2421 3919 laudem
2446 3861 2758 3919 assecuta
2777 3869 2874 3943 es,
2908 3868 3132 3933 neque

594 3935 961 4020 quisquam
1000 3958 1123 4025 pro
1157 3935 1488 4027 dignitate
1547 3950 1608 4007 te
1666 3937 1949 4008 laudare
1999 3939 2265 4029 poterit.
2303 3937 2496 4007 Tales
2543 3936 2735 4007 decet
2780 3957 2932 4006 esse
2983 3957 3130 4004 mo—

594 4023 1046 4093 nasteriorum
1087 4025 1461 4107 Praesides,
1512 4039 1580 4096 et
1628 4025 1795 4096 tales
1829 4026 2095 4097 fructus
2142 4032 2274 4096 Deo
2304 4026 2438 4117 ipsi
2469 4025 2733 4096 offerre.
2786 4025 3128 4107 Quoniam

592 4132 747 4180 vero
804 4113 951 4180 fieri
1020 4135 1154 4182 non
1212 4127 1469 4204 potest,
1525 4126 1602 4184 ut
1649 4117 1966 4205 Martyris
2032 4137 2209 4203 quae
2258 4128 2352 4185 tot
2401 4128 2466 4184 et
2513 4127 2699 4184 tanta
2746 4113 3130 4182 certamina

593 4222 914 4291 perpessa
943 4215 1066 4282 est,
1109 4202 1348 4274 laudes
1382 4226 1502 4304 per
1550 4226 1675 4275 nos
1721 4204 2190 4296 explicentur:
2225 4204 2417 4275 decet
2442 4202 2598 4272 illas
2623 4201 2900 4272 silentio
2929 4223 3126 4291 prae-

591 4290 810 4361 terire.
864 4296 1091 4378 Neque
1127 4292 1314 4363 enim
1353 4291 1595 4382 lingua
1642 4304 1898 4373 nostra,
1953 4304 2291 4381 quantum
2346 4292 2513 4363 satis
2554 4303 2678 4371 est,
2749 4294 3120 4380 Martyrem

592 4379 771 4449 hanc
846 4380 1129 4453 laudare
1198 4391 1438 4472 potest.
1526 4386 1763 4468 Itaque
1837 4403 1999 4452 cum
2074 4403 2296 4469 neque
2366 4380 2825 4460 sermonibuS,
2909 4399 3130 4467 neque
