3357 4995
662 315 791 379 282
1282 330 1360 376 na
1410 328 1465 376 s,
1519 327 1823 385 Aornum
1868 328 2037 376 vmo.
2091 328 2167 375 Er
2214 307 2403 376 nan-r.
2628 267 2633 272 .
2764 310 2983 376 JUNII
3030 310 3114 375 43

577 411 1035 501 purissimum
1068 407 1452 488 thalamum
1503 418 1701 478 tuum
1752 408 2057 489 introire,
2102 430 2183 477 ac
2225 406 2525 498 teipsum
2573 407 2919 504 celebrare
2955 430 3117 498 pos-

580 501 737 581 sim,
775 500 898 586 qui
949 497 1307 588 petitiones
1355 515 1544 566 meas
1584 497 1760 566 mihi
1808 497 2231 567 concessisti.
2270 521 2306 562 »
2670 525 2703 561 ο

666 591 704 675 ἓ
750 591 909 661 10.
964 592 1144 656 Haec
1182 607 1344 655 cum
1392 597 1669 675 precata
1715 597 1916 667 esset,
1961 597 2026 656 et
2054 585 2319 656 diutius
2343 585 2582 657 ferreis
2618 598 2683 654 et
2715 584 3120 655 ardentibus

577 676 849 747 subulis
897 675 1441 755 combureretur,
1496 674 1941 744 semimortua
1973 673 2152 743 facta
2196 687 2320 755 est,
2366 674 2459 743 ita
2484 683 2562 744 ut
2591 672 2965 752 Proconsul
2997 679 3121 743 Vo-

575 766 893 835 lusianus
936 763 1127 834 illam
1177 775 1521 833 mortuam
1555 784 1705 833 esse
1753 762 2140 833 crediderit.
2190 767 2426 849 Itaque
2473 763 2677 852 jussit
2722 761 2917 831 illinc
2965 783 3122 831 eam

575 853 987 943 absportari,
1043 864 1108 922 et
1139 864 1327 923 extra
1359 851 1618 921 urbem
1662 851 1906 942 projici
1951 852 2071 939 qui
2129 873 2210 941 pe
2239 872 2417 939 quae
2463 851 2629 921 deos
2679 851 2865 942 ipsos
2915 872 3123 940 nega-

577 957 784 1023 verat,
831 955 903 1012 et
953 947 1404 1032 Imperatores
1444 952 1984 1029 contempserat:
2038 874 2125 1009 οἱ
2157 939 2366 1027 idque
2397 939 2670 1009 dicebat
2719 938 3125 1029 sepulturae

575 1031 894 1100 mandari
943 1051 1078 1099 non
1130 1030 1402 1110 debere,
1442 1029 1560 1098 sed
1610 1029 1903 1098 canibus
1952 1029 2123 1118 ipsis
2171 1050 2399 1097 escam
2442 1028 2708 1128 projici.
2764 1031 2931 1097 Cum
2964 1049 3121 1097 vero

575 1119 893 1206 Aquilino
926 1132 1142 1188 totum
1192 1118 1376 1186 diem
1426 1118 1497 1186 in
1539 1117 1646 1186 via
1696 1118 1994 1207 projecta
2011 1117 2365 1206 jacuisset,
2407 1138 2593 1186 circa
2638 1115 2944 1186 medium
2997 1138 3123 1185 no-

576 1209 703 1277 ctis
753 1223 1027 1296 tempus
1060 1206 1413 1277 descendit
1458 1205 1759 1294 Angelus
1791 1206 2085 1286 Domini,
2131 1216 2196 1275 et
2226 1205 2615 1292 Aquilinam
2656 1226 2816 1275 cum
2860 1204 3124 1295 tetigis-

579 1310 719 1367 set:
755 1302 1038 1386 «Surge,
1072 1296 1317 1386 inquit,
1356 1306 1421 1364 et
1466 1306 1609 1366 esto
1642 1316 1835 1375 sana,
1872 1294 2459 1381 Volusianumque
2483 1292 2974 1364 Proconsulem
3016 1315 3123 1362 re-

579 1386 905 1475 darguaS,
928 1383 1114 1471 quod
1134 1384 1282 1473 ipse
1304 1382 1503 1464 nihil,
1528 1384 1766 1473 etejus
1784 1383 2075 1452 consilia
2104 1404 2277 1452 vana
2299 1383 2459 1451 sint.
2479 1408 2503 1444 n
2534 1381 2773 1452 Statim
2806 1382 3129 1470 Aquilina

576 1474 951 1544 incolumis
984 1472 1300 1551 surrexit,
1355 1482 1422 1541 et
1479 1476 1693 1541 Deum
1742 1471 2038 1542 laudans
2085 1470 2388 1542 dicebat:
2426 1495 2462 1537 «
2506 1471 2772 1541 Gratias
2820 1491 2951 1561 ago
2993 1467 3155 1540 tibi.

577 1563 754 1632 vitae
803 1582 993 1631 meae
1031 1562 1318 1640 auctori,
1371 1561 1493 1648 qui
1541 1561 1904 1631 sanitatem
1936 1560 2162 1642 affers,
2207 1571 2283 1630 tu
2309 1560 2494 1629 enim
2522 1581 2618 1639 eS,
2656 1561 2963 1644 Domine,
2998 1560 3126 1645 qui

578 1664 735 1720 ante
784 1650 1016 1719 secula
1063 1648 1277 1728 suisti,
1330 1663 1396 1719 et
1451 1649 1522 1718 in
1586 1649 1819 1721 secula
1869 1670 2365 1739 permansurus
2413 1671 2509 1729 es,
2570 1670 2694 1718 nec
2744 1660 3011 1737 praeter
3058 1661 3128 1718 te
3168 1688 3174 1693 ·

580 1739 759 1809 alius
807 1751 910 1808 est
957 1743 1156 1808 Deus.
1212 1738 1394 1808 Illud
1436 1759 1591 1807 vero
1639 1760 1681 1807 a
1736 1749 1798 1808 te
1850 1737 2138 1828 supplex
2188 1749 2365 1828 peto,
2424 1749 2499 1806 ut
2544 1758 2704 1805 oum
2756 1736 3128 1826 patientiae

580 1829 815 1897 bravio
849 1839 1327 1897 consummata
1359 1826 1575 1908 fuero,
1630 1828 1884 1896 corona
1915 1840 2032 1896 tua
2058 1839 2270 1916 caput
2317 1847 2549 1895 meum
2598 1824 3010 1907 circumdes,
3046 1838 3126 1895 ut

583 1914 988 1988 certissimis
1041 1914 1400 2004 promissis
1439 1916 1576 1985 tuis
1601 1914 1862 1996 fruens,
1899 1937 2040 1990 una
2069 1937 2230 1985 cum
2281 1914 2491 1983 choro
2539 1926 2936 1983 sanctorum
2970 1925 3127 1982 tuo-

579 2026 762 2086 rum,
816 2006 937 2091 qui
988 2017 1263 2094 propter
1316 2018 1376 2073 te
1424 2003 1833 2092 martyrium
1882 2002 2421 2093 compleverunt,
2454 2003 2752 2091 hymnos
2802 2003 2924 2072 tibi
2957 2023 3124 2072 con—

580 2094 834 2164 cinam.
877 2122 900 2156 υ
955 2097 1145 2162 Tunc
1194 2092 1297 2160 illi
1346 2092 1680 2162 Dominus
1713 2091 2103 2181 respondit:
2160 2090 2406 2172 «Vade,
2453 2091 2573 2160 fiat
2619 2091 2767 2172 tibi,
2822 2092 3001 2160 sicut
3051 2103 3127 2160 tu

584 2182 886 2253 dixisti.»
937 2186 1084 2265 Quo
1132 2180 1390 2261 audito,
1445 2180 1763 2268 Aquilina
1804 2181 1997 2250 valde
2028 2180 2274 2249 laetata
2319 2191 2442 2249 est.
2498 2184 2686 2248 Tunc
2734 2179 2820 2248 ab
2869 2179 3126 2270 Angelo

521 2271 812 2352 educta,
894 2271 1078 2340 venit
1125 2269 1210 2339 ad
1261 2281 1526 2360 portam
1577 2269 1804 2338 urbis:
1860 2292 1993 2356 qua
2052 2269 2280 2339 statim
2346 2267 2827 2358 patefacta‚.in
2879 2268 3126 2337 urbem

485 2389 494 2396 ’
581 2361 802 2449 ipsam
854 2371 956 2428 est
996 2358 1327 2448 ingressa.
2118 2424 2130 2436 ,
2246 2413 2251 2420 .

621 2516 628 2521 ,
669 2451 705 2536 ὅ
760 2454 893 2522 11.
950 2447 1101 2518 Fuit
1148 2457 1377 2517 autem
1413 2446 1514 2516 illi
1564 2445 1704 2516 dux
1765 2445 2084 2536 Angelus,
2137 2445 2355 2516 donec
2403 2444 2490 2515 ad
2522 2445 2873 2516 Volusiani
2925 2466 3123 2535 prae-

582 2538 833 2607 torium
874 2558 1025 2606 eam
1076 2536 1293 2606 duxit;
1348 2537 1672 2620 Quicum
1708 2557 1747 2604 a
1778 2556 2021 2604 somno
2077 2535 2432 2615 excitatUS,
2474 2534 2664 2603 illam
2698 2547 2856 2604 ante
2885 2533 3125 2603 oculos

583 2648 744 2696 suos
777 2637 1068 2695 stantem
1121 2625 1424 2707 vidisset,
1480 2636 1761 2714 stupore
1813 2623 2179 2713 perculsus
2204 2637 2346 2692 est:
2400 2633 2466 2693 et
2514 2624 2743 2707 statim
2778 2622 3122 2710 quosdam

581 2714 844 2786 vocavit
889 2737 970 2783 ex
1019 2713 1104 2782 iis
1149 2713 1368 2800 quiin
1394 2714 1544 2803 ejus
1592 2711 1932 2803 praetorio
1983 2714 2453 2793 morabantur,
2494 2711 2763 2781 dicens:
2806 2711 3119 2790 «Videte,

565 2812 922 2891 'quaenam
964 2803 1129 2871 haec
1157 2803 1245 2873 sit
1269 2824 1445 2889 quae
1492 2815 1649 2870 ante
1682 2800 1919 2870 oculos
1961 2822 2149 2870 meos
2196 2801 2580 2871 consistit.»
2614 2805 2920 2886 Cumque
2953 2798 3123 2868 alla-

585 2893 671 2962 tis
720 2891 1130 2971 luminibus,
1185 2888 1377 2959 illam
1427 2890 1779 2972 vidissent,
1817 2888 2185 2971 dixerunt:
2225 2914 2260 2955 «
2286 2889 2586 2981 Profecto
2608 2889 2777 2958 haec
2804 2887 3129 2975 Aquilina

582 2991 707 3060 est,
739 3001 945 3065 quam
997 2991 1072 3048 tu
1119 2978 1411 3048 canibus
1458 2999 1688 3048 escam
1740 2977 1980 3068 projici
2025 2978 2370 3068 jussisti.»
2399 2983 2577 3047 Haec
2608 3000 2768 3047 cum
2819 2976 3127 3047 audisset

585 3066 985 3147 Proconsul‚
1038 3066 1250 3157 jussit
1306 3066 1497 3136 illam
1550 3067 1806 3136 servari
1860 3087 2082 3152 usque
2129 3066 2213 3135 ad
2256 3088 2328 3135 se
2378 3068 2605 3137 uentis
2643 3066 2779 3157 diei
2820 3079 3118 3155 tempus.

586 3156 779 3239 Quod
830 3178 990 3224 cum
1024 3155 1339 3237 venisset,
1383 3155 1596 3245 jussit
1645 3154 1832 3232 illam
1866 3154 2026 3224 duci
2056 3167 2212 3224 ante
2261 3154 2342 3225 tri
2399 3155 2588 3225 unal.
2625 3159 2787 3223 Eam
2826 3175 2996 3222 ,vero
3026 3151 3128 3221 af-

586 3246 796 3315 fatus:
854 3248 1125 3325 «Tune,
1162 3244 1407 3331 inquit,
1438 3265 1511 3313 es
1563 3243 1881 3330 Aquilina
1901 3246 1971 3310 T»
2002 3248 2171 3312 Tum
2226 3243 2343 3313 illa
2393 3242 2785 3333 respondit:
2835 3265 2871 3309 «
2902 3240 3126 3312 Scele—

587 3334 886 3403 stissime
926 3332 1154 3413 hom0,
1209 3345 1275 3402 et
1301 3332 1358 3402 si
1397 3331 1625 3401 cordis
1674 3332 1773 3402 tui
1826 3331 2057 3400 lumen
2106 3344 2538 3401 excaecatum
2571 3346 2671 3402 est
2708 3355 2747 3400 a
2828 3343 2968 3400 atre
3008 3343 3129 3400 tuo

584 3420 882 3502 diabolo,
920 3443 1007 3489 an
1057 3435 1122 3491 et
1169 3421 1516 3510 corporeis
1544 3420 1767 3490 oculis
1795 3441 1930 3489 non
1973 3420 2208 3489 vides?
2238 3425 2376 3511 Ego
2410 3443 2567 3490 sum
2603 3420 2769 3507 Aqui
2806 3421 2920 3488 ina
2948 3440 3129 3506 quae

588 3512 709 3581 tibi
759 3532 944 3580 nunc
994 3511 1332 3581 assisto.»
1374 3515 1544 3578 Tum
1595 3507 1966 3591 Proconsul
2018 3516 2232 3579 manu
2283 3531 2410 3579 sua
2468 3508 2705 3579 oculos
2760 3521 3008 3589 terenS,
3061 3519 3128 3577 et

587 3621 749 3690 prae
789 3611 1068 3689 stupore
1097 3620 1256 3668 cum
1300 3598 1655 3688 paulisper
1688 3596 2118 3677 obmutisset,
2161 3619 2395 3667 secum
2432 3597 2742 3667 dicebat:
2784 3598 2867 3666 si
2902 3596 3127 3686 ipsius

584 3689 943 3758 cerebrum
995 3687 1430 3758 combustum
1487 3699 1610 3768 est,
1676 3699 1741 3756 et
1794 3686 1998 3755 morti
2064 3686 2372 3776 subjecta
2427 3707 2563 3756 non
2621 3685 2807 3765 fuit,··
2845 3683 3127 3755 nullum

587 3778 800 3867 igitur
846 3775 1093 3845 deinde
1140 3775 1329 3846 aliud
1382 3785 1798 3846 tormentum
1848 3774 2072 3865 ipsam
2120 3775 2454 3864 attingere
2503 3775 2747 3865 poterit
2792 3773 2847 3841 ⁸.

672 3868 708 3953 ἓ
737 3870 885 3939 12.
920 3869 1099 3933 Haec
1132 3885 1291 3934 cum
1326 3863 1629 3946 dixisset,
1662 3863 2208 3943 sententiam,-ut
2233 3863 2456 3933 securi
2501 3873 2993 3953 percuteretur,
3026 3873 3130 3930 ta-

584 3954 718 4024 lem
757 3953 1254 4044 pronunciavit:
1289 3952 1723 4040 «Aquilinam
1766 3951 2106 4040 pessimae
2139 3951 2682 4022 Christianorum
2715 3962 2937 4021 sectae
2971 3971 3127 4041 pro-

587 4043 1090 4133 pugnatricem,
1146 4052 1312 4112 natu
1345 4040 1626 4128 quidem
1678 4039 2041 4120 minorem,
2097 4040 2215 4109 sed
2268 4039 2618 4111 veneficiis
2658 4053 2885 4110 tamen
2918 4059 3130 4130 gran-

588 4134 770 4211 dem,
829 4136 1326 4220 Imperatorum
1374 4129 1616 4201 edictis
1666 4127 2209 4219 religiosissimis
2256 4142 2682 4200 aversantem
2742 4127 3131 4218 deprehen-

587 4220 844 4301 dimuS,
899 4239 1119 4306 neque
1164 4218 1298 4289 diis
1345 4218 1800 4298 obedientem,
1864 4238 2085 4304 neque
2146 4219 2687 4307 Imperator-ibus
2748 4216 3132 4288 assentien-

591 4321 757 4379 tem:
811 4330 1021 4397 quam
1072 4329 1230 4377 cum
1282 4307 1520 4378 multis
1567 4304 2158 4376 admonitionibus
2192 4308 2418 4377 conati
2450 4307 2673 4377 simus
2719 4306 2806 4375 ab
2854 4303 3132 4374 insania

638 4436 664 4463 *
697 4436 915 4477 Pluribus
934 4434 1278 4485 Memphi-astes
1297 4444 1425 4477 more
1446 4442 1533 4476 suo
1555 4433 1762 4475 inventia
1783 4412 1906 4475 hunc
1923 4428 2173 4473 historiam
2192 4433 2451 4476 exornavit.
