3357 4995
206 307 436 374 JUMI
491 306 571 372 1¹4
1123 325 1201 371 ΒΕ
1250 325 1306 371 s.
1362 325 1609 374 msmo
1658 325 1885 374 meno
2562 307 2690 374 335

210 411 286 479 in
341 411 639 490 coelum,
694 409 825 479 ait:
863 432 903 480 (ι
939 409 1245 489 Domine,
1285 420 1360 479 tu
1389 409 1581 479 solus
1615 410 1744 480 hoc
1783 421 2129 500 praestare
2171 422 2385 500 potes.
2421 410 2553 493 Qui
2592 411 2779 481 enim

211 499 430 570 totius
479 497 724 568 mundi
775 498 1005 567 aufers
1032 510 1334 588 peccata,
1374 499 1579 569 etiam
1615 499 1829 589 hujus
1877 499 2091 570 unius
2124 500 2396 568 animae
2430 499 2617 569 haud
2649 500 2780 569 dif-

209 588 493 659 ficulter
543 599 732 679 potes
780 587 1055 656 abolere
1107 601 1409 677 peccata.
1464 591 1720 660 Omnes
1789 588 1976 679 enim
2039 587 2439 676 iniquitates
2509 598 2781 659 nostrae

210 678 403 767 apud
448 691 510 748 te
556 688 959 747 numeratae
989 688 1192 745 sunt:
1245 676 1719 747 misericordia
1751 689 1982 747 autem
2030 689 2149 747 tua
2182 699 2405 766 neque
2451 676 2814 747 dinume-·

209 768 388 848 rari,
444 788 664 855 neque
706 765 1148 855 pervestigari
1198 777 1437 855 potest:
1482 793 1507 830 n
1544 776 1749 853 atque
1796 765 1907 836 his
1954 764 2181 846 dictis,
2222 767 2432 837 intrat
2481 766 2551 835 in
2604 779 2778 836 tem-

210 854 439 944 plum,
495 869 737 925 tenens
784 876 1000 924 manu
1041 854 1388 934 chartam,
1440 857 1658 941 eaque
1696 856 1898 946 juxta
1945 854 2158 924 altare
2205 855 2552 946 deposita,
2620 877 2778 946 pro-

212 946 465 1014 sternit
530 965 641 1025 se,
698 964 988 1012 manens
1034 943 1106 1012 in
1158 964 1355 1033 prece
1405 943 1719 1043 pervigil,
1790 943 1902 1012 die
1948 964 2223 1031 quoque
2283 944 2600 1031 sequenti
2660 967 2782 1035 per

208 1055 418 1103 omne
451 1046 768 1103 sanctum
819 1031 1306 1113 ministerium,
1366 1053 1509 1101 Sive
1553 1044 1763 1103 totam
1812 1054 2082 1102 sacram
2132 1033 2517 1123 liturgiam,
2559 1038 2775 1104 Deum

209 1122 620 1213 deprecans
674 1121 930 1191 Deinde
960 1120 1416 1191 sacrosanctis
1463 1121 1828 1212 completis
1872 1121 2244 1210 mysteriis,
2284 1135 2479 1192 vocat
2508 1135 2769 1192 secreto

210 1211 301 1280 ad
343 1235 414 1282 se
466 1210 862 1291 foeminam,
924 1210 1166 1300 paucis
1194 1209 1583 1280 astantibus
1611 1232 1648 1279 e
1678 1211 1884 1287 clero,
1921 1209 2165 1298 illique
2190 1210 2501 1279 chartam
2542 1224 2775 1281 osten-

210 1299 412 1382 dens,
466 1301 602 1369 ait:
669 1298 1027 1369 Audistine
1075 1299 1352 1379 mulier,
1407 1299 1757 1369 neminem
1815 1321 2014 1389 posse
2056 1311 2336 1389 peccata
2395 1299 2768 1380 dimittere,

210 1388 348 1458 nisi
381 1389 606 1459 solum
643 1391 907 1457 Deum?
940 1392 1018 1456 Et
1046 1387 1190 1467 illa,
1241 1387 1509 1470 Audivi,
1562 1388 1814 1475 inquit,
1871 1411 1911 1458 o
1968 1388 2223 1470 senior,
2289 1402 2354 1458 et
2412 1400 2776 1477 propterea

210 1478 404 1547 oravi
452 1491 534 1547 te.
572 1489 651 1546 ut
681 1498 805 1566 pro
855 1497 964 1545 me
995 1476 1179 1566 apud
1233 1476 1964 1548 misericordissimum
2007 1481 2220 1548 Deum
2283 1477 2768 1546 intercederes.

208 1571 290 1636 Et
319 1566 430 1638 his
477 1565 704 1646 dictis,
760 1565 1031 1654 aperuit
1061 1565 1395 1646 chartam,
1451 1578 1516 1635 et
1541 1566 1818 1635 inventa
1851 1578 2013 1635 sunt
2046 1587 2329 1654 prorsus
2376 1565 2599 1635 deleta
2630 1587 2777 1644 orn-„

210 1657 354 1735 nia,
410 1665 679 1745 praeter
711 1676 935 1723 unum
998 1652 1171 1723 illud
1231 1653 1536 1724 immane
1586 1654 1956 1745 flagitium.
2000 1654 2195 1737 Quod
2261 1654 2383 1724 illa
2431 1675 2724 1724 cernens
2755 1710 2771 1735 ,

208 1755 647 1814 consternata
679 1754 803 1822 est,
842 1754 905 1812 et
939 1742 1307 1811 verberans
1340 1757 1580 1833 pectus
1631 1765 1838 1813 suum
1874 1743 2225 1824 manibus,
2258 1743 2345 1813 ad
2383 1742 2590 1834 pedes
2625 1744 2777 1833 ejus

207 1832 539 1923 collapsa,
576 1830 962 1901 clamabat:
1006 1831 1319 1900 Miserere
1377 1832 1509 1900 mei
1567 1853 1758 1901 serve
1805 1831 1923 1901 Dei
1970 1831 2345 1902 altissimi:
2411 1845 2476 1901 et
2524 1845 2601 1901 ut
2652 1853 2774 1922 pro

209 1921 498 1991 caeteris
555 1919 882 1991 omnibus
929 1919 1415 2006 iniquitatibus
1464 1921 1639 1990 meis
1693 1920 2044 2002 laborasti,
2101 1934 2168 1990 et
2227 1921 2596 1991 exauditus
2644 1943 2766 1991 es:

210 2011 312 2080 sic
348 2010 553 2080 etiam
610 2030 737 2098 pro
782 2009 910 2078 hac
959 2008 1349 2098 deprecare,
1384 2021 1449 2078 et
1500 2031 1785 2099 prorsus
1840 2009 2252 2080 abolebitur.
2322 2015 2490 2079 Lacr
2542 2021 2770 2080 matus

208 2113 312 2168 est
357 2112 585 2169 autem
637 2110 918 2167 sanctus
951 2098 1526 2188 Archiepiscopus
1578 2120 1740 2188 prae
1787 2099 2412 2186 commiseratione,
2515 2098 2773 2186 ixitque

211 2187 360 2256 illi:
402 2193 617 2277 Surge
667 2186 939 2267 mulier;
1015 2208 1175 2256 nam
1225 2199 1290 2256 et
1354 2207 1480 2276 ego
1529 2201 1845 2276 peccator
1893 2210 2097 2269 sum,
2156 2199 2222 2257 et
2273 2187 2445 2256 mihi
2496 2209 2773 2274 quoque

210 2297 390 2364 opus
435 2289 537 2346 est
583 2276 803 2346 venia:
855 2276 976 2363 qui
1072 2288 1301 2345 eccata
1333 2287 1471 2355 tua,
1503 2298 1584 2345 ea
1630 2297 1808 2365 quae
1857 2277 2093 2358 voluit,
2149 2275 2559 2357 obliteravit,
2618 2289 2769 2364 pot-

208 2376 315 2435 est
359 2364 586 2435 isthuc
632 2386 907 2452 quoque
940 2363 1028 2434 tol
1062 2386 1197 2446 ere,
1250 2365 1374 2451 qui
1418 2366 1662 2436 mundi
1709 2365 1929 2435 aufert
1980 2378 2286 2455 peccata,
2330 2364 2531 2433 modo
2580 2364 2777 2432 dein-

208 2475 373 2544 ceps
422 2475 645 2524 serves
698 2467 757 2525 te
819 2453 1200 2523 immunem
1261 2476 1302 2523 a
1348 2453 1576 2535 vitiis,
1631 2467 1697 2525 et
1745 2454 2064 2525 ambules
2126 2454 2196 2523 in
2250 2454 2379 2523 viis
2445 2453 2768 2524 Domini:

206 2542 394 2630 quod
443 2544 500 2612 si
531 2543 796 2624 feceris,
853 2565 987 2612 non
1023 2557 1291 2614 tantum
1327 2544 1524 2613 venia
1568 2544 1689 2615 tibi
1739 2544 2039 2625 dabitur,
2082 2543 2200 2615 setl
2243 2543 2451 2613 etiam
2497 2542 2775 2613 coelesti

208 2631 430 2722 gloria
462 2633 674 2723 digna
720 2633 879 2702 eris.
933 2638 1144 2723 Perge
1174 2646 1405 2702 autem
1447 2633 1530 2701 ad
1591 2655 1929 2712 eremum,
1987 2646 2053 2702 et
2100 2632 2410 2703 invenies
2458 2631 2604 2701 illic
2673 2631 2773 2699 vi-

209 2743 366 2790 rum
408 2735 751 2803 sanctum,
820 2722 1254 2808 maximeque
1300 2721 1637 2791 celebrem
1674 2777 1690 2803 ‚
1761 2722 2041 2792 nomine
2089 2722 2455 2811 Ephraem.
2527 2719 2637 2789 Illi
2685 2720 2775 2788 da

207 2810 545 2891 chartam,
580 2824 645 2880 et
682 2831 889 2881 orans
934 2809 1333 2880 conciliabit
1378 2810 1505 2879 tibi
1544 2810 1945 2880 Dominum.

297 2900 334 2986 ξ
397 2904 544 2971 31.
602 2898 730 2969 Illa
770 2921 1087 2990 surgens,
1121 2897 1434 2969 celeriter
1469 2899 1772 2989 profecta
1801 2914 1903 2969 est
1932 2900 2002 2968 in
2039 2899 2413 2979 desertum,
2468 2910 2535 2968 et
2566 2898 2775 2989 longa

208 2988 477 3057 viarum
529 2989 751 3079 spatia
782 2988 1135 3067 emetienS,
1177 2987 1261 3056 ad
1297 2988 1678 3058 indicatum
1713 2988 1849 3078 ipsi
1886 2988 2115 3059 locum
2164 2987 2402 3078 magni
2448 2986 2774 3057 eremitae

208 3078 540 3166 pervenit:
596 3077 1022 3167 pulsansque
1069 3077 1222 3167 ejus
1260 3076 1462 3159 foreS‚
1516 3078 1954 3169 clamitabat:
1992 3078 2307 3149 Miserere
2356 3078 2491 3146 mei
2541 3088 2775 3147 sancte

208 3165 349 3233 Dei.
403 3170 480 3234 At
530 3166 645 3235 ille
683 3167 829 3255 jam
875 3165 1210 3234 divinitus
1257 3165 1540 3237 edoctus
1586 3179 1754 3247 erat,
1791 3189 1932 3254 qua
1962 3171 2177 3236 causa
2222 3165 2513 3248 adesset,
2563 3164 2771 3234 dixit-

205 3275 342 3341 que
390 3254 539 3324 illi:
597 3254 879 3324 Discede
926 3277 967 3324 a
1016 3277 1126 3324 me
1197 3255 1472 3336 mulier,
1527 3256 1695 3342 quia
1754 3256 1961 3326 etiam
2012 3278 2138 3346 ego
2201 3255 2409 3324 homo
2458 3267 2774 3345 peccator

207 3365 391 3423 sum,
445 3343 684 3413 auxilii
733 3343 1037 3433 indigus.
1095 3342 1222 3413 Illa
1270 3366 1425 3414 vero
1466 3345 1753 3434 projecit
1800 3346 2137 3425 chartam,
2182 3344 2445 3414 dicens:
2499 3343 2771 3413 Archie-

208 3431 537 3523 piscopus
585 3433 882 3502 Basilius
922 3432 1111 3504 misit
1160 3453 1270 3501 me
1317 3433 1404 3502 ad
1436 3446 1522 3513 te,
1557 3447 1633 3503 ut
1680 3433 2063 3523 deprecans
2092 3434 2490 3514 Dominum,
2537 3430 2768 3500 deleas

204 3543 384 3608 quae
432 3523 499 3591 in
555 3522 682 3591 hac
730 3522 970 3592 charta
1002 3523 1263 3612 scripta
1312 3536 1513 3592 sunt:
1568 3534 1837 3592 caetera
1885 3544 2185 3609 namque
2233 3522 2383 3612 ipse
2417 3522 2565 3590 suis
2616 3541 2770 3610 pre·

206 3610 405 3681 cibus
468 3611 822 3702 expunxit.
876 3616 975 3681 Tu
1023 3611 1236 3701 igitur
1284 3611 1426 3680 noli
1500 3610 1877 3681 detrectare
1938 3611 2154 3680 unius
2201 3609 2527 3700 expiandi
2576 3608 2769 3678 labo-

207 3721 377 3781 rem,
418 3701 506 3770 ad
556 3713 619 3770 te
666 3701 853 3770 enim
908 3700 1120 3771 missa
1160 3721 1349 3768 sum.
1405 3704 1484 3769 At
1530 3699 1669 3769 ille:
1725 3706 2196 3787 Nequaquam.
2264 3698 2514 3786 inquit,
2574 3697 2766 3767 filia:

206 3787 323 3857 sed
372 3790 494 3874 qui
542 3790 613 3858 in
652 3789 890 3859 multis
925 3790 1146 3879 potuit
1174 3787 1447 3877 placare
1477 3790 1873 3870 Dominum,
1912 3787 2115 3857 etiam
2149 3788 2218 3855 in
2271 3788 2400 3857 hoc
2433 3809 2575 3857 uno
2608 3786 2770 3876 plus

204 3877 476 3965 poterit,
528 3889 734 3965 atque
781 3899 929 3968 ego,
984 3879 1108 3948 Abi
1158 3878 1388 3965 itaque
1420 3877 1569 3947 sine
1618 3899 1836 3958 mora,
1871 3889 1948 3945 ut
1985 3876 2212 3965 possis
2241 3898 2404 3946 eum
2455 3876 2770 3945 invenire

203 3966 672 4056 superstitem.
724 3969 1016 4056 Propere
1065 3967 1281 4058 igitur
1328 3967 1582 4038 mulier
1626 3966 1804 4036 redit
1838 3970 2263 4036 Caesaream:
2317 3965 2438 4034 sed
2473 3965 2642 4034 dum
2694 3964 2765 4032 in

203 4076 243 4123 o
297 4054 540 4144 pidum
589 4055 1000 4147 ingreditur,
1038 4056 1318 4126 obvium
1349 4056 1595 4125 habuit
1640 4054 1855 4125 funus
1885 4055 2107 4125 sancti
2141 4054 2293 4125 viri.
2348 4054 2579 4143 Coepit
2603 4075 2768 4211 ergo

203 4165 239 4211 c
268 4145 812 4227 amaremisere,
865 4158 931 4216 et
979 4168 1052 4221 se
1099 4145 1299 4216 humi
1333 4144 1664 4226 volutare,
1710 4144 2363 4232 querimoniamque
2402 4144 2653 4213 habere
2732 4164 2769 4210 e

204 4247 480 4303 sancto:
536 4239 685 4304 Heu
726 4255 857 4327 “les
914 4235 1265 4323 inquienS‚
1304 4234 1442 4304 heu
1489 4254 1599 4302 me
1648 4233 1973 4304 miseram
2023 4246 2260 4304 sancte
2317 4233 2458 4301 Dei.
2515 4232 2766 4301 Idcone

203 4323 285 4392 ad
335 4325 647 4393 eremum
698 4324 818 4392 me·
858 4324 1131 4403 misisti,
1176 4336 1252 4394 ut
1289 4322 1620 4393 liberatus
1668 4322 1798 4392 hac
1850 4322 2206 4401 molestia,
2264 4321 2429 4391 hinc
2478 4319 2763 4389 decede-

200 4414 355 4481 res?
402 4416 500 4480 En
550 4412 723 4481 nihil
778 4422 1169 4495 consecuta,
1209 4412 1498 4483 domum
1549 4410 1749 4493 redii,
1789 4424 1930 4482 tam
1966 4412 2171 4502 longo
2224 4412 2466 4480 itinere
2504 4409 2760 4478 frustra
