3357 4995
712 309 841 377 562
1369 325 1448 373 nn
1485 326 1542 374 s.
1594 325 1840 375 numo
1888 324 2147 374 uuum.
2197 322 2397 374 muse.
2803 305 3027 372 JUNII
3073 306 3166 371 25

701 413 740 500 §
784 415 931 484 1².
1007 414 1223 493 Quam
1272 408 1620 501 praeclare
1667 410 1880 502 igitur
1932 409 2020 480 de
2073 408 2421 500 mysteriis
2482 408 2753 479 Domini
2817 407 3163 480 Maximus

612 499 848 592 egerit,
901 496 1140 569 multis
1183 497 1335 589 ejus
1382 498 1796 569 concionum
1851 509 1919 569 et
1977 503 2416 570 Tractatuum
2473 496 2644 569 locis
2704 497 3156 589 perspicitur.
3201 503 3210 506 ’

614 587 742 660 Sed
790 597 857 659 et
916 586 1254 657 nonnulla
1297 587 1507 658 variis
1559 585 1646 658 (16
1705 588 1913 659 rebus
1974 587 2174 678 juvat
2216 609 2255 656 6
2313 585 2590 657 Maximi
2645 585 3008 678 sapientia,
3069 585 3165 655 ad

613 675 914 748 Lectoris
982 674 1537 747 commoditatem
1584 674 2010 766 depromere,
2079 675 2371 748 auribus
2414 674 2622 747 etiam
2670 673 2835 765 styli
2884 675 3162 767 magni-

611 765 891 837 ficentia
926 775 994 836 et
1039 775 1391 836 venustate
1420 777 1760 866 pergrata.
1790 763 1966 836 Audi
1984 786 2146 835 eum
2178 764 2526 857 Virginem
2562 762 2924 855 Deiparam
2958 785 3165 834 man-

615 875 747 926 nae
792 863 1331 944 comparantem:
1386 875 1508 923 «...
1538 874 1764 955 ipsam
1796 854 2080 925 Mariam
2102 853 2329 945 (Hom.
2358 851 2507 942 nv)
2534 873 2793 923 manna
2828 852 3158 936 dixerim,

611 942 777 1032 quia
823 952 926 1013 est
954 940 1255 1024 subtilis,
1307 939 1698 1033 splendlda,
1751 942 1984 1014 suavis
2029 954 2095 1014 et
2125 942 2342 1034 virgo;
2383 962 2564 1030 quae
2610 940 2823 1013 veluti
2866 939 3166 1014 coelitus

613 1031 896 1101 veniens
928 1029 1198 1101 cunctis
1256 1028 1720 1101 Ecclesiarum
1754 1052 1842 1123 po
1895 1031 2033 1102 ulis
2086 1030 2322 1102 cibum
2362 1029 2743 1101 dulciorem
2783 1029 2990 1100 melle
3036 1027 3165 1100 de·

612 1119 835 1202 fluxit,
885 1138 1090 1207 quem
1116 1118 1239 1206 qui
1271 1116 1695 1190 manducare
1725 1140 1858 1211 neg
1884 1120 2118 1202 exerit,
2151 1119 2360 1191 vitam
2396 1119 2469 1188 in
2501 1118 2869 1210 semetipso
2899 1118 3164 1190 habere

613 1229 751 1279 non
802 1207 1121 1300 poterit.»
1148 1206 1449 1279 Illustris
1485 1217 1666 1279 certe
1691 1206 1885 1279 locus
1920 1207 2008 1280 de
2032 1208 2339 1301 virgineo
2373 1207 2625 1278 Mariae
2661 1218 2891 1299 partu,
2929 1212 3156 1278 Serm.

610 1319 868 1368 mvn:
921 1318 959 1363 «
986 1294 1212 1366 Voluit
1258 1295 1611 1387 Virginem
1668 1298 1949 1388 parere,
2017 1308 2084 1368 et
2140 1295 2670 1368 obumbratione
2729 1296 3158 1387 majestatiS,

612 1384 808 1458 nullo
855 1383 1147 1475 virginei
1194 1382 1483 1475 pudoris
1519 1383 1800 1468 damno,
1835 1385 2141 1457 Christus
2169 1384 2501 1476 processit
2525 1407 2606 1455 ex
2631 1384 2866 1468 Maria,
2901 1397 2967 1455 et
2990 1385 3161 1455 inde

612 1484 716 1545 est
745 1472 932 1562 quod
958 1471 1232 1543 Philoso
1284 1472 1357 1543 hi
1383 1473 1704 1545 Gentium
1735 1473 2247 1565 prudentesque
2291 1474 2564 1557 mundi,
2598 1474 2723 1562 qui
2744 1473 2985 1545 omnia
3016 1473 3158 1545 sibi

664 1562 899 1653 ropria
944 1560 1181 1631 volunt
1277 1561 1720 1653 isceptatione
1750 1574 2084 1645 constare,
2120 1562 2291 1634 dum
2339 1573 2608 1633 terreno
2655 1583 2868 1633 sensu
2913 1561 3157 1633 divina

610 1585 1398 1750 Siscutiunt,sapientia
1436 1672 1563 1722 sua
1594 1649 2034 1742 desipientes,
2069 1649 2155 1722 ad
2189 1650 2693 1743 plenitudinem
2742 1672 2881 1722 non
2913 1672 3159 1741 perve-

613 1738 820 1810 niunt
864 1749 1190 1810 veritatls.
1252 1739 1384 1822 Qui
1428 1738 1610 1811 hanc
1649 1739 1863 1831 igitur
1907 1738 2251 1813 desudant
2294 1740 2550 1811 habere
2594 1738 2980 1811 doctrinam
3008 1796 3027 1823 ,
3077 1751 3163 1811 ut

613 1827 800 1917 quod
853 1827 990 1918 ipsi
1034 1825 1382 1898 advertere
1428 1840 1815 1916 nequeunt,
1870 1828 2168 1920 superbo
2214 1839 2558 1900 tumentes
2605 1827 2879 1919 spiritu,
2933 1833 3154 1899 Deum

612 1928 734 1988 aut
788 1937 925 1988 non
990 1926 1168 1986 recte
1215 1915 1384 1987 velle
1431 1929 1553 1987 aut
1598 1937 1736 1987 non
1838 1938 1993 1990 osse
2028 1916 2524 1989 contendunt.»
2573 1922 2654 1988 Et
2714 1917 2800 1988 de
2841 1917 3157 1988 humana

618 2016 685 2076 et
720 2003 1266 2105 humili-Christi
1315 2004 1661 2106 nativitate
1703 1939 1987 2097 (Hpomil.
2037 2028 2154 2077 xm
2193 2029 2207 2074 ε
2261 2028 2299 2073 ((
2330 2005 2547 2076 Hodie
2596 2006 2904 2078 Christus
2951 2006 3155 2077 Jesus

620 2097 816 2164 Dom.
861 2114 933 2163 n.
984 2114 1055 2162 m
1093 2113 1233 2181 quo
1277 2093 1664 2165 Divimtatis
1710 2105 1813 2166 est
1856 2094 2127 2185 plenitu
2178 2116 2241 2177 o,
2279 2094 2511 2165 carnis
2550 2107 2825 2166 nostrae
2869 2094 3153 2165 infirma

613 2181 1005 2273 suscipiens
1050 2202 1269 2270 novus
1317 2193 1521 2253 natus
1565 2193 1669 2254 est
1696 2181 1986 2254 homo...
2021 2183 2227 2267 Quod.
2249 2182 2308 2254 si
2341 2204 2674 2254 sensuum
2703 2194 2981 2254 tuorum
3007 2182 3150 2253 fra·

662 2269 899 2352 ilitate,
936 2270 1169 2341 minus
1199 2269 1493 2362 dignum
1540 2271 1831 2354 videtur,
1885 2270 2133 2342 Filium
2169 2271 2287 2341 Dei
2323 2282 2563 2343 natum
2605 2271 2692 2343 de
2719 2271 2980 2343 femina
3001 2294 3149 2343 cre-

613 2293 800 2441 gere,
834 2358 1182 2449 Virginem
1229 2359 1455 2451 cogita
1483 2359 1856 2451 peperisse.
1907 2359 1977 2430 Si
2016 2360 2142 2432 tibi
2182 2360 2418 2450 panni,
2471 2360 2732 2448 quibus
2780 2360 3146 2432 obvolutus

613 2458 739 2531 est,
777 2447 1063 2521 fortasse
1096 2446 1454 2531 vilescunt,
1497 2448 1789 2540 Angelos
1816 2447 2289 2520 collaudantes
2332 2460 2398 2520 et
2423 2448 2945 2522 multitudinem
2991 2471 3140 2521 coe-

615 2536 809 2607 lestis
839 2537 1175 2608 exercitus
1213 2536 1578 2609 admirare.
1616 2537 1686 2608 Si
1735 2559 2102 2630 praesepe,
2155 2537 2226 2608 in
2274 2559 2412 2627 quo
2458 2537 2691 2609 infans
2725 2538 2974 2630 Jacuit,
3033 2538 3147 2609 de-

614 2625 851 2717 spicis;
902 2625 1087 2715 erige
1183 2624 1517 2717 aullisper
1561 2626 1801 2699 oculos
1828 2639 1894 2698 et
1939 2647 2186 2698 novam
2226 2626 2298 2696 in
2346 2626 2535 2698 coelo
2580 2626 2876 2709 stellam,
2927 2639 3146 2718 prote-

614 2725 910 2785 stantem
941 2735 1110 2785 mun
1164 2735 1203 2784 o
1234 2713 1653 2785 nativitatem
1699 2714 2146 2798 dominicam,
2198 2717 2544 2787 contuere.
2599 2716 2668 2787 Si
2699 2715 2866 2787 vilia
2891 2713 3139 2798 credis,

612 2800 818 2873 crede
865 2802 1182 2873 mirifica.
1238 2803 1307 2873 Si
1338 2803 1423 2872 (16
1454 2802 1541 2873 iis
1559 2825 1739 2892 quae
1766 2802 2180 2879 humilitatis
2226 2816 2391 2874 sunt
2426 2803 2536 2874 dis
2587 2814 2767 2887 utas;
2799 2826 2978 2893 quae
3001 2804 3141 2875 alta

612 2902 777 2963 sunt
814 2905 882 2961 et
933 2890 1253 2961 coelestia
1296 2912 1642 2961 venerare.
1692 2891 1945 2962 Iisdem
1992 2891 2177 2963 enim
2225 2891 2537 2964 referenti
2594 2915 2704 2976 (ιε,
2760 2892 3146 2982 iisdemque

611 2978 1012 3051 auctoribus
1041 2979 1128 3050 (16
1173 2980 1459 3050 Domino
1505 2979 1885 3063 Salvatore,
1937 3002 2114 3068 quae
2167 2981 2464 3052 humilia
2508 2993 2575 3053 et
2617 3002 2796 3070 quae
2844 2980 3146 3072 gloriosa

611 3078 777 3139 sunt
821 3066 1148 3149 didicisti;
1192 3068 1514 3141 universa
1543 3089 1720 3157 quae
1766 3068 1853 3139 ad
1900 3068 2146 3140 salutis
2177 3082 2336 3140 tuae
2393 3070 2802 3161 mysterium
2845 3070 3141 3160 pertine-

616 3156 809 3239 bant,
848 3178 1042 3227 sacra
1090 3155 1215 3228 tibi
1243 3155 1610 3248 Evangelia
1642 3156 2116 3248 prodiderunt.
2168 3158 2393 3230 Habes
2425 3158 2497 3229 in
2527 3159 2637 3229 his
2681 3158 2872 3230 unde
2919 3158 3150 3229 Domi-

614 3266 787 3315 num
847 3251 1086 3346 Jesum
1135 3257 1200 3316 et
1245 3256 1482 3316 natum
1530 3244 1881 3317 hominem
1919 3247 2199 3329 credam,
2252 3259 2318 3318 et
2365 3252 2578 3318 Deum
2625 3269 2777 3319 esse
2830 3245 3148 3318 dubitare

614 3354 754 3404 non
843 3354 1091 3405 ossis»
2798 3393 2804 3399 .

700 3424 737 3510 ξ
782 3355 931 3496 ΕΒ.
985 3426 1074 3490 De
1122 3422 1467 3512 Baptismo
1515 3422 1800 3506 Christi,
1853 3422 2076 3510 deque
2122 3423 2567 3495 sanctificatis
2626 3423 2830 3513 aquis
2874 3425 3150 3518 egregie

491 3541 495 3546 =
612 3507 890 3582 disserit
933 3514 1127 3580 Hom.
1178 3532 1312 3581 xxn
1355 3532 1533 3598 quae
1570 3521 1673 3582 est
1719 3517 1784 3584 6.
1822 3512 2347 3613 deoEpg‘pkania,
2384 3534 2524 3602 quo
2553 3512 2703 3584 loco
2749 3512 2961 3585 etiam
3005 3513 3147 3606 agit

611 3596 697 3669 (16
744 3599 941 3669 stella
971 3599 1184 3691 Magis
1214 3599 1380 3683 visa,
1418 3599 1639 3688 deque
1671 3599 1932 3692 insigm
1966 3600 2301 3672 miraculo
2334 3622 2552 3690 aquae
2582 3602 2656 3670 in
2690 3601 2934 3673 vinum
2977 3625 3146 3673 con-

611 3708 868 3758 versae.
923 3711 959 3754 «
988 3693 1065 3758 In
1107 3687 1411 3776 quolibet
1441 3688 1717 3771 horum,
1753 3690 1996 3781 inquit,
2022 3689 2268 3761 salutis
2301 3702 2572 3763 nostrae
2619 3690 2952 3781 mysteria
2978 3712 3144 3761 con-

610 3775 916 3847 tinentur
943 3786 1009 3847 et
1054 3776 1333 3867 gaudia.
1374 3776 1581 3849 Nobis
1638 3777 1825 3847 enim
1871 3799 1954 3848 ex
1997 3777 2274 3870 Virgine
2315 3791 2519 3850 natus
2555 3789 2659 3850 est
2700 3779 2888 3868 quod
2940 3779 3137 3850 stella

611 3864 1041 3935 monstravit.
1084 3863 1292 3938 Nobis
1315 3887 1397 3935 ex
1424 3864 1768 3957 baptismo
1815 3864 2166 3938 lavacrum
2233 3888 2640 3940 concessum
2686 3879 2789 3939 est
2831 3867 3017 3957 quod
3075 3869 3146 3938 in

605 3954 931 4024 Jordanis
962 3953 1152 4024 alveo
1198 3954 1641 4026 consecravit.
1695 3959 1828 4027 Nos
1864 3976 2138 4045 quoque
2184 3955 2259 4026 in
2301 3956 2549 4028 melius
2596 3977 2744 4030 esse
2773 3956 3146 4028 mutandos

608 4042 836 4133 operis
881 4040 1219 4112 miraculo
1250 4043 1819 4134 praemonstravit
1846 4044 2126 4134 quando
2160 4066 2378 4134 aquas
2423 4046 2494 4114 in
2525 4044 2686 4115 vina
2722 4045 3141 4117 convertit...

606 4131 772 4220 quia
833 4153 955 4222 per
997 4131 1401 4202 universum
1463 4131 1808 4203 mundum
1870 4147 2377 4204 sacramentum
2441 4133 2768 4224 baptismi
2826 4133 3141 4206 humano

607 4220 843 4311 generi
874 4242 1051 4313 opus
1078 4231 1244 4304 crat,
1295 4220 1622 4292 omnibus
1666 4219 1869 4310 aquis
1898 4221 2442 4293 benedictionem
2491 4221 2702 4306 dedit,
2744 4223 3031 4310 quando
3072 4224 3145 4292 in

607 4309 930 4381 Jordanis
979 4308 1250 4380 alveum
1296 4308 1503 4379 unica
1531 4332 1611 4380 ac
1652 4310 1992 4401 singulari
2039 4311 2286 4403 pietate
2317 4310 2693 4382 descendit.
2725 4316 2918 4382 Tunc
2949 4311 3146 4382 Chri-

610 4409 796 4472 stum
830 4403 1022 4473 Dom.
1062 4420 1199 4470 non
1230 4398 1392 4471 lavit
1429 4397 1642 4484 unda,
1687 4421 1898 4488 quam
1929 4398 2067 4471 lota
2098 4411 2281 4471 est...
2317 4399 2533 4472 Hodie
2563 4398 2767 4473 etiam
2809 4399 3142 4473 invitatus
