3357 4995
242 317 461 383 JUNII
511 318 554 383 9
972 336 1052 383 nn
1100 336 1157 384 s.
1214 334 1482 383 mama
1529 336 1701 383 vinc.
1756 336 1832 383 nr
1878 337 2071 383 naar.
2589 320 2720 386 223

239 421 490 500 ejusque
533 421 895 500 martyrium
943 422 1004 482 in
1039 421 1331 484 catholica
1363 421 1626 484 Ecclesia
1661 422 2058 486 veneratione
2085 422 2485 485 celeberrima
2530 423 2814 501 frequen-

242 508 424 574 tetur,
472 500 643 564 vides
702 501 776 563 de
816 508 1014 564 sancta
1059 501 1241 580 hujus
1286 501 1551 579 virginis
1599 502 1944 566 innocentia
1988 510 2170 580 atque
2212 502 2376 564 felici
2421 518 2812 569 consumma·

240 580 411 643 tione
456 596 581 642 non
624 596 755 644 esse
801 579 975 643 nobis
1018 581 1174 644 ultra
1220 581 1508 644 relictum
1552 581 1909 660 ambigendi
1955 582 2180 645 locum.
2227 581 2386 661 Lege
2428 598 2578 660 ergo
2622 581 2814 663 Chry-

235 662 486 722 sostomi
550 659 698 722 duas
761 661 865 723 has
925 659 1202 739 Pelagiae
1245 660 1489 723 laudem
1532 663 1918 724 continentes
1959 662 2441 741 elegantissimas
2472 664 2806 726 orationes,

233 738 486 803 Videbis
530 740 593 802 in
638 747 838 802 sancta
884 739 1136 817 virgine
1180 739 1560 820 praeclarum
1604 741 1745 804 fidei
1792 742 2235 814 testimonium,
2265 742 2579 819 egregiam
2608 743 2806 805 animi
2853 796 2859 801 .

236 818 694 891 fortitudinem,
720 818 1195 899 inviolabileque
1215 819 1553 882 servandae
1575 820 1954 900 virginitatis
1986 819 2225 885 Christo
2255 820 2439 884 semel
2473 823 2810 901 promissae

240 900 636 978 propositum.
683 898 929 961 Utinam
971 906 1179 962 autem
1223 908 1286 962 et
1329 914 1459 972 noS,
1504 906 1563 962 et
1591 900 1968 964 christianae
2009 916 2223 964 omnes
2267 903 2558 980 virgineS,
2603 909 2808 966 tantae

241 978 378 1041 fidei
424 977 817 1057 proficiamus
858 979 1162 1057 exemplo.
1206 978 1376 1044 Vale.

845 1232 952 1333 IN
1021 1232 1439 1335 LAUDEM
1506 1234 1588 1334 S.
1664 1232 2179 1334 PELAGlAE

1025 1440 1195 1488 VIRG.
1231 1440 1307 1487 ΕΤ
1337 1440 1529 1487 uART.
1570 1438 2011 1487 AN'noanNAE

661 1581 988 1648 SERMO
1060 1582 1123 1647 S.
1194 1580 1608 1648 JOANNIS
1682 1580 2377 1648 CHRYSOSTOMI

867 1742 1007 1799 Sub
1049 1742 1197 1799 init.
1243 1742 1339 1798 IV
1384 1742 1644 1799 saeculi
1673 1770 1748 1779 —
1777 1742 1933 1798 Nat.
1977 1739 2164 1809 Syra.

318 1927 355 2012 ξ
403 1931 482 1999 1.
523 1924 869 1995 Laudetur
914 1937 980 1993 et
1026 1924 1323 1994 summis
1350 1925 1737 2014 praeconiis
1761 1924 2146 1994 celebretur
2175 1928 2376 2004 Deus,
2412 1923 2596 2011 quod
2634 1947 2790 1993 rnu-

233 2012 439 2083 lieres
486 2013 692 2083 etiam
744 2013 960 2102 ipsae,
1012 2012 1390 2101 quinetiam
1443 2013 1717 2104 puellae
1751 2025 2036 2083 mortem
2073 2024 2521 2083 contemnant
2566 2036 2646 2082 ac
2674 2014 2790 2083 de·

232 2102 528 2183 rideant,
593 2101 1036 2193 virginesque
1096 2101 1471 2171 admodum
1525 2101 2016 2181 adolescenteS‚
2086 2115 2152 2171 et
2213 2123 2309 2171 nu
2369 2102 2614 2170 tiarum
2668 2124 2783 2172 ex-

235 2202 485 2281 perteS,
552 2190 733 2259 ultro
783 2189 1162 2260 inferorum
1224 2190 1545 2264 stimulos
1594 2190 1954 2271 invadant,
2011 2212 2232 2277 neque
2282 2212 2320 2258 o
2417 2190 2485 2258 id
2556 2204 2781 2261 tamen

232 2279 500 2366 aliquid
536 2300 741 2369 grave
781 2280 1153 2380 patiantur.
1193 2280 1441 2349 Omnia
1497 2280 1663 2348 haec
1727 2279 1909 2348 bona
1964 2301 2083 2368 per
2145 2277 2489 2348 Christum
2548 2280 2776 2369 ipsum

230 2390 267 2437 e
316 2367 596 2458 Virgine
641 2381 950 2459 gemtum
1002 2367 1201 2438 nobis
1250 2367 1453 2437 allata
1504 2381 1690 2448 sunt,
1725 2367 2288 2454 quandoquidem
2321 2380 2472 2457 post
2503 2382 2780 2456 partum

233 2456 436 2527 illum
464 2468 529 2526 et
573 2470 803 2528 ortum
843 2456 1138 2526 maxime
1164 2455 1671 2537 admirabilem,
1706 2457 1945 2526 mortis
1979 2457 2155 2526 vires
2180 2455 2558 2528 dissolutae
2589 2469 2775 2538 sunt,

230 2559 294 2615 et
341 2545 601 2616 diaboli
642 2546 962 2636 potentia,
994 2547 1089 2614 ita
1122 2558 1437 2615 enervata
1485 2560 1608 2625 est,
1654 2559 1730 2614 ut
1776 2564 1919 2614 non·
1948 2568 1986 2614 a
2039 2546 2201 2616 viris
2240 2546 2492 2624 solum,
2548 2544 2662 2616 sed
2694 2546 2780 2616 ab

232 2635 403 2725 ipsis
452 2635 654 2703 etiam
709 2633 1120 2705 mulieribus
1169 2647 1671 2721 contemnatur,
1748 2656 1967 2720 neque
2018 2633 2431 2703 mulieribus
2473 2645 2768 2714 tantum,

231 2723 350 2793 sed
404 2723 501 2792 vel
555 2724 725 2813 ipsis
780 2723 1029 2812 puellis
1078 2723 1377 2792 ludibrio
1435 2722 1543 2790 sit.
1583 2722 2181 2804 Quemadmodum
2231 2723 2417 2791 enim
2473 2722 2780 2811 optimus

231 2811 485 2899 aliquis
522 2824 773 2901 pastor,
829 2834 988 2881 cum
1043 2811 1304 2880 leonem
1355 2832 1603 2901 pecora
1634 2811 1784 2900 ipsa
1833 2825 1897 2880 et
1944 2832 2220 2901 gregem
2262 2821 2480 2880 totum
2510 2822 2778 2879 vastan-

232 2913 369 2971 tem
421 2901 702 2990 ceperit,
770 2912 835 2969 et
884 2900 1104 2989 ipsius
1167 2900 1404 2971 dentes
1469 2898 1817 2976 evulserit,
1872 2914 2075 2986 atque
2121 2920 2396 2989 ungues
2457 2900 2771 2979 secuerit,

218 2989 607 3079 jubamque
658 2988 1048 3069 totonderit,
1086 2988 1289 3057 talem
1328 2988 1572 3070 reddit,
1605 3010 1812 3075 quem
1849 2988 1948 3058 vel
1981 3000 2335 3077 pastorum
2378 2987 2574 3077 pueri
2607 3009 2773 3057 con-

230 3088 541 3146 temnant
589 3100 668 3146 ac
716 3076 1095 3157 derideant,
1136 3076 1527 3166 puellisque
1575 3077 1904 3167 deinceps
1938 3075 2374 3145 illudendum
2412 3076 2645 3145 tradit:
2685 3078 2777 3146 ita

228 3179 292 3235 et
339 3165 652 3236 Christus
683 3166 853 3255 ipse,
890 3186 1047 3234 cum
1084 3177 1396 3248 mortem,
1436 3179 1724 3236 naturae
1774 3178 2044 3235 nostrae
2093 3178 2293 3235 antea
2343 3165 2769 3245 horribilem,

227 3266 292 3323 et
338 3266 558 3324 totum
610 3275 833 3343 genus
883 3253 1270 3323 humanum
1300 3254 1963 3343 perterrefacientem
1992 3254 2506 3344 expugnaverit,
2533 3267 2598 3322 et
2625 3275 2774 3323 om·

230 3364 383 3412 nem
435 3343 587 3432 ejus
645 3343 960 3412 timorem
1014 3341 1426 3423 dissolverit,
1482 3366 1631 3412 earn
1686 3342 2073 3433 virginibus
2133 3344 2337 3412 etiam
2391 3343 2575 3432 ipsis·
2612 3342 2774 3412 illu-

228 3430 526 3500 dendam
570 3430 878 3500 tradidit.

313 3523 350 3607 ξ
406 3524 496 3588 2.
552 3522 1012 3602 Quamobrem
1055 3531 1121 3587 et
1174 3520 1367 3589 beata
1412 3521 1601 3610 virgo
1661 3520 1931 3610 Pelagia
1983 3533 2169 3589 tanta
2217 3541 2376 3588 cum
2429 3518 2775 3609 voluptate

227 3608 310 3678 ad
348 3621 635 3679 mortem
672 3609 1004 3688 cucurrit,
1057 3619 1135 3677 ut
1191 3629 1412 3695 neque
1449 3608 1857 3678 carnificum
1911 3630 2161 3678 manus
2209 3608 2600 3697 expectarit,
2659 3630 2774 3677 ne·

223 3719 359 3784 que
425 3698 493 3766 in
535 3697 883 3787 judicium
950 3697 1262 3789 ingressa
1311 3696 1538 3776 suerit,
1614 3697 1732 3767 sed
1805 3697 2063 3786 proprii
2113 3697 2334 3766 animi
2396 3696 2652 3776 studi0,
2708 3709 2777 3766 et

225 3809 502 3856 summa
551 3786 906 3856 alacritate
948 3786 1224 3859 illorum
1279 3785 1632 3856 saevitiam
1696 3786 2153 3855 anteverterit.
2194 3789 2436 3854 Parata
2484 3798 2631 3854 erat
2685 3784 2772 3853 ad

222 3876 617 3954 cruciatus,
685 3887 1183 3962 tormentaque,
1236 3887 1301 3944 et
1345 3896 1549 3943 omne
1598 3874 2103 3964 suppliciorum
2155 3895 2376 3964 genus
2428 3873 2774 3964 perferen-

223 3964 431 4033 dum:
487 3963 606 4034 sed
674 3964 1018 4033 metuebat
1065 3977 1345 4045 tamen,
1412 3985 1496 4033 ne
1562 3963 1980 4064 virginitatis
2040 3984 2366 4033 coronam
2433 3963 2768 4053 perderet.

223 4054 396 4122 Hinc
446 4065 678 4122 autem
744 4052 995 4132 discas,
1060 4053 1432 4143 impiorum
1500 4052 1863 4121 hominum
1914 4050 2547 4142 intemperantiam,
2599 4050 2773 4120 Pela.-

223 4142 371 4231 giae
421 4141 677 4242 virgini
728 4142 1043 4212 timorem
1081 4142 1391 4212 attulisse
1437 4140 1623 4228 quod
1666 4140 1753 4209 ab
1803 4142 2257 4230 intemperata
2315 4140 2592 4209 illorum
2651 4139 2773 4207 ho-

221 4231 493 4301 minum
526 4231 786 4319 injuria
834 4231 1026 4322 virgo
1054 4253 1126 4299 se
1156 4230 1503 4301 submovit
1528 4252 1607 4298 ac
1639 4229 2045 4319 praeripuit.
2083 4229 2160 4298 Id
2190 4228 2371 4317 quod
2408 4251 2443 4298 e
2474 4228 2774 4297 marium

221 4339 514 4389 numero
565 4341 767 4389 nemo
818 4333 1016 4390 antea
1074 4319 1296 4389 facere
1345 4342 1383 4388 a
1435 4317 1729 4410 gressus'
1767 4318 1935 4388 fuit:
2003 4340 2248 4387 omnes
2295 4317 2481 4385 enim
2535 4317 2619 4385 ad
2663 4318 2778 4403 ju-

220 4406 483 4480 dicium
555 4422 1130 4490 accesserant,·et
1180 4408 1321 4478 illie
1397 4406 1844 4478 ortitudinem
1901 4429 2099 4476 suam
2175 4405 2642 4478 ostenderant.
2698 4406 2775 4471 At
