3357 4995
205 328 424 395 JUNII
472 328 557 394 25
929 345 1007 392 nn
1053 345 1110 393 s.
1164 344 1475 393 rennuunt
1524 343 1693 391 vinc.
1732 345 1807 391 nr
1854 345 2047 392 MART.
2527 326 2654 391 543

207 435 385 501 Deus
419 450 654 500 verum
688 450 860 510 esse,
907 427 1087 516 quod
1131 427 1307 498 dico.
1364 428 1513 497 Vidi
1548 428 1833 518 insuper
1871 428 2371 499 adolescentem
2425 426 2743 515 illamja-

206 531 470 589 centem
524 518 592 586 in
643 517 941 605 quodam
1005 538 1312 599 scamn0,
1375 530 1441 587 et
1490 529 1716 587 mente
1764 516 2126 608 perculsus
2180 515 2304 588 fui.
2360 516 2552 601 Quod
2603 516 2738 586 nisi

205 605 627 700 paupercula
654 619 721 680 et
747 606 950 696 inops
982 604 1174 687 foret,
1200 606 1482 696 dignam
1516 618 1695 675 certe
1718 605 2135 696 judicarem,
2165 627 2378 693 quam
2413 604 2742 677 dominus

204 718 404 766 meus
427 715 709 765 uxorem
736 693 1036 765 duceret.
1066 717 1106 761 »
1129 693 1224 764 Ad
1256 694 1423 764 haec
1440 693 1916 784 Lysimachus:
1946 717 1982 764 «
2005 694 2071 764 Si
2103 693 2453 774 mandata,
2488 693 2737 783 inquit,

205 784 424 854 habeo
459 783 700 854 matris
748 805 961 860 meae,
1015 804 1101 853 ne
1148 782 1694 854 Christianorum
1734 783 2144 874 sanguinem
2195 780 2573 864 effundam,
2618 782 2735 854 sed

204 872 483 943 illorum
511 872 780 942 amicus
827 872 1056 964 potius
1103 871 1262 952 sim,
1298 870 1645 960 quomodo
1693 883 1927 963 potero
1959 871 2206 942 Christi
2246 870 2522 961 sponsis
2570 872 2739 941 insi-

204 961 422 1032 diari?
460 960 738 1030 Minime
762 974 942 1031 certe
971 959 1039 1030 id
1081 959 1354 1031 faciam.
1395 960 1522 1031 Sed
1556 982 1838 1048 quaeso,
1879 960 2035 1030 illas
2067 960 2393 1050 accipias,
2432 972 2498 1030 et
2524 982 2563 1031 e
2593 982 2741 1031 mo-

204 1050 506 1123 nasterio
529 1048 809 1130 educaS,
846 1071 1224 1137 earumque
1254 1049 1351 1119 sis
1373 1063 1831 1131 conservator,
1868 1070 1953 1119 ne
1979 1048 2048 1118 in
2088 1048 2318 1141 patrui
2348 1048 2483 1119 mei
2515 1048 2739 1119 Seleni

201 1138 506 1210 crudelis
554 1137 866 1210 incidant
911 1159 1186 1209 manus.
1246 1162 1273 1202 ι

289 1230 329 1316 ἓ
374 1232 525 1301 16.
583 1233 772 1297 Tunc
815 1248 1002 1298 unus
1044 1226 1328 1314 quidam
1358 1248 1397 1297 e
1430 1247 1720 1297 numero
1769 1226 2228 1317 pessimorum
2260 1225 2584 1308 militum,
2618 1226 2742 1315 qui

200 1340 281 1388 ex
334 1315 747 1386 monasterio
780 1326 1131 1397 venerant,
1169 1336 1326 1384 cum
1379 1315 1715 1385 nonnulla
1763 1336 1844 1385 ex
1891 1314 2003 1385 his
2048 1314 2277 1387 verbis
2308 1314 2479 1385 sorte
2506 1314 2741 1386 audis-

202 1417 326 1486 set,
381 1404 690 1474 cucurrit
736 1403 819 1473 ad
860 1404 1204 1484 Selenum,
1242 1403 1441 1490 eique
1490 1404 1927 1495 significavit,
1959 1404 2302 1474 inventam
2333 1403 2545 1473 fuisse
2573 1403 2740 1473 ado-

200 1494 572 1565 lescentem
612 1491 985 1580 quamdam
1034 1493 1109 1561 in
1143 1491 1334 1562 illius
1373 1492 1566 1563 urbis
1616 1493 2030 1563 monasterio
2062 1491 2283 1562 forma
2330 1491 2527 1562 valde
2573 1492 2741 1563 insi-

200 1596 445 1674 gnem,
502 1579 586 1651 de
626 1580 830 1682 cujus
880 1581 1319 1650 matrimonio
1367 1582 1674 1651 Primum
1733 1581 2059 1652 Comitem
2121 1602 2284 1651 cum
2333 1580 2741 1671 Lysimacho

199 1692 430 1761 agere.
484 1668 755 1740 Audivit
789 1670 954 1740 haec
1004 1668 1313 1749 Selenus,
1370 1683 1435 1739 et
1465 1669 1693 1740 furore
1725 1671 2133 1752 concitatuS,
2186 1669 2376 1740 misit
2420 1670 2742 1748 custodes

199 1761 271 1830 in
325 1758 847 1838 monasterium,
912 1758 1033 1846 qui
1081 1780 1198 1827 eas
1261 1757 1585 1830 mulieres
1632 1771 2004 1842 servarent,
2058 1780 2145 1829 ne
2193 1756 2430 1848 fugam
2481 1759 2742 1850 arripe-

200 1860 396 1929 rent;
448 1859 513 1917 et
553 1846 780 1918 statim
820 1847 1034 1938 jussit
1080 1867 1451 1937 praecones
1501 1870 1621 1938 per
1665 1849 1909 1919 urbem
1957 1845 2250 1927 edicere,
2304 1847 2604 1918 crastino
2630 1848 2744 1917 die

201 1936 608 2007 Febroniam
661 1935 1071 2025 productum
1124 1936 1232 2005 iri.
1310 1940 1477 2005 Cum
1540 1937 1708 2007 haec
1756 1936 2181 2007 audivissent
2227 1934 2378 2022 ejus
2436 1935 2631 2007 urbis
2677 1948 2743 2006 et

197 2026 540 2096 finitimae
589 2025 889 2115 regionis
937 2024 1289 2105 homines,
1342 2047 1596 2116 magna
1642 2027 1947 2096 virorum
1997 2037 2063 2095 et
2113 2023 2485 2094 mulierum
2538 2026 2742 2095 turba

196 2114 286 2184 ad
337 2112 790 2203 spectandum
846 2114 1213 2184 Febroniae
1262 2125 1605 2184 certamen
1655 2114 2007 2185 confluxit.
2044 2118 2283 2183 Postea
2316 2134 2496 2193 vero,
2528 2135 2739 2201 quam
2811 2151 2814 2154 ·

196 2203 349 2272 dies
400 2202 672 2283 illuxit,
728 2216 1060 2273 venerunt
1127 2202 1377 2273 milites
1439 2203 1522 2272 ad
1593 2204 2127 2282 monasterium,
2181 2214 2246 2271 et
2293 2201 2639 2292 ingressi,
2704 2224 2745 2271 a

197 2312 488 2361 scamno
534 2290 653 2359 illo
702 2290 1105 2361 Febroniam
1140 2291 1620 2382 abripuerunt,
1658 2305 1724 2361 et
1756 2291 1994 2362 ferreis
2032 2289 2330 2360 vinculis
2366 2289 2545 2359 collo
2577 2289 2742 2360 ado-

197 2380 529 2450 lescentis
560 2379 862 2459 astricto,
914 2401 951 2449 e
1000 2381 1412 2450 monasterio
1462 2390 1957 2470 pertraxerunt.
1992 2383 2069 2448 At
2116 2379 2409 2449 Brienna
2456 2390 2520 2448 et
2568 2378 2743 2447 Tho-

193 2467 379 2539 mais
430 2468 832 2539 Febroniam
882 2468 1300 2559 complexae,
1358 2468 1788 2539 lamentabili
1835 2489 1995 2538 voce
2042 2466 2444 2549 clamanteS,
2500 2489 2737 2559 preca-

192 2560 460 2629 bantur
508 2558 783 2638 milites,
822 2570 899 2627 ut
948 2557 1302 2649 paulisper
1347 2557 1800 2628 concederent
1827 2580 1943 2628 eas
1967 2579 2129 2627 cum
2159 2556 2492 2627 Febronia
2525 2556 2736 2644 loqui.

194 2653 371 2718 Tum
427 2646 531 2716 illi
580 2645 800 2717 multa
848 2645 1323 2717 misericordia
1372 2647 1776 2717 Febroniam
1830 2668 2027 2737 prose
2078 2658 2320 2716 uentes
2348 2700 2364 2726 ,
2422 2645 2746 2735 permise-

195 2746 366 2807 runt
417 2734 640 2806 facere
685 2735 870 2823 quod
922 2735 1208 2825 petitum
1261 2735 1502 2805 fuerat.
1573 2736 1879 2822 Denique
1925 2757 2035 2804 am
2090 2756 2169 2805 ae
2215 2733 2375 2804 illae
2423 2733 2746 2804 mulieres

193 2823 482 2896 eosdem
535 2822 785 2894 milites
836 2824 1202 2914 rogabant,
1257 2837 1334 2895 ut
1382 2823 1613 2895 liceret
1657 2837 1724 2894 et
1770 2824 1941 2915 ipsis
2007 2823 2188 2893 idem
2239 2835 2584 2893 certamen
2632 2846 2748 2893 su-

190 2914 375 2996 bire,
429 2933 515 2983 ne
564 2913 897 2983 Febronia
922 2911 1068 2983 sola
1093 2912 1709 3000 derelinqueretur,
1741 2934 1908 2984 neve
1936 2910 2258 2982 destituta
2282 2910 2515 3000 aliquo
2543 2910 2747 2981 modo

192 3001 625 3073 formidaret.
684 3001 928 3072 Milites
978 3023 1135 3072 vero
1183 3001 1540 3083 dixerunt,
1594 3024 1666 3072 se
1714 3023 1853 3073 non
1902 3000 2117 3072 fuisse
2154 3001 2391 3091 jussos
2438 3011 2517 3070 ut
2563 2999 2739 3082 illas,

192 3091 317 3163 sed
376 3091 779 3161 Febroniam
832 3102 1099 3161 tantum
1150 3089 1237 3160 ad
1276 3090 1625 3180 judicium
1676 3089 2121 3161 adducerent.

281 3183 321 3268 ξ
371 3185 506 3254 1⁵2.
562 3184 941 3270 Coeperunt
990 3180 1202 3270 igitur
1248 3179 1567 3250 Thomais
1607 3192 1673 3250 et
1716 3180 2008 3251 Brienna
2039 3178 2297 3248 hortari
2340 3178 2744 3249 Febroniam

187 3282 255 3340 et
303 3268 762 3340 confirmare:
806 3289 1101 3355 quarum
1153 3268 1339 3359 prior
1397 3269 1693 3339 Brienna
1755 3267 1866 3338 his
1917 3268 2140 3338 verbis
2186 3289 2363 3338 usa:
2417 3290 2454 3334 «
2489 3273 2584 3336 En
2635 3268 2744 3336 in-

188 3360 368 3446 quit,
427 3356 576 3427 filia
625 3379 774 3427 mea
825 3356 1178 3437 Febronia,
1233 3357 1321 3427 ad
1359 3370 1706 3428 certamen
1758 3379 1944 3428 nunc
1968 3355 2338 3449 egrederis.
2372 3356 2740 3427 Considera

188 3448 567 3519 coelestem
619 3467 954 3537 sponsum
1005 3446 1403 3516 certaminis
1452 3447 1552 3515 tui
1599 3457 2049 3536 spectatorem
2097 3467 2269 3527 esse,
2308 3456 2376 3515 et
2423 3446 2743 3516 victoriae

184 3557 527 3608 coronam
582 3534 668 3605 ab
716 3534 1058 3626 Ange-licis
1106 3535 1429 3624 potentiis
1477 3534 1693 3605 teneri
1743 3535 1865 3605 tibi
1914 3533 2252 3615 dandam,
2304 3534 2366 3603 si
2420 3547 2745 3605 constans

184 3626 429 3697 fueris,
487 3624 657 3694 Vide
691 3645 777 3693 ne
825 3635 1162 3694 tormenta
1194 3644 1672 3715 expavescens,
1717 3622 1974 3694 diaboli
2024 3623 2150 3692 sias
2198 3621 2622 3692 ludibrium:
2658 3644 2746 3691 ne

184 3737 450 3806 corpus
516 3724 711 3783 tuum
774 3712 1001 3813 plagis
1047 3712 1375 3783 dilaniari
1421 3712 1707 3793 videnS‚
1763 3710 2236 3784 misericordia
2285 3709 2461 3781 illud
2511 3733 2743 3803 prose-

187 3804 456 3892 quaris.
497 3808 640 3872 Hoc
678 3823 890 3883 enim,
928 3800 1224 3872 velimus
1273 3801 1599 3883 nolimus,
1655 3801 1864 3892 paulo
1913 3812 2065 3892 post
2116 3798 2512 3890 sepulcrum
2562 3800 2745 3870 exci-

189 3892 356 3981 piet,
403 3893 577 3963 etin
630 3890 977 3981 pulverem
1019 3888 1365 3963 dissolvet.
1418 3895 1512 3959 En
1564 3912 1691 3981 ego
1739 3889 1809 3959 in
1861 3888 2276 3960 monasterio
2325 3889 2738 3969 lamentans,

191 3982 541 4051 nuncium
606 3979 887 4067 aliquod
936 3977 1021 4048 de
1071 3992 1171 4060 te,
1225 3979 1366 4049 sive
1413 3979 1721 4060 bonum,
1777 3979 1919 4048 sive
1967 3978 2228 4050 malum
2262 4033 2277 4059 ,
2344 3979 2738 4069 expectabo,

192 4069 325 4138 Sed
363 4069 475 4150 da,
581 4090 811 4149 uaeso,
866 4090 1171 4159 operam,
1226 4067 1371 4138 filia
1418 4090 1572 4138 mea
1620 4068 1977 4150 Febronia,
2008 4080 2085 4138 ut
2131 4065 2436 4138 faustum
2478 4066 2742 4155 aliquid

189 4156 280 4225 de
329 4169 394 4227 te
443 4180 535 4226 au
590 4158 752 4227 iam.
785 4158 1058 4227 Utinam
1108 4157 1283 4226 mihi
1322 4157 1576 4245 aliquis
1623 4167 1933 4247 optatum
1964 4156 2300 4228 nuncium
2330 4156 2589 4237 afferat,
2627 4161 2742 4224 Fe·

186 4245 516 4315 broniam
574 4245 865 4336 perfecte
918 4246 1248 4336 martyrio
1290 4244 1624 4327 functam,
1661 4256 1730 4316 et
1775 4246 1846 4315 in
1899 4252 2271 4336 Martyrum
2310 4266 2597 4315 numero
2627 4266 2744 4334 ag-

185 4346 560 4494 lgregatam
592 4334 829 4407 fuisse.
873 4360 898 4399 »
936 4334 1058 4407 His
1077 4334 1359 4418 auditis,
1382 4334 1716 4405 Febronia
1740 4335 2116 4426 respondit:
2143 4333 2432 4404 «Fidem
2460 4344 2583 4404 ets
2634 4353 2743 4401 em

240 4423 418 4495 abeo
483 4421 557 4491 in
621 4427 753 4493 Deo
809 4446 960 4495 meo
995 4480 1011 4507 ,
1081 4435 1298 4495 mater
1346 4423 1677 4507 Brienna,
1753 4423 1933 4507 fore,
2000 4437 2076 4495 ut
2146 4421 2565 4511 quemadmo
2616 4441 2737 4490 um
