3357 4995
180 332 407 404 JUNII
457 339 543 403 29
855 354 934 400 nn
981 350 1074 401 ss.
1128 350 1461 402 Arosrous
1512 350 1713 401 remo
1760 351 1839 400 m·
1875 354 2092 402 >muro
2523 338 2648 403 637

183 441 315 527 qui
350 440 521 510 salvi
563 439 839 510 fiebant.
896 442 1061 507 Cum
1098 460 1257 507 vero
1285 437 1465 508 duae
1494 437 1833 508 foeminae
1880 438 2346 528 ImperatoriS‚
2380 461 2556 527 quae
2584 439 2744 530 plus

184 550 408 615 quam
458 528 633 599 aliae
664 528 752 598 ab
789 549 870 598 eo
917 526 1410 627 diligebantur,
1465 526 1626 596 fidei
1675 527 2167 607 accessissent,
2220 540 2285 596 et
2341 528 2592 618 pudice
2640 529 2747 597 vi-

185 639 353 687 vere
400 618 823 698 statuissent,
867 637 1198 703 quoniam
1247 631 1393 685 erat
1441 614 2061 686 libidinosissimus
2111 621 2280 687 Nero
2329 628 2394 686 et
2441 617 2748 707 impudi-

185 705 547 788 cissimuS,
600 704 874 775 furebat
946 704 1278 774 adversus
1326 726 1603 773 omnem
1669 704 2084 786 Ecclesiam,
2152 705 2450 775 maxime
2513 718 2745 776 autem

188 798 476 864 Petrum
526 794 911 886 principem
961 792 1476 884 Apostolorum,
1524 808 1601 863 ut
1646 793 1769 880 qui
1818 792 2060 863 fuisset
2106 816 2316 864 causa
2368 794 2747 884 pudicitiae

190 883 352 972 ejus
400 883 861 953 foeminarum
928 903 1105 969 quae
1160 880 1596 952 crediderant
1666 883 1739 951 in
1814 882 2210 951 Dominum.
2284 883 2745 966 Quamobrem

195 994 361 1042 cum
411 973 517 1041 ira
574 994 787 1062 supra
836 971 1120 1041 modurn
1169 971 1644 1053 efferbuisset,
1700 970 1949 1061 capitis
1995 972 2412 1061 pronunciat
2473 985 2749 1042 senten-

196 1061 370 1130 tiam
434 1062 766 1130 adversus
831 1081 1070 1129 omnes
1117 1061 1239 1147 qui
1288 1061 1358 1128 in
1410 1060 1757 1129 Christum
1810 1073 2224 1149 sperassent.
2282 1065 2450 1130 Cum
2521 1063 2750 1149 itaque

196 1149 462 1220 milites
508 1171 750 1220 omnes
811 1149 1127 1238 protinus
1174 1149 1885 1239 comprehendissent,
1937 1170 2053 1218 eos
2108 1148 2468 1220 deducunt
2518 1149 2601 1219 ad
2656 1149 2753 1219 lo-

198 1260 365 1308 cum
417 1238 932 1321 damnatorum:
985 1250 1051 1307 et
1090 1237 1419 1307 Clementi
1452 1237 1734 1325 quidem
1770 1249 2088 1327 parcunt,
2133 1251 2210 1308 ut
2241 1239 2364 1326 qui
2411 1252 2589 1309 esset
2637 1261 2751 1308 co-

200 1340 457 1417 gnatus
498 1327 845 1397 Caesaris:
900 1325 1355 1397 Herodionem
1387 1339 1615 1396 autem
1665 1338 1732 1396 et
1760 1325 2150 1416 olympam,
2204 1349 2343 1397 una
2394 1350 2552 1397 cum
2609 1350 2753 1397 ma—

203 1438 346 1506 gna
396 1415 842 1485 multitudine
889 1414 1120 1506 gladio
1151 1415 1574 1505 subjiciunt:
1628 1421 1904 1484 Petrum
1954 1437 2112 1484 vero
2160 1415 2360 1484 illum
2412 1438 2749 1508 magnum

200 1505 475 1574 Domini
524 1502 999 1595 Apostolorum
1050 1505 1398 1575 inversum
1460 1505 1659 1574 Cruci
1715 1503 2028 1594 affigunt.
2086 1504 2545 1586 Quamobrem
2590 1528 2751 1576 cum

202 1616 284 1663 ex
325 1593 538 1664 clavis
587 1593 882 1674 doloreS,
920 1593 1239 1663 similiter
1271 1603 1477 1678 atque
1524 1593 1836 1663 Christus
1881 1598 2054 1663 Deus
2091 1606 2344 1673 noster,
2390 1594 2539 1684 ipse
2587 1615 2752 1682 quo·

209 1704 348 1769 que
381 1682 849 1761 sustinuisset,
908 1704 1154 1772 puram
1189 1693 1254 1750 et
1283 1682 1801 1751 immaculatam
1829 1703 2025 1751 suam
2056 1683 2364 1751 animam
2397 1683 2467 1752 in
2503 1704 2754 1753 manus

206 1772 326 1840 Dei
376 1771 683 1862 deponit.
728 1769 1040 1840 Clemens
1086 1783 1313 1840 autem
1355 1771 1506 1860 ejus
1554 1769 1947 1861 discipulus
1994 1783 2060 1839 et
2120 1772 2539 1861 Episcopus,
2592 1794 2752 1841 cum

203 1860 503 1930 maxime
561 1857 1031 1929 venerandum
1092 1871 1158 1928 et
1222 1873 1539 1928 sanctum
1603 1861 1755 1949 ejus
1825 1881 1942 1928 cor
1995 1882 2080 1929 us
2140 1860 2508 1950 magnifice
2563 1882 2753 1931 com-

208 1949 555 2038 posuisset
586 1948 671 2017 ad
733 1946 1233 2038 sepeliendum,
1287 1948 1359 2016 in
1410 1947 1557 2017 loco
1596 1948 1858 2048 insigni
1964 1948 2260 2038 eposuit.
2316 1949 2443 2019 Sed
2487 1949 2570 2019 de
2617 1950 2756 2019 vita

205 2037 488 2124 quidem
530 2050 596 2107 et
645 2036 1175 2127 praedicatione,
1228 2047 1294 2106 et
1350 2036 1487 2105 fine
1537 2059 1775 2126 magni
1809 2036 2285 2127 Apostolorum
2320 2039 2523 2119 Petri,
2585 2038 2756 2108 huc-

203 2148 428 2214 usque
477 2126 640 2195 sita
701 2125 901 2195 nobis
962 2125 1226 2195 dictum
1277 2125 1590 2194 breviter.
1646 2130 1930 2196 Necesse
1984 2137 2086 2196 est
2147 2138 2377 2195 autern
2432 2126 2517 2195 de
2563 2126 2750 2196 claro

207 2237 482 2301 quoque
530 2228 594 2283 et
643 2216 838 2284 beato
887 2214 1202 2305 Apostolo
1250 2214 1481 2295 Paulo,
1535 2214 1883 2301 quomodo
1933 2214 2334 2304 poterimuS,
2389 2214 2639 2285 dicere.

297 2306 334 2389 ξ
382 2307 532 2374 m.
588 2309 878 2395 Magnus
908 2324 1070 2393 ergo
1104 2316 1170 2372 et
1224 2304 1465 2373 beatus
1505 2303 1777 2372 Domini
1826 2302 2188 2392 Apostolus
2244 2302 2548 2383 Paulus,
2613 2316 2759 2373 erat

208 2393 358 2481 ipse
388 2413 664 2479 quoque
710 2391 1061 2461 Hebraeus
1107 2391 1386 2479 quidem
1439 2414 1710 2492 genere,
1763 2414 1842 2460 ex
1893 2391 2078 2461 tribu
2110 2402 2336 2460 autem
2363 2392 2750 2551 Benjbamin,

213 2480 420 2551 claris
481 2493 686 2551 natus
733 2480 1160 2571 parentibuS,
1215 2481 1477 2550 haeresi
1542 2480 1977 2562 Pharisaeus,
2032 2480 2385 2551 ascribens
2446 2481 2502 2553 si
2559 2482 2580 2551 i
2638 2504 2759 2574 pa-

216 2571 414 2640 triam
465 2576 751 2641 Tarsum
802 2570 1145 2640 civitatem
1214 2569 1485 2640 Ciliciae
1552 2570 1685 2639 sub
1734 2582 2172 2661 praeceptore
2228 2571 2625 2652 Gamaliele,
2680 2572 2757 2641 in

212 2657 360 2749 lege
399 2660 603 2731 Mosis
652 2659 1016 2750 insigniter
1063 2658 1403 2740 erudituS,
1442 2659 1696 2728 ardens
1731 2680 2002 2729 morum
2084 2672 2482 2728 aternorum
2516 2682 2755 2729 aemu-

215 2747 411 2828 lator,
463 2749 585 2836 qui
635 2770 675 2816 a
723 2748 1016 2838 pueritia
1064 2753 1418 2818 Romanus
1467 2749 1841 2818 vocabatur
1888 2752 2024 2817 Sau
2056 2769 2162 2817 us.
2215 2750 2759 2836 Persequebatur

208 2849 436 2906 autem
484 2850 551 2907 et
600 2837 1062 2926 populabatur
1125 2836 1239 2905 Dei
1300 2836 1675 2906 Ecclesiam
1728 2858 1849 2927 per
1908 2837 2396 2928 ignorantiam.
2453 2842 2754 2920 Quamo-

211 2926 406 2996 brem
455 2926 514 2995 ei
566 2937 760 3016 grata
824 2937 969 2996 erat
1016 2925 1393 2996 interfectio
1442 2925 1772 3016 Stephani
1823 2925 2027 3012 primi
2093 2925 2458 3014 Martyris,
2515 2939 2589 2995 ut
2636 2927 2757 3013 qui

214 3014 554 3097 omnium,
607 3014 729 3102 qui
779 3013 1046 3116 lapides
1093 3013 1165 3083 in
1214 3037 1373 3084 eum
1413 3015 1763 3104 jacebant,
1831 3014 2213 3104 susceperit
2261 3025 2478 3084 vestes
2530 3027 2758 3085 custo-

214 3102 527 3183 diendas,
582 3116 661 3173 ut
709 3102 796 3172 ad
845 3103 1037 3173 illius
1091 3103 1371 3173 caedem
1420 3104 1736 3174 omnium
1781 3103 2107 3173 manibus
2168 3113 2499 3173 uteretur.
2551 3109 2758 3173 Porro

215 3204 442 3261 autem
492 3191 764 3282 primus
795 3213 1070 3280 quoque
1100 3193 1363 3280 ubique
1409 3192 1646 3262 aderat
1675 3214 1837 3263 cum
1887 3191 1974 3262 iis
2021 3193 2143 3279 qui
2174 3192 2530 3283 agitabant
2577 3192 2760 3262 sedi-

216 3280 492 3361 tionem,
551 3279 839 3352 studens
891 3281 1243 3353 destruere
1341 3282 1739 3351 raeconium
1790 3280 2086 3371 pietatis:
2160 3281 2515 3368 multaque
2561 3293 2762 3351 erant

214 3381 279 3438 et
318 3389 593 3459 magna,
646 3390 825 3456 quae
871 3370 958 3439 ab
1001 3371 1152 3460 ipso
1206 3304 1465 3441 flebant
1510 3370 1844 3441 adversus
1876 3369 2295 3441 Ecclesiam:
2348 3382 2415 3439 et
2461 3369 2637 3439 nihil
2696 3370 2761 3439 ei

214 3458 297 3528 ad
335 3479 682 3527 summam
714 3458 948 3529 deerat
995 3458 1367 3528 insaniam.
1412 3463 1490 3529 In
1539 3460 1669 3529 hoc
1703 3459 1890 3528 enim
1943 3460 2261 3550 pietatem
2302 3480 2640 3541 exercere,
2693 3471 2761 3529 et

218 3569 288 3616 se
330 3545 678 3636 praeclare
717 3569 951 3636 gerere
998 3547 1486 3628 arbitrabatur,
1552 3548 1733 3618 sicut
1781 3548 1929 3639 ipse
1973 3548 2235 3632 ,fatetur
2285 3548 2353 3617 in
2409 3547 2755 3638 EpistoliS,

217 3647 280 3706 et
310 3639 527 3705 Lucas
564 3635 769 3707 refert
803 3636 870 3704 in
925 3636 1105 3707 libro
1128 3637 1251 3723 qui
1282 3636 1688 3707 inscribitur
1716 3640 1921 3707 Actus
1951 3642 2000 3706 A
2049 3637 2452 3708 ostolorum.
2492 3637 2759 3707 Etenim

219 3746 355 3793 non
406 3724 629 3796 solum
683 3724 765 3807 is,
819 3724 1166 3813 quomodo
1220 3725 1423 3796 multi
1466 3726 1747 3808 Judaei,
1801 3724 1959 3797 odio
2061 3726 2309 3797 abebat
2371 3738 2438 3796 et
2493 3748 2762 3798 aversa-

216 3812 419 3884 batur
465 3813 915 3904 praeconium
949 3815 1243 3906 pietatiS,
1293 3814 1411 3886 sed
1461 3816 1669 3885 etiam
1698 3815 2026 3885 ma'orem
2076 3815 2286 3887 totius
2326 3814 2555 3905 gentis
2586 3816 2760 3886 iram

222 3902 632 3990 provocabat
679 3902 1012 3974 adversus
1058 3925 1175 3974 eos
1203 3904 1327 3991 qui
1373 3905 1437 3973 ei
1487 3904 1808 3973 ministra
1859 3915 2000 3973 ant.

307 3992 344 4076 ἓ
390 3996 537 4064 13.
590 3997 962 4081 Postquam
1011 3994 1198 4062 enim
1234 3992 1303 4061 id
1338 3992 1509 4062 vidit
1555 4006 1835 4083 repente
1865 3991 2243 4073 refulsisse,
2273 4005 2341 4062 et
2370 3991 2534 4063 fidei
2569 4014 2765 4084 prae-

228 4098 430 4146 cones
476 4082 774 4151 evasisse
813 4081 1023 4151 minis
1055 4082 1469 4175 superiores,
1516 4081 1979 4152 aemulatione
2006 4082 2307 4172 percitus
2353 4094 2420 4150 et
2467 4094 2657 4152 ratus
2691 4103 2764 4151 se

226 4166 520 4237 maxima
566 4169 747 4240 affici
782 4170 1067 4262 injurie,
1112 4171 1170 4241 si
1220 4171 1667 4260 praeconium
1703 4170 1986 4258 quidem
2027 4193 2151 4262 per
2195 4171 2594 4241 universam
2629 4183 2763 4239 ter-

226 4274 371 4354 ram
420 4254 945 4343 diffunderetur,
987 4281 1360 4350 praecones
1408 4273 1638 4330 autem
1696 4271 2210 4349 persecutorum
2266 4258 2765 4350 parvifacerent

227 4343 636 4432 periculum,
689 4370 894 4418 omne
963 4347 1271 4419 studium
1327 4348 1683 4430 adhibuit,
1751 4360 1829 4419 ut
1874 4347 2001 4418 hos
2058 4347 2339 4436 quidem
2391 4347 2475 4418 de
2537 4346 2763 4417 medio

226 4430 506 4515 tolleret,
545 4432 718 4505 illud
768 4458 926 4508 vero
976 4438 1371 4520 retardaret,
1416 4461 1495 4509 ac
1531 4437 1957 4529 reprimeret.
2012 4436 2472 4521 Quamobrem
2520 4458 2682 4507 cum
2722 4458 2765 4506 a
