3357 4995
241 296 413 361 mn
460 298 483 361 1
892 315 949 360 Β.
1005 306 1294 363 annnam
1343 316 1421 362 nn
1469 313 1617 362 cmo
1667 315 2036 364 mmmmm
2578 300 2645 362 11

244 394 385 479 quod
423 393 754 485 genitales
803 406 1031 484 partes
1079 394 1464 485 fragmento
1514 393 1639 464 lini
1697 396 2231 487 obtegebantur3
2276 396 2501 466 exarsi
2547 396 2747 485 cupi-

238 483 404 552 ditate
449 483 958 565 descendendi,
1016 484 1385 574 tangendi,
1439 482 1808 555 osculandi
1858 485 2100 574 pedeS,
2156 506 2445 563 manus,
2501 484 2748 555 faciem

229 573 414 660 praeci
469 573 544 642 ui
591 572 1109 662 martyri5‚‚nec
1170 584 1435 643 tantum
1490 572 1622 642 loci
1671 572 2090 653 humiditaS,
2145 573 2748 661 descendendique

226 659 425 729 difficu
455 674 605 741 tas,
670 674 1007 747 quantum
1072 662 1279 731 verba
1385 661 1717 750 resbyteri
1782 662 2135 743 custodis,
2198 675 2264 732 et
2323 684 2480 752 spes
2552 684 2752 752 posse

228 748 282 817 id
326 748 490 820 alias
540 749 977 821 commodius
1024 748 1270 831 facere,
1373 751 1795 819 etinuerunt.
1854 751 2234 820 Consilium
2285 750 2536 819 deinde
2584 751 2751 820 inivi

223 860 359 907 cum
409 837 832 928 presbytero.
876 844 951 909 N.
996 837 1178 908 furto
1210 840 1372 909 inde
1405 845 1693 909 Romam
1736 838 2067 927 reliquias
2099 839 2258 908 illas
2289 839 2554 909 deferre
2587 861 2748 909 san-

221 938 365 1007 ctas,
417 948 665 1013 resque
700 928 847 1016 jam
900 924 1407 998 ordinabatur:
1461 927 1581 997 sed
1632 929 1906 1011 nescio‘,
1962 927 2310 1016 quomodo
2360 927 2476 997 ille
2525 928 2750 997 deter—

221 1015 398 1095 ritus,
443 1016 857 1085 sententiam
907 1016 1255 1105 fidemque
1306 1018 1601 1087 mutavit
1648 1038 1872 1087 suam.

292 1107 325 1191 §
366 1110 517 1177 12.
574 1110 710 1194 Ego
757 1127 916 1173 cum
966 1105 1129 1174 inde
1177 1106 1445 1176 decimo
1495 1117 1733 1175 octavo
1785 1105 2006 1175 Martii
2043 1105 2155 1176 die
2185 1104 2568 1186 solvissem,
2610 1117 2746 1174 sta-

220 1192 325 1260 tim
374 1195 600 1283 primo
648 1193 782 1275 die,
838 1193 978 1263 imo
1026 1195 1095 1263 in
1148 1195 1165 1263 i
1223 1217 1301 1264 sa
1349 1194 1660 1264 solvendi
1711 1194 1927 1274 hora,
1985 1215 2123 1263 non
2176 1195 2246 1262 in
2299 1215 2592 1283 parvum
2643 1194 2751 1262 in-

218 1280 337 1349 cidi
373 1280 767 1438 periculum
817 1304 975 1352 cum
1027 1217 1286 1355 nimssis
1345 1297 1583 1353 contra
1631 1283 1989 1364 flantibuS‚
2037 1283 2247 1370 inque
2302 1304 2464 1351 saxa
2504 1304 2748 1351 navem

217 1371 369 1459 depe
401 1368 728 1441 lentibus.
800 1369 1170 1460 Imploravi
1220 1372 1449 1441 subito
1497 1372 1823 1461 martyris
1872 1370 2237 1452 auxilium,
2293 1371 2744 1461 promisique‚

217 1458 268 1526 si
309 1459 387 1527 ad
437 1480 633 1528 meos
673 1464 962 1528 Romam
1016 1461 1387 1531 incolumis
1436 1461 1856 1541 devenirem,
1913 1461 2330 1550 martyrium
2369 1460 2533 1548 ejus
2554 1482 2746 1529 sum-

216 1548 433 1616 matim
486 1548 729 1617 Latina
779 1548 1021 1639 lingua
1058 1571 1167 1618 me
1199 1550 1788 1639 conscripturum.
1825 1550 2026 1618 Evasi
2056 1549 2271 1619 maris
2300 1560 2366 1617 et
2400 1533 2748 1618 latronum

216 1636 532 1734 pericula,
573 1635 900 1723 quodque
949 1638 1290 1708 miraculo
1337 1652 1463 1719 est,
1502 1660 1709 1708 senex
1748 1649 2207 1728 aegrotusque
2255 1637 2419 1706 hinc
2469 1638 2745 1717 recessi,

209 1725 432 1811 junior
479 1748 838 1812 sanusque
885 1748 964 1795 ac
1014 1728 1232 1797 multo
1281 1727 1628 1798 robustior
1666 1728 1990 1807 remeavi,
2031 1749 2157 1795 nec
2207 1727 2421 1795 maris
2452 1726 2755 1796 fluctua-

217 1813 318 1893 tio,
369 1835 497 1883 nec
551 1829 889 1885 terrarum
922 1815 1168 1885 itinera
1216 1816 1514 1886 nimium
1551 1838 1818 1917 aspera,
1871 1838 2049 1903 quae
2097 1838 2136 1884 a
2184 1815 2578 1884 Brundusio
2622 1820 2755 1884 Ro-

214 1923 379 1970 mam
420 1904 706 1974 aestatis
755 1916 1059 1993 tempore
1093 1907 1507 1994 perducunt,
1553 1905 1729 1973 mihi
1775 1904 2171 1974 obfuerunt.
2225 1909 2373 1973 Huc
2421 1925 2579 1973 vero
2630 1903 2750 1971 de-

217 1990 403 2071 latus,
460 1992 793 2081 martyris
831 1993 1112 2079 quidem
1167 2016 1554 2082 numquam
1606 1993 1707 2064 fui
1767 1993 2060 2074 oblitus,
2105 1992 2225 2063 sed
2285 2004 2482 2063 nocte
2521 2014 2601 2061 ac
2641 1991 2754 2060 die

215 2101 355 2149 cum
397 2082 557 2171 ipso
604 2080 728 2161 fui,
782 2082 933 2171 ejus
980 2084 1317 2157 memoria⁴
1362 2083 1666 2164 fruebar,
1703 2096 1909 2170 atque
1946 2081 2169 2152 oculis
2203 2083 2512 2173 aspicere
2549 2091 2751 2171 puta-

212 2170 376 2265 bam,
410 2192 556 2239 non
586 2169 810 2240 solum
852 2170 1230 2251 dormiens,
1267 2193 1505 2242 verum
1539 2172 1746 2241 etiam
1781 2171 2099 2261 vigilanS,
2129 2172 2478 2261 jacentem
2512 2171 2748 2260 ipsum

217 2264 275 2325 m
322 2260 673 2349 sepulcro.
727 2260 1213 2330 Promissionis
1255 2274 1486 2330 autern
1536 2282 1732 2329 meae
1780 2282 2172 2348 numquam
2223 2260 2399 2328 mihi
2447 2259 2632 2328 venit
2679 2257 2752 2325 in

217 2361 531 2428 mentem,
591 2347 728 2416 nisi
770 2360 921 2438 post
955 2371 1174 2420 annos
1221 2349 1422 2430 duoS,
1479 2349 1648 2419 dum
1701 2349 1973 2439 Georgii
2022 2349 2352 2436 martyris
2416 2347 2756 2416 memoria

218 2435 621 2507 celebratur.
694 2441 861 2508 Nam
921 2459 1084 2508 cum
1140 2459 1220 2508 ea
1281 2438 1393 2508 die
1447 2438 1817 2509 recolerem
1868 2438 2140 2529 Georgii
2207 2436 2526 2518 doloreS,
2579 2456 2754 2523 quos

217 2523 321 2593 ille
378 2549 505 2617 pro
574 2526 839 2596 Christo
902 2527 1191 2597 Domino
1248 2540 1481 2597 nostro
1549 2528 1810 2608 subiit,
1866 2526 2024 2596 ilico
2074 2527 2373 2625 pupugit
2440 2524 2757 2593 animum

216 2613 692 2700 promissionis
754 2617 1111 2685 memoria.
1172 2621 1304 2686 Nec
1361 2617 1545 2691 enim
1598 2618 1871 2686 minora
1919 2615 2231 2684 toleravit
2285 2612 2614 2691 Andreas,
2671 2632 2758 2680 ne

124 2775 135 2798 ⁸
214 2700 420 2773 dicam
475 2703 705 2774 multo
752 2704 959 2773 etiam
1009 2705 1297 2794 majora,
1353 2717 1634 2795 propter
1694 2704 2162 2774 conditionem
2215 2714 2631 2792 temporum,
2686 2700 2756 2768 in

213 2793 453 2876 quibus
506 2792 709 2861 nullo
748 2793 1083 2893 juvantur
1132 2793 1471 2884 exemplo,
1526 2795 1648 2881 qui
1714 2793 2061 2862 Christum
2119 2803 2397 2860 amant:
2464 2789 2635 2859 adeo
2683 2788 2757 2857 in

217 2881 501 2954 tenebris
575 2881 878 2950 charitas
936 2882 1203 2952 intrusa
1269 2883 1656 2966 marcescit.
1731 2888 1970 2968 Itaque
2031 2880 2260 2950 statim
2308 2901 2388 2949 eo
2438 2879 2590 2968 ipso
2645 2876 2758 2946 die

217 2969 557 3041 calamum
621 2969 904 3059 accepi,
969 2983 1033 3040 et
1088 2971 1573 3060 promissionis
1621 2970 1929 3040 debiturn
1988 2969 2131 3057 jam
2184 2968 2377 3040 solvi.
2452 2974 2552 3037 Tu
2601 2988 2757 3037 vero

218 3061 578 3150 praecipue
611 3070 877 3148 martyr
911 3059 1156 3129 Christi
1200 3081 1445 3151 precor
1492 3059 1877 3129 intercedas
1909 3058 1996 3127 ad
2031 3058 2399 3128 Dominum
2442 3068 2757 3139 nostrum

216 3150 432 3217 Jesum
470 3149 827 3218 Christum
868 3169 994 3238 pro
1026 3147 1329 3219 Ecclesia
1367 3149 1770 3229 universali,
1811 3170 1890 3218 ac
1930 3146 2472 3238 amplificatione
2503 3143 2750 3235 ipsius,

219 3253 328 3321 pro
386 3242 682 3307 Summo
748 3236 1077 3307 Pontifice
1123 3238 1334 3307 Paulo
1386 3237 1692 3314 secundo
1724 3292 1744 3318 ‚
1800 3238 2003 3327 cujus
2063 3248 2371 3327 tempora
2421 3234 2753 3322 martyrio

220 3336 320 3393 tuo
355 3325 727 3406 decorasti,
782 3338 1250 3415 perpetuaque
1297 3326 1559 3396 fecisti:
1610 3339 1676 3396 et
1725 3325 1904 3397 sicut
1948 3326 2017 3394 in
2057 3324 2337 3395 Graecia
2388 3322 2752 3413 perfidiam

219 3409 508 3513 dejecisti
548 3469 563 3494 ,
620 3413 722 3498 sic
789 3413 1227 3505 insurgentes
1275 3415 1347 3483 in
1417 3415 1622 3486 Italia·
1662 3413 2048 3485 Platonicos
2099 3412 2592 3483 intercessione
2647 3413 2772 3480 rem

225 3522 425 3588 prime
476 3518 623 3572 tua.
