3357 4995
722 324 849 389 ⁴38
1303 338 1381 385 ni:
1430 338 1484 385 s.
1540 308 1878 385 noma-Aeto
1927 336 2127 386 nrisc.
2180 337 2257 385 m·
2303 337 2495 386 mar.
2870 321 3089 387 JUNII
3131 324 3169 386 ὃ

630 424 1022 505 confractis,
1054 421 1278 514 periit,
1315 422 1411 491 ita
1442 433 1517 492 ut
1550 422 1728 492 servi
1769 421 1853 490 ad
1893 421 2092 491 illum
2130 433 2603 513 properantes,
2626 422 2770 510 jam
2804 422 3171 494 extinctum

631 515 1039 583 invenirent.
1094 511 1169 580 Id
1219 511 1343 581 ubi
1391 510 1870 580 Trutmundus
1900 510 2186 591 audivit,
2218 532 2510 581 cernens
2543 512 2674 581 viri
2723 510 2836 582 Dei
2885 513 3170 612 prophe-

634 603 839 673 ticam
890 599 1472 692 praedicationem
1510 600 1581 668 in
1614 599 1823 668 fratre
1869 599 2308 690 completam,
2351 600 2546 670 valde
2580 600 2954 692 pertimuit,
2986 622 3169 671 mox-

631 713 765 779 que
816 712 936 781 per
982 689 1173 760 nefas
1205 687 1433 758 ablata
1472 688 1775 777 praedia,
1814 688 1897 757 ad
1934 688 2147 759 altare
2182 693 2248 758 S.
2303 689 2574 759 Martini
2625 690 2940 759 restituit.

720 782 756 867 §
804 785 896 851 6.
953 778 1265 848 Sentiens
1311 790 1541 846 autem
1593 776 1697 844 vir
1730 791 2011 848 sanctus
2061 778 2244 848 verbi
2288 778 2506 847 divini
2548 779 2815 848 semina
2851 799 3026 865 quae
3072 778 3166 847 in·

632 880 739 937 tra
786 867 1192 938 Germaniae
1237 879 1302 936 et
1349 864 1607 935 Galliae
1648 865 1823 935 fines
1852 866 2204 954 jactasset,
2249 866 2319 935 in
2375 866 2703 937 cordibus
2751 866 3168 937 credentium

622 957 769 1046 jam
821 957 1210 1048 germinare
1248 967 1313 1023 et
1358 975 1687 1032 crescere,
1727 976 1853 1024 nec
1903 955 2233 1044 ignorans
2271 956 2581 1045 corporis
2628 956 2739 1025 sui
2787 954 3172 1026 dissolutio-

634 1068 791 1115 nem
830 1066 967 1115 non
1020 1045 1221 1134 longe
1267 1043 1529 1122 abesse,
1594 1065 1756 1112 cum
1816 1043 2084 1112 ardenti
2133 1043 2472 1114 desiderio
2519 1055 2801 1135 cuperet
2847 1065 3171 1135 apparere

633 1147 790 1204 ante
830 1134 1074 1203 faciem
1123 1133 1262 1212 Dei,
1318 1131 1674 1202 constituit
1722 1130 1943 1200 redire
1982 1132 2066 1201 ad
2102 1132 2457 1202 Frisones:
2492 1155 2668 1220 quos
2698 1132 2863 1201 olim
2899 1132 3170 1220 quidem

633 1223 718 1293 ad
762 1223 1011 1293 Christi
1070 1220 1475 1312 religionem
1525 1219 1952 1295 traduxerat.
2007 1220 2126 1290 sed
2190 1220 2467 1291 fallente
2516 1221 2792 1291 diabolo
2839 1221 3169 1309 quosdam

633 1311 721 1381 ad
754 1310 1153 1381 ethnicismi
1196 1330 1461 1379 errores
1509 1308 1816 1398 relapsos
1864 1308 2221 1390 didicerat,
2277 1329 2451 1396 quos
2507 1332 2668 1379 cum
2718 1315 2851 1380 Deo
2901 1310 2974 1379 in
3029 1332 3170 1399 gra-

634 1402 801 1470 tiam
852 1399 1207 1470 restituere
1253 1397 1597 1488 cupiebat,
1639 1397 1703 1466 ei
1733 1397 1827 1467 ita
1864 1398 1937 1467 in
1980 1410 2115 1467 tam
2151 1398 2501 1498 praeclaro
2545 1409 2748 1489 opere
2779 1397 2924 1467 illic
2970 1399 3168 1467 vitam

634 1488 872 1558 finire:
927 1499 1047 1557 aut
1094 1498 1297 1567 certe,
1351 1486 1405 1556 si
1459 1486 1557 1556 sic
1606 1490 1740 1556 Deo
1775 1487 2005 1576 potius
2037 1485 2263 1556 visum
2311 1499 2511 1567 esset,
2552 1508 2677 1577 pro
2714 1487 2868 1578 ejus
2900 1487 3172 1557 nomine

634 1577 923 1647 adversa
982 1588 1048 1646 et
1092 1575 1441 1646 cruciatus
1496 1596 1740 1645 omnes
1789 1575 1886 1644 ibi
1933 1573 2197 1646 fortiter
2246 1575 2558 1645 tolerare.
2614 1576 2742 1645 Sed
2808 1587 3167 1663 antequam

633 1679 773 1735 tam
811 1664 1198 1755 periculoso
1229 1686 1298 1735 se
1345 1664 1539 1733 daret
1578 1664 1831 1743 itineri,
1886 1664 2113 1734 sciens
2161 1664 2546 1735 absurdum
2598 1664 2667 1733 id
2715 1685 2889 1745 esse,
2938 1663 3169 1751 siquis

632 1776 757 1845 pro
812 1755 935 1825 riis
981 1751 1390 1845 posthabitis
1438 1752 1708 1833 ovibu3‚
1762 1751 2024 1822 alienas
2050 1752 2398 1823 curandas
2447 1753 2818 1843 suscipiat:
2859 1766 3166 1824 sanctum

634 1775 909 1912 Lulfum
941 1842 1064 1929 qui
1091 1840 1686 1933 praedicationum
1735 1853 1801 1910 et
1850 1841 2163 1911 laborum
2203 1840 2354 1912 e‘us
2387 1840 2773 1913 fidissimus
2804 1862 3040 1912 comes
3069 1862 3170 1911 ex·

634 1933 883 2029 titerat,
944 1931 1288 2020 cujusque
1348 1930 1634 1999 virtutes
1681 1930 1874 1999 omni
1925 1929 2180 2000 honore
2280 1930 2297 1998 i
2353 1950 2478 1999 nas
2527 1941 2843 2010 noverat,
2897 1950 3170 2000 consen-

637 2020 842 2089 tiente
873 2031 1018 2089 tum
1071 2019 1312 2109 Pipino
1361 2039 1541 2108 rege,
1602 2030 1747 2088 tum
1810 2018 2189 2109 Episcopis,
2227 2018 2322 2088 Ab
2374 2017 2625 2100 atibus,
2683 2019 3068 2100 Canonicis,
3112 2030 3171 2086 et

634 2107 1037 2199 proceribus
1070 2107 1155 2176 ad
1194 2106 1414 2197 ipsius
1463 2105 1835 2176 dioecesim
1888 2107 2415 2198 pertinentibus,
2473 2129 2596 2197 pro
2644 2129 2715 2177 se
2763 2108 3170 2199 Episcopum

634 2196 1013 2267 ordinavit:
1082 2196 1151 2265 id
1214 2195 1396 2284 quod
1453 2195 1602 2285 jam
1669 2206 1826 2265 ante
1892 2218 1932 2264 a
1989 2201 2298 2266 Romano
2367 2196 2692 2266 Pontifice
2752 2196 3163 2287 impetrarat.

635 2284 893 2355 Deinde
920 2306 1137 2354 manu
1164 2306 1293 2355 sua
1319 2283 1861 2375 apprehensum,
1892 2283 2400 2354 commendavit
2452 2284 2649 2356 illum
2691 2286 2969 2355 cunctis
2996 2284 3171 2376 prin·

637 2374 914 2464 cipibus
970 2373 1112 2442 illic
1160 2373 1619 2462 congregati5‚
1672 2385 1750 2442 ut
1796 2373 1858 2443 ei
1907 2384 2256 2460 tamquam
2329 2373 2505 2463 patri
2554 2372 2938 2456 obedirent,
2990 2387 3054 2444 et
3105 2371 3168 2440 in

638 2463 830 2534 omni
879 2462 1282 2534 necessitate
1314 2460 1683 2543 ad‘utoreS,
1712 2460 1816 2532 illi
1864 2485 1935 2533 se
1972 2462 2399 2552 praeberent.
2727 2478 2738 2485 ·

721 2556 757 2641 ξ
802 2557 880 2624 ³2.
935 2557 1171 2622 Postea
1218 2551 1303 2620 ad
1347 2556 1395 2619 T
1447 2551 1737 2640 uringos
1784 2563 1850 2621 et
1896 2551 2119 2621 Rheni
2151 2552 2420 2621 accolas
2456 2550 2823 2641 profectus,
2863 2551 3169 2622 similiter

631 2640 809 2723 fecit.
864 2646 1210 2711 Postremo
1242 2640 1475 2730 ipsum
1513 2644 1578 2709 S.
1620 2638 1892 2709 Lullum
1927 2639 2326 2721 adhortans,
2361 2641 2496 2709 ait:
2532 2664 2569 2707 «
2603 2640 3167 2730 Quandoquidem

637 2730 1078 2801 resolutionis
1125 2750 1317 2798 meae
1351 2739 1624 2819 tempus
1663 2728 2201 2819 appropinquat,
2255 2729 2520 2798 decrevi
2574 2728 2946 2819 proficisci,
3013 2748 3171 2817 quo·

634 2839 937 2905 cumque
986 2817 1260 2887 divinae
1298 2817 1555 2908 gratiae
1588 2817 1812 2886 visum
1863 2829 1966 2887 est
2021 2839 2132 2887 me
2180 2817 2470 2888 mittere.
2523 2823 2624 2888 Tu
2655 2839 2842 2907 erg0,
2884 2818 2989 2889 fili
3026 2817 3172 2887 cha-

636 2905 935 2987 rissime,
989 2906 1382 2976 animarum
1430 2906 1555 2975 tibi
1588 2905 2009 2976 creditarum
2057 2928 2301 2976 curam
2355 2928 2395 2975 a
2445 2928 2518 2976 e:
2587 2919 2661 2977 tu
2711 2908 3046 2998 populum
3093 2903 3170 2973 ab

635 3016 865 3064 errore
911 2997 1185 3064 revoca:
1240 3006 1313 3064 tu
1360 2995 1756 3064 inchoatam
1808 2995 2205 3065 monasterii
2242 2995 2375 3064 mei
2458 2994 2775 3065 asilicam
2806 2995 3000 3086 apud
3027 2992 3169 3063 Ful-

639 3083 799 3152 dam
870 3083 1167 3163 absolve,
1220 3096 1287 3153 et
1339 3082 1482 3152 illic
1536 3104 1793 3173 corpus
1841 3104 2099 3163 meum,
2151 3083 2579 3170 ubicumque
2626 3083 2908 3153 tandem
2955 3084 3170 3152 deces-

642 3192 817 3251 sero,
873 3172 1064 3243 trade
1103 3171 1523 3262 sepulturae.
1560 3176 1732 3241 Tum
1788 3183 2133 3261 praeterea
2175 3171 2263 3241 da
2309 3193 2616 3262 operam,
2669 3184 2747 3243 ut
2801 3171 3172 3243 habeamus

637 3260 866 3330 itineri
924 3272 1156 3332 nostro
1218 3283 1326 3330 res
1374 3258 1821 3340 necessarias,
1874 3273 1939 3330 et
1988 3259 2302 3338 linteum,
2337 3278 2504 3347 ‘quo
2551 3261 2682 3331 hoc
2747 3259 3167 3352 decrepitum

634 3371 889 3439 corpus
947 3361 1098 3437 post
1143 3349 1409 3419 obitum
1461 3347 1885 3428 obvolvatur,
1951 3350 2023 3418 in
2073 3348 2410 3419 librorum
2464 3370 2775 3426 meorum
2824 3350 3025 3421 theca
3072 3368 3170 3417 re-

639 3458 887 3526 pone.»
930 3442 1110 3507 Haec
1142 3459 1303 3507 cum
1353 3436 1457 3506 vir
1502 3449 1784 3506 sanctus
1823 3435 2128 3518 dixisset,
2168 3438 2442 3508 tametsi
2475 3438 2718 3509 Lullus
2766 3438 2853 3508 ab
2890 3440 3030 3509 imo
3066 3456 3168 3526 pe-

634 3537 816 3596 ctore
878 3526 1097 3595 multa
1160 3525 1457 3596 traheret
1511 3525 1854 3615 suspiria,
1907 3539 1972 3596 et
2031 3548 2192 3617 prae
2257 3524 2494 3597 dolore
2558 3526 2776 3597 nimio
2837 3527 3170 3617 lacrymas

635 3615 959 3685 cohibere
1009 3636 1142 3683 non
1193 3626 1443 3703 posset,
1484 3634 1621 3682 non
1673 3625 1902 3683 tamen
1961 3637 2176 3685 ausus
2222 3628 2326 3684 est
2371 3615 2750 3703 quicquam
2792 3615 2897 3686 illi
2947 3637 3017 3688 se
3061 3634 3172 3704 op·

633 3724 911 3794 ponere.
958 3702 1204 3772 Paucis
1253 3715 1405 3792 post
1451 3701 1697 3772 diebus
1745 3703 1973 3772 navim
2024 3724 2185 3773 cum
2219 3703 2502 3774 delectis
2551 3705 2637 3774 ad
2688 3704 2866 3775 illud
2910 3706 3040 3774 iter
3069 3722 3167 3772 so-

636 3792 764 3862 ciis
811 3792 916 3860 vir
953 3791 1195 3861 beatus
1229 3791 1584 3880 ingressus
1637 3812 1760 3881 per
1807 3791 2026 3861 Rheni
2083 3790 2351 3861 alveum
2411 3791 2498 3861 ad
2542 3794 2905 3864 Frisonum
2957 3791 3170 3881 regio-

634 3902 791 3949 nem
825 3879 1199 3950 incolumis
1234 3878 1539 3971 perlatus
1572 3892 1696 3949 est.
1751 3879 1856 3949 lbi
1905 3893 2055 3951 tum
2101 3881 2649 3969 circumquaque
2701 3903 2826 3973 pro
2880 3881 3167 3956 rediens,

634 3968 920 4038 verbum
958 3967 1230 4037 Domini
1278 3990 1438 4037 cum
1490 3967 1712 4037 multa
1759 3968 2019 4039 fiducia
2070 3968 2512 4059 praedicavit,
2610 3982 2678 4040 et
2714 3991 2830 4041 ecc
2859 3970 3041 4041 esias
3077 3967 3173 4035 in·

636 4057 822 4148 genti
874 4056 1102 4127 studio
1149 4056 1467 4126 extruxit.
1532 4061 1817 4126 Tantam
1867 4071 2098 4129 autem
2163 4058 2458 4148 gratiam
2522 4059 2816 4130 contulit
2861 4058 2924 4128 ei
2975 4063 3165 4134 Deus,

638 4157 716 4216 ut
764 4145 967 4219 intrat·
1006 4146 1207 4215 breve
1254 4156 1529 4236 tempus
1573 4145 1795 4216 multa
1833 4146 2138 4216 virorum
2194 4168 2275 4216 ac
2321 4147 2701 4219 mulierum
2739 4146 2960 4218 millia
3000 4150 3170 4215 'cum

530 4262 547 4279 ·
636 4254 762 4303 suo
803 4234 989 4303 socio
1024 4234 1299 4304 Eobano
1333 4232 1720 4324 baptizarit.
1775 4239 1946 4304 Eum
1997 4246 2226 4305 autem
2261 4235 2618 4306 Eobanum
2666 4248 2744 4306 ut
2788 4256 2956 4305 suae
2988 4251 3174 4304 sene-

634 4321 806 4392 ctuti
854 4321 1136 4410 aliquod
1186 4335 1459 4413 pararet
1498 4323 1985 4405 levamentum,
2049 4324 2468 4415 Episcopum
2519 4323 2809 4395 Tra'ecti
2854 4319 3167 4393 instituit.

637 4410 932 4482 Aderant
983 4433 1139 4481 vero
1188 4411 1393 4481 etiam
1444 4411 1507 4481 ei
1564 4411 1946 4502 presbyteri
1994 4423 2130 4482 tres
2176 4425 2240 4481 et
2291 4412 2570 4483 totidem
2678 4411 2925 4492 iaconi,
2987 4420 3166 4502 puta,
