3357 4995
2651 85 2880 208 zi*

2653 213 2754 262 „s

672 323 757 390 90
1024 367 1037 386 η
1136 334 1477 384 TRANSLAT.
1532 334 1624 382 ss.
1677 334 1794 382 uu.
1849 334 2030 382 parm
2075 333 2150 381 m*
2197 331 2572 382 maestam
2657 337 2664 348 ·
2737 287 3049 381 '³JUN11
3096 315 3139 381 2

588 424 819 495 statim
867 432 1158 501 erectuS‚
1202 431 1269 489 et
1317 418 1597 489 sanitati
1628 440 1839 507 quam
1891 417 2346 498 desiderabat,
2406 417 2554 486 sine
2604 437 2798 518 ngora
2843 411 2944 514 Jest
2983 416 3146 487 red-

590 513 802 583 ditus.
859 509 1186 581 Similiter
1223 520 1289 578 et
1324 505 1558 598 puella
1581 506 1923 596 quaedam
1956 507 2042 576 de
2072 507 2221 598 ipso
2255 506 2402 575 vico
2437 506 2770 596 Trajecto‘,
2803 504 3146 578 vocabulo

589 598 1035 679 Theothildis,
1089 597 1292 687 cujus
1326 595 1603 667 dextera
1651 617 1903 667 manus
1954 608 2100 665 erat
2151 592 2368 665 simili
2414 593 2881 672 commotione
2911 595 3148 665 intan-

592 705 735 760 tum
771 687 1183 778 complicata
1229 697 1433 774 atque
1462 684 1774 767 distorta,
1809 696 1887 755 ut
1920 684 2005 754 ad
2047 704 2323 754 omnem
2355 704 2562 754 usum
2612 697 2791 758 esset
2838 684 3140 754 inutilis:

592 779 762 848 haec
803 775 1044 847 eadem
1093 774 1207 844 die
1253 786 1411 844 ante
1458 773 1733 844 easdem
1771 778 2176 844 Sanctorum
2210 771 2539 860 reliquias
2588 795 2631 862 p
2671 774 2738 858 ‚ri
2788 771 2995 850 modo
3021 795 3149 842 cu-

591 878 739 936 rata
783 877 908 936 est.
963 863 1231 946 Quibus
1296 862 1485 944 visis,
1564 861 1867 953 populus
1913 862 1982 930 in
2045 860 2334 932 basilica
2389 793 2850 1022 congrQatus
2916 861 3149 951 coepit

589 977 754 1056 prae
785 953 1005 1024 nimia
1028 951 1444 1022 exultatione
1476 964 1683 1039 atque
1708 949 1963 1021 laetitia
1997 951 2068 1020 in
2107 950 2385 1038 hymnis
2415 961 2482 1018 et
2507 949 2628 1020 lita
2690 949 2793 1031 is,
2848 949 3149 1020 sublatis

590 1066 661 1113 m
714 1042 930 1114 altum
974 1040 1281 1120 vocibus,
1322 1039 1561 1110 laudes
1595 1039 1883 1109 Domino
1931 1038 2318 1114 decantare.
2360 1042 2526 1107 Cum
2563 1033 2810 1110 'subito
2865 1039 3149 1109 intravit

643 1153 765 1203 uer
829 1129 1116 1218 quidam
1170 1127 1447 1209 surdus,
1502 1140 1710 1217 atque
1741 1128 1811 1196 in
1864 1127 2091 1197 media
2140 1127 2360 1227 plebis
2411 1117 2858 1208 multittffline
2906 1140 3150 1217 stupe-

619 1233 813 1291 actus
845 1232 911 1290 et
957 1218 1243 1288 attonito
1282 1216 1533 1287 similis
1566 1216 1891 1286 constitit.
1923 1222 2012 1286 Ac
2060 1215 2310 1286 deinde
2341 1238 2502 1285 cum
2552 1228 2711 1308 ante
2737 1216 2958 1286 altare
2986 1239 3150 1287 san·

591 1308 683 1380 cti
734 1306 1125 1387 SalvatoriS‚
1186 1305 1370 1393 quod
1420 1307 1493 1376 in
1549 1305 1773 1375 media
1831 1305 2121 1376 ecclesia
2163 1305 2464 1395 positum
2513 1317 2636 1387 est,
2687 1306 3145 1395 pervenisset,

593 1408 1000 1487 erumpente
1049 1394 1363 1485 protinus
1411 1394 1496 1465 de
1537 1394 1825 1465 naribus
1873 1394 2023 1483 ejus
2061 1394 2426 1484 sanguine,
2468 1414 2607 1481 quo
2653 1393 2781 1464 diu
2836 1394 3152 1483 privatus

591 1486 816 1556 fuerat
862 1484 1145 1555 auditus
1196 1482 1419 1553 officio
1459 1482 1756 1553 donatus
1804 1496 1928 1553 est.
3043 1555 3060 1571 ὁ

683 1575 720 1661 ξ
766 1577 919 1647 19.
975 1577 1050 1642 In
1101 1571 1479 1642 crastinum
1515 1585 1770 1652 autem,
1810 1571 1878 1640 id
1910 1584 2034 1651 est,
2066 1581 2311 1659 quarto
2362 1570 2527 1640 Idus
2554 1570 2750 1642 Junii
2784 1571 3012 1640 visum
3047 1582 3152 1642 est

594 1663 818 1745 nobiS,
859 1674 936 1732 ut
967 1661 1289 1731 feretrum
1331 1660 1516 1748 quod
1566 1682 1797 1731 sacros
1846 1673 2231 1750 martyrum
2280 1660 2547 1730 cineres
2580 1660 3000 1739 continebat,
3054 1659 3155 1728 a'l-

576 1753 735 1844 ‚tius
782 1751 1031 1821 elevari
1100 1749 1396 1830 deberet,
1450 1748 1535 1819 ad
1603 1749 1734 1818 hoc
1792 1748 2126 1828 videlicet,
2182 1761 2259 1818 ut
2303 1747 2657 1835 aliquanto
2722 1749 3153 1819 eminentius

595 1852 794 1921 esset,
832 1861 1042 1927 quam
1084 1839 1296 1908 altare
1334 1839 1449 1908 cui
1497 1837 1890 1928 appositum
1925 1850 2090 1918 erat,
2130 1850 2195 1907 et
2220 1835 2494 1908 facilius
2528 1837 2615 1906 ab
2653 1836 3154 1907 accedentibus

595 1930 784 2000 cerni
818 1926 1428 2018 potuissenldque
1463 1927 1664 1997 nobis
1711 1926 2147 2005 facientibus,
2199 1938 2268 1995 et
2314 1926 2493 1994 inter
2551 1924 2946 1995 faciendum
2997 1925 3156 1995 lita-

597 2019 752 2087 nias
783 2038 943 2087 cum
980 2016 1094 2085 Dei
1131 2015 1334 2094 laude
1363 2014 1796 2094 canentibus,
1838 2014 2067 2104 puella
2106 2014 2442 2101 quaedam
2477 2014 2562 2083 de
2591 2014 2858 2084 familia
2892 2018 2957 2083 S.
3001 2019 3158 2083 Ser-

595 2106 756 2176 vatii
806 2129 847 2174 a
894 2105 1242 2175 nativitate
1290 2126 1416 2175 sua
1464 2103 1760 2194 pedibus
1793 2124 1872 2172 ex
1913 2103 2380 2173 contractione
2427 2101 2760 2182 distortis,
2818 2103 3156 2173 manibus

596 2195 805 2266 etiam
845 2216 926 2265 ex
974 2215 1338 2263 nervorum
1377 2192 1800 2263 distensione
1833 2191 2214 2273 dissolutiS,
2249 2193 2538 2282 insuper
2574 2205 2639 2262 et
2689 2203 2905 2273 muta,
2937 2212 3154 2278 quam

598 2283 810 2374 paulo
859 2294 1014 2352 ante
1064 2283 1132 2350 in
1186 2280 1544 2350 basilicam
1593 2281 1703 2349 sui
1752 2279 2171 2360 detulerunt,
2224 2294 2290 2350 et
2336 2302 2566 2350 coram
2618 2280 2863 2352 feretro
2905 2301 3156 2370 posue·

600 2384 786 2452 runt,
840 2372 1069 2442 subito
1118 2370 1396 2439 sanitati
1443 2381 1545 2439 est
1583 2369 1872 2449 reddita,
1931 2369 2024 2439 ita
2049 2381 2126 2439 ut
2171 2370 2410 2439 eadem
2462 2370 2631 2438 hora
2676 2381 2744 2439 et
2782 2369 3023 2456 loqui,
3094 2381 3159 2439 et

599 2460 936 2542 incedere,
988 2473 1055 2530 et
1103 2458 1429 2530 manibus
1477 2457 1562 2527 ad
1613 2459 1844 2528 omnia
1884 2458 2269 2529 necessaria
2317 2457 2611 2548 perfecte
2657 2458 2757 2527 uti
2820 2457 3150 2548 potuerit.

688 2554 734 2638 ξ
777 2555 946 2623 20.
995 2548 1483 2618 Monasterium
1519 2547 2182 2628 sanctimonialium,
2211 2547 2375 2618 Eike
2401 2548 2760 2629 vocabul0,
2794 2548 3006 2617 situm
3042 2570 3161 2618 su-

600 2662 721 2730 per
756 2645 1012 2709 Mosam
1064 2637 1351 2707 fluvium
1416 2647 1540 2706 est.
1595 2641 1670 2705 In
1770 2658 1861 2706 uo
1929 2636 2268 2724 quaedam
2335 2641 2468 2705 Deo
2518 2650 2808 2717 sacrata,
2867 2636 3159 2706 nomine

603 2728 856 2818 Saliga,
898 2739 1033 2797 toto
1064 2747 1374 2813 corpore,
1409 2738 1690 2815 excepto
1779 2738 1966 2795 extro
1998 2725 2305 2807 brachie,
2350 2724 2503 2795 diro
2534 2724 2879 2825 paralysis
2909 2725 3163 2794 morbo

599 2816 940 2886 dissoluta
963 2816 1259 2905 jacebat.
1299 2814 1475 2884 Huic
1519 2836 1639 2904 per
1685 2814 1984 2901 quietem
2020 2812 2307 2901 quidam
2357 2836 2436 2883 ex
2486 2814 2921 2884 vicinissuis
2989 2814 3161 2882 asti-

603 2906 790 2983 tisse,
835 2926 915 2973 ac
946 2903 1066 2973 tali
1101 2924 1416 2973 sermone
1445 2924 1598 2972 earn
1633 2901 2088 2992 compellasse
2137 2902 2325 2972 visus
2358 2915 2482 2984 est,
2537 2915 2615 2971 ut
2653 2902 2935 2981 diceret,
2974 2901 3160 2984 Quid

603 2993 803 3083 agis?
851 2992 971 3061 Cui
1019 3013 1180 3060 cum
1230 2990 1350 3061 illa
1400 3013 1534 3060 non
1594 2990 1810 3072 aliud,
1864 3012 2074 3078 quam
2132 3012 2204 3061 se
2260 2989 2330 3059 in
2383 2990 2555 3061 lecto
2603 3012 2730 3061 suo
2799 2990 3164 3078 quiescere

604 3081 1097 3171 respondisset,
1132 3080 1508 3160 Audistine,
1545 3080 1796 3166 inquit,
1836 3078 2100 3167 aliquid
2143 3079 2229 3148 de
2262 3080 2553 3160 Sanctis,
2592 3079 2712 3167 qui
2747 3080 2816 3147 in
2850 3079 3162 3169 Trajecto
3283 3118 3294 3135 ·

599 3169 685 3239 ad
738 3175 803 3239 S.
860 3169 1240 3239 Servatium
1292 3172 1665 3239 venerunt?
1701 3168 1821 3237 Cui
1870 3190 2030 3238 cum
2084 3167 2257 3238 nihil
2320 3167 2405 3238 de
2445 3168 2555 3238 his
2596 3190 2668 3238 se
2717 3167 2998 3238 audisse
3053 3189 3163 3237 re-

601 3258 1015 3349 spondisset,
1071 3263 1309 3349 Surge,
1366 3257 1482 3336 ait,
1538 3255 1880 3337 velociter,
1946 3270 2151 3345 atque
2199 3256 2367 3326 illuc
2417 3268 2866 3347 properanter
2923 3257 3167 3325 venire

603 3346 962 3418 contende.
1032 3352 1198 3417 Nam
1250 3345 1348 3415 ibi
1407 3368 1480 3416 es
1528 3344 1840 3415 omnium
1917 3346 2389 3415 membrorum
2442 3358 2720 3415 tuorum
2793 3355 3166 3435 receptura

601 3438 992 3507 sanitatem.
1040 3434 1169 3505 Sed
1218 3456 1377 3504 cum
1410 3454 1617 3523 exper
1666 3432 1887 3502 efacta
1925 3432 2101 3503 nihil
2141 3433 2223 3503 de
2256 3433 2364 3504 his
2404 3432 2627 3504 facere
2659 3446 2994 3514 curasset,
3034 3432 3164 3503 ite-

604 3547 759 3595 rum
812 3525 1124 3611 sequenti
1177 3534 1372 3593 nocte
1404 3523 1490 3592 ab
1520 3543 1600 3591 eo
1652 3543 1761 3590 ern
1800 3521 2014 3591 simili
2046 3521 2250 3592 modo
2280 3533 2382 3592 est
2406 3521 2783 3604 admonita,
2819 3533 2899 3592 ut
2926 3522 3166 3610 Traje-

602 3626 788 3683 ctum
841 3626 1173 3705 pergeret.
1230 3611 1356 3680 Illa
1404 3624 1659 3691 tamen,
1700 3622 1778 3679 ut
1826 3610 2045 3700 priuS,
2109 3624 2334 3701 spreta
2375 3612 2720 3681 monentis
2767 3631 2953 3692 voce,
3020 3632 3167 3698 quo

592 3703 974 3792 jubebatur
1019 3699 1291 3771 distulit
1341 3698 1710 3789 proficisci.
1757 3699 1980 3768 Tertia
2027 3720 2185 3769 vero
2235 3710 2430 3769 nocte
2468 3699 2635 3770 vidit
2667 3698 2992 3769 eumdem
3024 3699 3164 3769 sibi

602 3804 847 3872 astare,
900 3803 966 3860 et
1012 3810 1175 3859 cum
1210 3788 1541 3874 quadam
1580 3788 1937 3859 severitate
1983 3811 2110 3858 cur
2158 3788 2418 3859 monita
2466 3810 2595 3858 sua
2628 3788 3167 3878 contempsisset

603 3881 1053 3970 interrogare,
1095 3876 1502 3965 baculoque,
1541 3898 1748 3964 quem
1801 3889 1966 3946 tunc
2015 3898 2232 3946 manu
2268 3890 2494 3948 tenere
2530 3876 2917 3957 videbatur,
2977 3876 3168 3949 latus

601 3969 753 4057 ejus
802 3978 1181 4056 percutere,
1235 3979 1440 4053 atque
1479 3979 1554 4036 ut
1601 3966 1986 4054 Trajectum
2020 3965 2344 4036 velociter
2392 3977 2728 4056 pergeret,
2783 3965 3161 4055 imperare.

604 4061 736 4126 Nec
784 4054 903 4124 illa
928 4055 1075 4143 jam
1128 4075 1298 4124 ausa
1347 4055 1566 4126 trinae
1613 4054 1899 4124 visionis
1948 4054 2341 4125 auctoritati
2392 4055 2729 4136 resistere,
2782 4053 3026 4125 accitis
3077 4052 3169 4124 ad

606 4165 680 4215 se
727 4142 1141 4235 propinquis
1179 4155 1246 4212 et
1291 4143 1559 4223 amicis,
1616 4144 2003 4233 Trajectum
2053 4155 2132 4213 ut
2177 4143 2311 4213 sibi
2352 4141 2629 4230 jussum
2680 4153 2823 4213 erat
2870 4140 3170 4213 deduci-

604 4244 739 4312 tur,
794 4245 859 4302 et
918 4233 988 4301 in
1038 4230 1328 4302 basilica
1389 4232 1568 4303 beati
1619 4232 1901 4302 Servatii
1940 4232 2138 4321 juxta
2188 4253 2420 4302 sacros
2471 4243 2850 4319 martyrum
2891 4230 3169 4302 cineres

605 4320 1004 4392 collocatur.
1072 4325 1378 4408 Cumque
1428 4321 1523 4391 ibi
1573 4322 1955 4411 promissae
2004 4320 2319 4391 sanitatis
2368 4320 2903 4411 praestolaretur
2964 4340 3171 4391 even-

604 4422 779 4494 turn,
850 4410 1092 4499 quinto
1162 4409 1443 4480 demum
1510 4407 1623 4478 die
1670 4421 2034 4498 postquam
2102 4409 2271 4479 illuc
2320 4421 2636 4488 venerat,
2690 4429 2850 4478 cum
2903 4428 3166 4500 magna
