3357 4995
722 318 748 381 i
765 317 856 382 30
1318 336 1396 383 nn
1444 337 1500 384 s.
1556 335 1895 386 BONIFACIO
1942 335 2141 385 muse.
2194 335 2271 383 m·
2317 335 2508 382 MART.
2875 314 3098 381 JUNII
3143 317 3181 379 5

629 415 851 478 occidit
880 462 896 488 ,
940 423 1003 478 et
1043 416 1240 478 adbuc
1284 416 1641 495 ignoramus
1667 464 1684 491 ,
1728 417 1992 496 qualiter
2035 418 2145 480 ista
2188 416 2485 480 discordia
2529 414 2836 494 pacificari
2895 423 2959 478 et
3021 415 3182 478 finiri

631 496 852 559 valeat.
894 495 1010 558 Sed
1050 495 1322 570 obsecr0‚
1367 505 1434 559 ut
1472 499 1846 560 auctoritatis
1891 504 2129 561 vestrae
2172 496 2417 559 licentia
2460 496 2563 569 sit,
2608 512 2749 558 cum
2791 494 3043 558 consilio
3069 510 3198 557 ser-¹

633 590 854 638 vorum
898 575 1005 639 Dei
1049 574 1125 637 de
1168 578 1278 639 ista
1321 574 1618 640 electione
1667 578 1888 650 facere,
1933 576 2097 659 quod
2145 575 2322 639 nobis
2369 576 2433 637 in
2477 591 2803 639 commune
2842 590 2950 652 pro
2993 574 3185 637 Eccle-

630 656 757 718 siae
797 655 1079 728 utilitate,
1124 655 1222 718 vel
1268 656 1466 718 fructu
1507 656 1811 736 spirituali
1855 665 1920 720 et
1960 657 2313 721 defensione
2355 655 2675 733 religionis
2720 655 3020 733 optimum
3063 670 3182 717 esse

632 735 953 798 videatur:
1001 742 1072 796 ut
1114 750 1479 799 consensum
1527 744 1803 800 vestrum
1851 738 2105 801 habeam
2149 736 2226 800 de
2271 736 2383 797 hoc
2424 735 2647 808 iacere,
2682 732 2846 813 quod
2885 736 3183 811 optimum

629 814 785 877 mibi
831 814 1131 893 inspirare
1174 814 1465 892 dignetur
1508 814 1703 879 Deus:
1750 817 1896 896 quia
1939 818 2054 880 hoc
2097 831 2221 878 non
2267 813 2516 878 videtur
2558 830 2726 892 posse
2769 813 2928 886 fleri,
2959 814 3008 875 si
3051 828 3181 875 con·

632 895 857 957 trarius
899 893 1191 972 Princeps
1234 895 1442 959 ruerit.

712 973 1029 1038 Praeterea
1056 989 1351 1053 quaerere
1381 982 1443 1037 et
1485 975 1873 1055 interrogare
1914 976 2302 1046 paternitatis
2350 983 2588 1038 vestrae
2630 972 2956 1036 consilium
3007 972 3182 1034 debeo

630 1052 705 1116 de
746 1054 1010 1133 quadam
1035 1054 1421 1128 confusione,
1450 1071 1603 1134 quae
1644 1071 1844 1136 nuper
1886 1058 1959 1120 ad
2005 1072 2115 1118 nos
2144 1057 2403 1119 veniens
2442 1060 2719 1116 mentem
2757 1060 3024 1115 nostram
3051 1067 3181 1114 con·

629 1133 929 1207 turbavit,
972 1140 1038 1196 et
1077 1133 1487 1196 sacerdotibus
1527 1136 1920 1199 ecclesiarum
1961 1135 2401 1199 verecundiam
2431 1133 2784 1196 incutiebat.
2819 1131 2977 1195 Nam
3006 1132 3181 1195 laicus

610 1212 879 1354 fluidam
924 1228 1181 1292 magnae
1206 1229 1499 1292 personae
1539 1215 1612 1277 ad
1657 1231 1769 1278 nos
1810 1217 2086 1291 veniens,
2128 1214 2369 1278 dicebat
2409 1213 2527 1276 sibi
2566 1213 2643 1278 ab
2673 1212 3052 1291 Apostolicae
3084 1209 3179 1272 Se·

675 1293 724 1353 is
764 1291 1058 1356 Pontifice
1098 1299 1340 1356 sanctae
1386 1295 1721 1358 memoriae
1762 1293 2059 1374 Gregorio
2118 1294 2325 1359 datam
2374 1292 2560 1356 ruisse
2605 1293 2921 1356 licentiam
2948 1339 2964 1365 ,
3009 1297 3076 1352 ut
3118 1290 3179 1350 in

629 1371 1098 1435 matrimonium
1138 1373 1442 1453 acciperet
1481 1374 1728 1438 viduam
1768 1373 2057 1438 avunculi
2099 1374 2397 1453 sui,quae
2439 1381 2499 1435 et
2529 1372 2650 1449 ipsa
2694 1373 2810 1435 fuit
2853 1386 3007 1434 uxor
3047 1384 3176 1431 con·

518 1441 541 1465 ’
629 1450 867 1513 sobrini
909 1453 1028 1525 sui,
1059 1457 1122 1514 et
1150 1451 1275 1530 ipsa
1317 1452 1424 1516 illo
1462 1453 1712 1517 vivente
1738 1455 2008 1517 discessit
2032 1454 2108 1517 ab
2138 1469 2234 1526 eo,
2277 1461 2338 1517 et
2363 1454 2461 1516 isti
2506 1452 2665 1524 viru,
2695 1454 2800 1531 qui
2840 1466 3011 1513 nunc
3050 1465 3173 1512 eam

630 1531 903 1608 accipere
942 1530 1321 1606 desiderans,
1363 1532 1631 1596 affirmat
1669 1534 1786 1598 sibi
1831 1533 2139 1597 licentiam
2185 1533 2410 1606 datam,
2459 1533 2523 1594 in
2570 1533 2747 1595 tertia
2792 1529 3178 1608 generatione

630 1611 971 1689 propinqua
1012 1626 1142 1673 esse
1168 1610 1524 1677 dinoscitur.
1558 1613 1718 1677 Haec
1758 1616 1940 1677 etiam
1984 1622 2198 1676 votum
2225 1613 2511 1675 castitatis
2539 1611 2663 1674 Deo
2695 1626 2947 1683 vovenS,
2994 1608 3174 1673 velata

630 1691 697 1752 fu
724 1696 784 1763 t,
825 1697 891 1751 et
933 1689 1161 1752 iterum
1187 1737 1203 1763 ,
1247 1689 1479 1769 abJ‘ecto
1520 1694 1828 1758 velamine
1853 1740 1869 1768 ,
1924 1694 2223 1756 maritata.
2293 1692 2437 1755 Tale
2497 1691 2666 1754 enim
2723 1688 3178 1753 matrimonium

630 1770 1017 1848 supradictus
1044 1769 1228 1831 homo
1256 1771 1367 1834 sibi
1396 1772 1475 1834 ab
1503 1773 1838 1852 Apostolica
1871 1772 2025 1836 Sede
2046 1773 2308 1836 affirmat
2327 1788 2457 1835 esse
2477 1787 2855 1842 concessum,
2877 1768 3038 1849 quod
3065 1782 3177 1856 non

629 1850 1021 1912 aestimamus
1050 1865 1289 1911 verum:
1322 1851 1461 1929 quia
1487 1851 1788 1929 Synodus,
1818 1862 1878 1915 et
1904 1851 2166 1915 Ecclesia
2198 1852 2264 1913 in
2284 1868 2399 1932 qua
2426 1858 2603 1914 natus
2623 1858 2685 1912 et
2706 1850 2982 1913 nutritus
3002 1847 3100 1919 fui,
3122 1845 3175 1907 id

628 1935 743 2001 est,
766 1929 832 1990 in
862 1930 1265 1991 transmarina
1296 1929 1559 1994 Saxonia
1588 1931 2022 2009 Lugdunensis
2064 1930 2371 2010 SynoduS,
2413 1946 2570 2010 quae
2599 1930 2666 1993 in
2696 1929 2916 2009 primis
2956 1946 2987 1991 a
3016 1926 3176 1989 disci-

630 2007 792 2085 pulis
812 2007 870 2069 S.
894 2007 1174 2085 Gregorii
1200 2009 1258 2071 id
1301 2017 1414 2084 est,
1459 2011 1830 2089 Augustino,
1875 2012 2231 2086 Laurentio,
2259 2010 2449 2084 lusto,
2474 2010 2681 2074 Melito
2723 2009 3007 2086 Archiep.
3051 2021 3176 2069 con-

628 2088 840 2150 stituta
864 2094 926 2150 et
953 2087 1229 2151 ordinata
1251 2087 1387 2164 fuit,
1414 2088 1593 2153 talem
1622 2092 1909 2168 copulam
1939 2098 2003 2154 et
2023 2091 2512 2162 matrimonium,
2538 2091 2883 2153 maximum
2910 2087 3096 2150 scelus
3120 2093 3175 2147 et

632 2167 929 2230 horribile
958 2167 1264 2246 flagitium
1286 2185 1360 2232 ex
1383 2171 1749 2234 auctoritate
1770 2177 2011 2234 sanctae
2041 2169 2388 2249 Scripturae
2410 2169 2783 2246 judicabant.
2816 2168 3175 2247 Quapropter

630 2246 968 2310 Paternitas
1011 2253 1210 2310 vestra
1255 2247 1435 2327 hujus
1466 2250 1556 2311 rei
1605 2251 1929 2313 veritatem
1975 2250 2152 2311 nobis
2195 2250 2465 2312 indicare
2511 2266 2638 2311 non
2687 2248 3073 2327 dedignetur,
3115 2251 3174 2316 ut

629 2325 927 2389 Ecclesiae
965 2326 1377 2390 sacerdotibus
1437 2329 1529 2392 vel
1591 2330 1814 2407 populo
1871 2329 2215 2393 Christiano
2261 2328 2401 2391 inde
2443 2327 2719 2393 scandala
2762 2333 2824 2389 et
2872 2327 3173 2389 schismata

632 2421 756 2468 non
799 2408 1112 2469 oriantur:
1158 2408 1302 2487 quia
1344 2407 1616 2471 carnales
1657 2409 1942 2471 homines
1983 2416 2045 2472 et
2087 2409 2310 2472 idiotae
2351 2408 2705 2486 Alemanni,
2759 2406 2858 2469 vel
2910 2404 3172 2483 Baioarii,

630 2484 730 2549 vel
770 2485 1013 2561 Franci,
1040 2488 1090 2550 si
1128 2487 1298 2564 juxta
1329 2486 1663 2551 Romanam
1697 2488 1915 2552 urbem
1945 2487 2176 2569 aliquid
2205 2488 2338 2552 fieri
2371 2488 2646 2552 viderint
2670 2504 2748 2552 ex
2780 2487 2878 2549 his
2911 2486 3167 2565 peccatis

628 2582 786 2646 quae
829 2583 937 2628 nos
981 2568 1401 2646 prohibemus,
1442 2568 1686 2632 licitum
1729 2585 1858 2631 esse
1904 2575 2140 2649 putant,
2183 2576 2249 2630 et
2297 2568 2473 2631 nobis
2514 2568 2957 2648 improperium
2997 2565 3171 2653 depu-

628 2654 781 2718 tant,
811 2646 929 2707 sibi
974 2663 1123 2709 vero
1164 2646 1523 2710 scandalum
1567 2648 1729 2711 vitae
1755 2650 2093 2728 accipiunt:
2126 2648 2288 2709 sicut
2314 2648 2621 2710 affirmant
2648 2665 2712 2712 se
2742 2646 2973 2709 vidisse
3007 2656 3172 2717 mis

626 2726 973 2804 praeteritis
1015 2728 1078 2789 in
1125 2726 1395 2789 Romana
1438 2726 1631 2800 urbe,
1674 2735 1739 2790 et
1773 2730 1945 2805 juxta
1988 2726 2312 2790 Ecclesiam
2369 2725 2431 2789 S.
2485 2727 2644 2790 Petri
2695 2727 2795 2790 die
2842 2725 2938 2789 vel
2991 2728 3170 2790 nocte,

558 2834 562 2847 ·
627 2804 878 2884 quando
928 2803 1224 2870 Calendae
1266 2805 1540 2869 Januarii
1590 2808 1860 2879 intrant,
1904 2821 2282 2886 paganorum
2327 2808 2772 2870 consuetudine
2814 2805 3033 2869 choros
3075 2801 3171 2862 du-

627 2900 767 2947 cere
809 2900 916 2963 per
945 2884 1188 2962 plateaS‚
1217 2891 1281 2947 et
1320 2885 1783 2950 acclamationes
1811 2893 1872 2949 et
1902 2888 2215 2950 cantiones
2255 2887 2576 2966 sacrilegas
2604 2887 2825 2960 facere,
2857 2892 2920 2948 et
2951 2881 3174 2972 nullum

628 2963 703 3026 de
745 2963 928 3026 domo
968 2981 1074 3027 sua
1118 2964 1218 3026 vel
1262 2965 1498 3042 ignem,
1544 2966 1640 3030 vel
1684 2966 2170 3040 ferramentum,
2216 2966 2315 3028 vel
2356 2965 2586 3045 aliquid
2633 2966 2943 3029 commodi
2989 2963 3198 3023 vicino-

629 3059 740 3104 suo
784 3050 1086 3120 praestare
1119 3042 1301 3107 velle.

712 3122 938 3185 Dicunt
963 3139 1227 3202 quoque,
1256 3141 1319 3187 se
1348 3124 1564 3188 vidisse
1607 3125 1692 3187 ibi
1741 3128 2055 3196 mulieres,
2103 3140 2334 3204 pagano
2377 3126 2502 3187 ritu
2545 3124 2919 3205 phylacteria
2950 3129 3010 3187 et
3039 3120 3170 3195 liga·

633 3208 799 3267 turas
829 3202 894 3264 in
939 3202 1198 3266 brachiis
1225 3210 1288 3268 et
1313 3205 1595 3268 cruribus
1623 3204 1838 3283 ligatas
1881 3207 2124 3277 habere,
2154 3212 2217 3268 et
2245 3203 2487 3284 publice
2527 3206 2602 3269 ad
2633 3204 3040 3270 .vendendum
3083 3213 3172 3259 ve-

633 3281 799 3345 nales
840 3280 975 3345 aliis
1001 3283 1243 3346 offerre.
1288 3282 1454 3357 Quae
1482 3285 1714 3359 omnia,
1757 3300 1830 3348 eo
1915 3286 2031 3349 uod
2062 3284 2146 3348 ibi
2189 3301 2221 3346 a
2264 3283 2611 3348 carnalibus
2650 3290 2714 3346 et
2757 3279 3171 3362 insipientibus

631 3362 950 3438 videntur,
995 3362 1096 3424 hic
1138 3363 1577 3443 improperium
1616 3369 1677 3426 et
1721 3365 1880 3442 impe
1926 3367 2222 3427 imentum
2264 3364 2729 3444 praedicationis
2768 3370 2831 3426 et
2875 3361 3170 3425 doctrinae

630 3440 921 3504 efficiunt.
966 3443 1051 3505 De
1096 3443 1318 3506 talibus
1359 3446 1445 3506 ait
1471 3442 1823 3522 Apostolus:
1872 3444 2013 3508 Dies
2054 3443 2389 3507 observatis
2415 3452 2478 3505 et
2520 3452 2824 3521 tempora:
2859 3444 3059 3513 time0‚
3098 3450 3170 3498 ne
3286 3468 3292 3483 ·

629 3520 764 3583 siue
789 3537 965 3586 causa
1009 3522 1410 3586 laboraverim
1441 3523 1505 3586 in
1540 3523 1726 3587 vobis.
1757 3523 1834 3585 Et
1875 3523 1935 3588 S.
1978 3509 2364 3602 Augustinu's
2404 3522 2587 3586 dixit:
2622 3523 2736 3596 Qui
2778 3516 3170 3601 divinationi7

630 3599 762 3690 buS,
807 3607 868 3662 et
907 3603 1247 3681 aruspiciis,
1290 3607 1351 3664 et
1394 3603 1805 3682 phylacteriiS,
1837 3603 1936 3667 vel
1965 3601 2342 3684 quibuslibet
2370 3603 2651 3681 auguriis
2692 3601 3042 3674 crediderit,
3068 3601 3170 3658 etsi

624 3687 859 3756 jejunet
900 3688 962 3745 et
1001 3690 1152 3754 oret,
1194 3683 1305 3744 etsi
1342 3682 1574 3759 jugiter
1616 3682 1691 3745 ad
1733 3682 2052 3747 ecclesiam
2100 3688 2332 3755 currat,
2363 3684 2477 3745 etsi
2527 3683 2727 3761 largas
2771 3681 3169 3762 eleemosynas

627 3760 845 3835 faciat,
894 3763 1005 3824 etsi
1055 3778 1158 3824 cor
1204 3762 1488 3824 usculum
1527 3777 1712 3825 suum
1754 3762 1821 3825 in
1863 3762 2036 3826 omni
2085 3762 2416 3826 afflictione
2462 3763 2872 3834 cruciaverit,
2919 3756 3069 3821 nihil
3096 3768 3167 3843 ‘et

630 3839 925 3916 proderit,
953 3856 1138 3922 quam
1183 3842 1247 3903 iu
1287 3840 1599 3920 sacrilegia
1630 3842 1732 3905 illa
1776 3858 1900 3904 non
1929 3842 2269 3920 reliquerit.
2315 3840 2472 3905 Nam
2513 3844 2563 3905 si
2603 3844 2741 3905 istas
2769 3839 3054 3920 paganias
3092 3830 3169 3922 ibt

629 3918 968 3983 Paternitas
999 3927 1196 3982 vestra
1226 3921 1291 3982 in
1322 3920 1593 3984 Romana
1637 3922 1789 3986 urbe
1873 3921 2235 3995 rohibuerit,
2277 3928 2341 3983 et
2366 3921 2486 3984 sibi
2528 3920 2898 3994 mercedem,
2923 3926 2984 3981 et
3011 3913 3170 3978 nobis

630 3999 978 4062 maximum
1021 4000 1359 4078 profectum
1404 4001 1468 4062 in
1495 4000 1772 4064 doctrina
1853 4001 2216 4065 eclesiastica
2257 4002 2554 4079 acquiret.
3154 4067 3164 4077 ,

713 4078 984 4156 Episcopi
1014 4094 1257 4158 quoque
1285 4084 1346 4141 et
1388 4080 1728 4160 presbyteri
1757 4082 2002 4161 generis
2042 4082 2442 4154 Francorum,
2490 4083 2597 4160 qui
2640 4081 2888 4143 fuerunt
2926 4072 3170 4140 adulteri

632 4155 730 4219 vel
762 4158 1159 4221 fornicatores
1197 4160 1506 4233 acerrimi,
1548 4176 1701 4239 quos
1742 4163 1807 4224 in
1857 4160 2049 4239 gradu
2092 4158 2478 4239 Episcopatus
2519 4160 2617 4224 vel
2660 4156 3015 4239 presbyterii
3056 4150 3171 4240 ίῳ»,

631 4235 1015 4299 nicationum
1058 4238 1182 4300 nati
1228 4237 1338 4300 filii
1386 4248 1685 4317 arguunt,
1729 4241 2058 4305 redeuntes
2102 4239 2178 4303 ab
2222 4239 2560 4318 Apostolica
2601 4238 2779 4312 Sede,
2822 4225 3171 4301 dicunts1b1

629 4315 977 4379 Romanum
1019 4316 1379 4380 Pontificem
1424 4319 1739 4383 licentiam
1784 4320 2057 4393 dedisse,
2100 4319 2519 4383 ministerium
2561 4317 2911 4398 Episcopale
2955 4314 3014 4375 in
3056 4306 3168 4369 Ec·

631 4394 810 4459 clesia
841 4410 1156 4477 usurpare.
1188 4394 1409 4464 Contra
1439 4415 1588 4477 quos
1633 4399 2082 4475 contendimus,
2111 4399 2252 4478 quia
2287 4398 2686 4479 Apostolicam
2727 4396 2942 4462 Sedem
2971 4393 3167 4455 contra
