3357 4995
2076 264 2093 289 .

669 313 753 379 76
1132 329 1471 379 mansur.
1525 331 1617 379 ss.
1670 331 1791 380 uu.-
1840 330 2020 378 PETRI
2066 331 2143 378 Er
2188 328 2565 378 macetum
2808 311 3032 377 JUNII
3087 313 3131 377 2

581 431 710 481 nos
768 412 903 482 cito
950 423 1349 482 recurreret.
1407 411 1536 493 Qui
1606 431 1768 480 cum
1818 410 1986 481 illuc
2034 412 2374 490 venisset,
2430 411 2653 480 tribus
2701 408 2799 479 ibi
2869 411 3136 480 mansit

583 499 857 570 diebus.
912 505 1164 583 Quarto
1211 522 1369 570 vero
1414 521 1575 570 cum
1617 502 1765 591 jam
1815 500 1901 568 ad
1951 520 2078 571 nos
2125 500 2366 570 reverti
2416 498 2833 590 disponeret,
2881 520 3138 570 caecus

582 587 723 672 ille,
768 589 1049 659 nomine
1096 588 1435 670 AlbricUS,
1473 589 1677 678 cujus
1715 588 1784 657 in
1838 588 2314 679 superioribus
2357 588 2651 659 fecimus
2681 587 3134 670 mentionem,

585 677 883 748 detinuit
929 677 1122 748 abire
1170 688 1553 767 parantem,
1608 676 1967 748 affirmans
1994 700 2151 748 eum
2206 699 2341 747 non
2387 678 2583 768 prius
2617 678 2744 747 iter
2775 698 2985 747 suum
3030 678 3144 745 in-

636 788 1017 847 ressurum,
1084 786 1293 853 quam
1345 765 1481 835 tale
1527 766 1584 836 si
1640 788 1809 835 num
1858 766 2011 835 fieri
2047 766 2354 847 vidisset,
2409 767 2611 867 cujus
2652 766 2982 837 relatione
3030 788 3148 836 me

613 868 842 925 aetum
889 868 1097 943 atque
1135 853 1392 945 oppido
1441 789 1857 945 gaudentem
1892 854 2210 945 efficeret.
2264 855 2542 926 Addidit
2588 855 2820 935 etiam,
2878 855 3138 925 beatis-

586 945 799 1014 simos
847 956 1186 1033 martyres
1219 944 1584 1033 praeterita
1625 955 1820 1013 nocte
1868 945 2002 1014 sibi
2038 945 2107 1012 in
2159 945 2425 1014 somnis
2457 943 2890 1034 apparuisse,
2935 958 3148 1031 atque

586 1033 714 1103 hoc
763 1033 835 1100 in
889 1030 1213 1101 mandata
1246 1031 1542 1112 dedisse,
1587 1045 1664 1101 ut
1699 1033 2125 1122 perquireret
2157 1032 2529 1121 quemdam
2576 1054 2977 1123 pauperem,
3016 1053 3143 1101 no-

585 1122 773 1190 mine
822 1121 1307 1200 Gisalbertum‚
1363 1121 1655 1190 immani
1704 1120 1912 1211 gibbo
1960 1121 2365 1212 depressum
2407 1146 2487 1192 ac
2515 1121 2806 1212 proinde
2833 1143 3136 1199 curvum

585 1221 652 1279 et
700 1210 1026 1280 brevibus
1071 1208 1341 1279 baculis
1404 1209 1857 1291 innitentem,
1935 1224 2139 1297 atque
2206 1211 2562 1281 inventum
2627 1211 2696 1278 in
2760 1210 3145 1280 coenaculo

585 1298 771 1385 quod
821 1320 1034 1388 supra
1083 1298 1424 1388 porticum
1466 1297 1793 1368 basilicae
1840 1312 1966 1380 est,
2007 1310 2313 1389 tempore
2347 1299 2672 1369 matutini
2702 1298 2910 1369 officii
2940 1298 3148 1385 juxta

585 1386 917 1475 reliquias
954 1408 1133 1473 quae
1181 1386 1277 1455 ibi
1325 1400 1520 1456 erant
1552 1387 1940 1468 collocaret,
1979 1410 2058 1458 eo
2090 1387 2276 1475 quod
2311 1388 2410 1458 ibi
2447 1409 2568 1478 per
2594 1388 2838 1457 merita
2885 1400 2950 1457 et
2997 1388 3144 1456 vir-

586 1486 799 1545 tutem
852 1479 1301 1557 Sanctorum,
1365 1497 1662 1562 quorum
1713 1475 1871 1546 illae
1921 1476 2251 1564 reliquiae
2297 1489 2564 1557 essent,
2619 1475 2706 1546 de
2753 1476 2877 1546 illa
2940 1476 3146 1566 gibbi

589 1563 1018 1634 deformitate
1065 1576 1270 1651 atque
1315 1564 1670 1634 curvitatis
1719 1565 2161 1635 incommodo
2209 1565 2488 1634 liberari
2539 1565 2840 1635 deberet.
2894 1566 3146 1634 Paruit

587 1652 706 1752 ill-e
738 1652 1079 1735 suadenti,
1110 1666 1314 1740 atque
1361 1653 1509 1734 iter,
1562 1653 1743 1741 quod
1789 1653 2067 1745 aggredi
2120 1667 2501 1743 paraverat,
2536 1652 2808 1724 distulit
2856 1654 2928 1721 in
2976 1659 3141 1723 cr'a-

590 1754 880 1811 stinum.

678 1832 899 1917 §112
934 1833 1187 1899 Caecus
1215 1828 1329 1899 ille
1344 1831 1622 1921 jussum
1651 1852 2026 1931 pauperem
2057 1833 2463 1922 perquirens
2489 1832 2772 1912 invenit,
2799 1844 2865 1900 et
2892 1842 2968 1900 ut
3001 1832 3146 1901 sibi

591 1930 1039 2009 praeceptum
1091 1930 1257 1999 erat,
1316 1918 1386 1987 in
1437 1920 1916 2009 superioribus
1961 1920 2291 1990 ecclesiae
2386 1921 2653 1990 artibus
2693 1920 2891 2007 juxta
2940 1941 3150 2009 prae-

592 2005 818 2078 dictas
869 2006 1219 2094 Reliquias
1257 2006 1464 2077 officii
1515 2008 1838 2078 matutini
1887 2020 2189 2099 tempore
2237 2008 2339 2079 col
2373 2009 2614 2078 ocavit.
2669 2014 2876 2079 Erant
2906 2021 3150 2079 autem

588 2095 750 2165 illae
800 2095 1154 2182 reliquiae,
1209 2096 1391 2183 quod
1442 2097 1756 2166 nondum
1800 2119 2232 2178 noveramus,
2288 2097 2471 2168 beati
2519 2098 2715 2166 Marii
2765 2098 3141 2186 martyris,

588 2197 656 2254 et
686 2184 920 2254 uxoris
950 2206 1031 2253 ac
1063 2183 1364 2255 filiorum
1392 2186 1566 2275 ejus,
1607 2185 1906 2255 Marthae
1936 2185 2273 2268 videlicet,
2310 2185 2661 2257 Audlsacis
2686 2200 2753 2256 et
2784 2187 3142 2256 Habacuc.

498 2348 501 2351 ,
589 2279 775 2356 Quae
841 2272 1081 2360 utique
1128 2273 1338 2342 simul
1387 2295 1549 2344 cum
1600 2288 1996 2344 sanctorum
2060 2274 2439 2344 Marcellini
2488 2287 2554 2345 et
2601 2276 2780 2344 Petri
2829 2277 3147 2363 corpori-

586 2362 745 2442 bus,
799 2361 967 2431 etin
1002 2360 1241 2431 eodem
1292 2361 1516 2432 loculo
1546 2361 1633 2431 ad
1668 2383 1795 2433 nos
1843 2362 2145 2453 perlatae
2192 2376 2395 2433 sunt:
2452 2364 2570 2434 sed
2612 2365 2673 2433 is
2713 2364 2836 2451 qui
2877 2385 2993 2432 eas
3017 2364 3150 2434 de·

589 2451 768 2533 tulit,
814 2450 1016 2541 cujus
1061 2460 1290 2521 essent
1330 2450 1660 2538 reliquiae
1711 2451 2017 2523 nescivit.
2071 2458 2236 2523 Nam
2290 2451 2429 2534 ille,
2465 2454 2586 2540 qui
2635 2474 2751 2523 eos
2802 2452 3148 2523 mihimi-

589 2553 792 2621 serat,
857 2539 1176 2631 promisit
1223 2562 1294 2610 se
1326 2540 1412 2609 ad
1448 2562 1558 2610 me
1592 2562 1743 2611 esse
1783 2554 2178 2622 venturum,
2232 2565 2312 2611 ac
2361 2542 2645 2611 nomina
2690 2547 3140 2625 Sanctorum,

588 2651 884 2716 quorum
938 2629 1067 2700 hae
1114 2629 1447 2717 reliquiae
1474 2629 1717 2709 forent,
1764 2652 1885 2719 per
1916 2630 2364 2720 semetipsum
2416 2631 2587 2700 mihi
2630 2631 3145 2714 indicaturum,

588 2718 770 2806 quod
815 2731 1050 2809 postea
1077 2717 1332 2788 sactum
1384 2731 1508 2787 est.
1562 2724 1832 2809 Pauper
1879 2740 2059 2798 vero,
2098 2719 2217 2806 qui
2258 2719 2457 2809 juxta
2496 2719 2653 2791 illas
2685 2741 2726 2789 a
2757 2732 3144 2791 memorato

589 2829 794 2877 caeco
849 2807 1071 2877 suerat
1116 2806 1514 2888 collocatuS‚
1568 2829 1730 2876 cum
1781 2807 2086 2878 secunda
2136 2806 2333 2877 lectio
2381 2807 2468 2877 ad
2512 2820 2935 2879 nocturnum
2985 2808 3147 2879 offi-

592 2897 781 2965 cium
814 2917 890 2965 ex
937 2916 1126 2965 more
1166 2895 1525 2985 legeretur,
1563 2895 1745 2966 edito
1775 2896 2040 2988 ingenti
2087 2896 2409 2978 clamore,
2448 2918 2586 2966 non
2622 2897 2975 2966 modicum
3010 2920 3143 2988 pa-

591 3005 821 3053 vorem
870 2983 1315 3068 audientibus
1369 2984 1681 3054 incussit.
1737 2984 1830 3055 Ad
1878 3005 2086 3072 quem
2135 3005 2292 3055 cum
2350 2984 2671 3056 nonnulli
2718 2985 3140 3056 clericorum

590 3092 733 3141 una
779 3093 938 3140 cum
975 3071 1093 3141 illo
1151 3071 1271 3158 qui
1320 3073 1447 3142 hoc
1496 3073 1596 3143 ibi
1642 3074 1943 3165 opperiri
1969 3074 2214 3162 jussus
2247 3073 2470 3143 fuerat
2508 3075 2998 3154 accurrissent,
3035 3077 3146 3145 in-

592 3171 926 3229 venerunt
979 3181 1137 3230 eum
1187 3182 1497 3250 pronumx
1535 3173 1739 3249 atque
1784 3175 2131 3232 extentum
2173 3175 2451 3253 propter
2497 3164 2714 3233 altare
2752 3165 3138 3254 jacentem,

597 3249 1209 3339 pavimentumque
1252 3248 1435 3336 quod
1485 3250 1587 3318 ori
1634 3250 1785 3339 ejus
1819 3251 2210 3338 subjectum
2249 3264 2393 3321 erat
2438 3252 2740 3340 plurimo
2797 3253 3147 3342 sanguine

594 3336 906 3408 madens.
961 3342 1174 3420 Quem
1236 3336 1559 3419 levantes,
1611 3352 1675 3407 et
1724 3338 1930 3407 allata
1986 3342 2174 3426 aqua¹
2213 3339 2699 3422 refocillanteS,
2770 3362 3023 3410 sanum
3074 3357 3143 3412 et

592 3439 883 3506 rectum,
918 3447 1141 3513 neque
1177 3425 1319 3496 ulla
1354 3426 1737 3496 camelinae
1775 3425 1967 3496 illius
2006 3427 2431 3498 tortitudinis
2465 3430 2664 3520 signa
2707 3431 3172 3512 retinentem,·
3214 3422 3236 3448 '

594 3515 669 3583 in
715 3513 1074 3672 inferior?
1120 3514 1449 3585 ecclesiae
1500 3527 1727 3605 partes
1774 3516 2273 3606 gratulabundi
2322 3516 2782 3589 deduxerunt.
2823 3522 2970 3600 Quo
3011 3519 3148 3587 mi-

595 3603 836 3673 raculo
869 3604 939 3672 in
1040 3625 1177 3672 unc
1226 3603 1512 3672 modum
1564 3617 1862 3694 peractO,
1916 3605 1975 3674 is
2022 3627 2224 3692 quem
2278 3605 2447 3677 illuc
2492 3607 2846 3684 miseram,
2899 3605 2985 3675 ad
3037 3628 3153 3677 me

595 3714 757 3761 curn
808 3713 1083 3761 summa
1129 3691 1566 3763 festinatione
1616 3713 1996 3784 regreSSUS,
2053 3717 2214 3765 curn
2271 3716 2349 3764 ea
2397 3717 2575 3782 quae
2630 3694 2895 3764 viderat
2957 3709 3150 3767 retu-

596 3777 811 3860 lisset,
870 3801 1123 3870 magno
1159 3802 1284 3850 nos
1333 3780 1589 3872 gaudio
1637 3794 1843 3868 atque
1889 3782 2303 3853 exultatione
2353 3784 2660 3874 replevit.

684 3870 720 3955 ἓ
767 3874 899 3942 11.
956 3869 1097 3940 Sub
1148 3869 1327 3939 idem
1380 3868 1519 3939 sere
1568 3882 1864 3960 tempus,
1918 3892 2078 3941 cum
2131 3871 2480 3943 Ratleicus
2511 3896 2551 3942 a
2594 3872 2794 3943 nobis
2824 3871 2912 3940 ad
2962 3872 3154 3942 basi-

594 3956 799 4026 licam
852 3970 1236 4048 martyrum
1307 3979 1661 4049 regressus
1722 3972 1860 4044 est,
1914 3959 2167 4029 allatus
2213 3975 2317 4030 est
2364 3961 2568 4032 nobis
2615 3962 2778 4030 inde
2827 3959 3148 4044 libellus,

594 4046 959 4116 continens
1006 4048 1212 4117 verba
1271 4060 1337 4116 et
1405 4046 2014 4118 ratiocinationem.
2049 4048 2416 4138 cujusdam
2467 4049 2851 4131 daemoniS,
2904 4050 3029 4136 qui
3079 4073 3155 4121 se

594 4134 1000 4226 Wiggonem
1052 4135 1468 4206 nominavit:
1522 4158 1699 4223 quae
1734 4136 1912 4207 facta
1944 4148 2048 4207 est
2076 4138 2162 4207 ab
2193 4159 2271 4239 eo
2300 4159 2534 4208 coram
2585 4138 2824 4214 multis
2859 4137 3154 4209 testibus

546 4237 552 4243 ·
597 4237 755 4324 ante
803 4223 1040 4325 altare,
1069 4224 1269 4315 juxta
1301 4224 1485 4312 quod
1537 4226 1716 4295 sacri
1766 4239 2149 4317 martyrum
2200 4248 2467 4298 cineres
2503 4227 2785 4318 repositi
2834 4240 3021 4309 sunt,
3056 4227 3150 4297 ad

596 4324 1198 4404 interrogationem
1239 4315 1644 4404 presbyteri,
1684 4315 1802 4402 qui
1853 4314 2312 4385 exorcismum
2345 4338 2555 4407 super
2586 4337 3142 4406 energumenum

599 4402 894 4494 legerat:
947 4403 1134 4491 quod
1182 4403 1311 4474 hoc
1361 4403 1566 4474 modo
1632 4404 2003 4494 contigisse
2068 4416 2411 4475 narratur.
2481 4404 2850 4474 Praedium
2899 4417 3001 4476 est
3067 4404 3142 4473 in
