3357 4995
730 317 814 383 32
1472 335 1562 382 im
1608 336 1667 383 s.
1722 334 1993 384 snmoivii
2043 333 2343 383 iioivacno
2873 314 3087 380 JUNII
3135 316 3157 378 l

644 440 896 512 panem
946 419 1285 499 comedit,
1337 418 1422 488 de
1472 420 1662 510 pisce
1708 419 1947 491 oculos
1999 420 2297 500 inunxit,
2351 430 2555 507 atque
2603 418 2699 489 ita
2744 416 3167 489 obdormivit.

643 513 720 577 In
773 507 942 608 galli
990 522 1200 579 cantu
1245 508 1746 599 expergefacta,
1781 522 1846 579 et
1891 531 2053 579 cum
2103 508 2370 579 lumine
2402 506 2765 578 oculorum
2799 506 2999 597 plena
3029 525 3170 575 cor-

641 617 832 687 poris
881 596 1173 667 sanitate
1220 611 1491 688 recepta
1525 651 1541 679 ,
1611 597 1696 666 ad
1762 620 1939 688 opus
1989 597 2286 679 resedit,
2338 609 2404 667 et
2452 595 2867 666 mirantibus
2913 593 3166 673 amicis,

641 690 810 755 Jesu
856 685 1122 755 Christo
1187 686 1446 785 gratias
1510 686 1700 787 egit,
1751 687 1873 774 qui
1935 708 2056 787 per
2103 686 2349 755 merita
2396 685 2506 756 sui
2552 684 2798 757 famuli
2846 680 3173 753 Simeonis

643 772 1015 863 perfectam
1061 787 1424 844 sanitatem
1461 774 1480 843 i
1538 796 1599 843 si
1643 786 2116 845 concessisset.
2156 773 2450 856 Quidam
2485 772 2824 864 puerulus
2857 770 3175 861 hydropis

643 861 886 932 morbo
934 861 1423 933 miserabiliter
1518 863 1810 934 istentus
1856 885 2017 933 cum
2065 863 2270 933 etiam
2303 885 2344 932 a
2376 862 2665 932 medicis
2711 860 3175 951 desperaretur

642 950 911 1041 (venter
955 951 1141 1019 enim
1176 1006 1191 1032 ,
1244 949 1472 1020 virilia
1527 964 1596 1021 et
1651 973 1968 1039 quaeque
2015 951 2344 1022 interiora
2390 952 2484 1021 ita
2541 950 3060 1028 intumuerant,
3105 957 3176 1015 ut

642 1039 755 1109 vix
804 1038 1122 1109 incedere
1158 1094 1174 1122 ,
1230 1040 1336 1108 vix
1402 1052 1583 1111 stare
1647 1040 1752 1110 vel
1801 1040 2038 1111 sedere
2084 1040 2410 1129 valeret):
2468 1040 2663 1130 petiit
2709 1059 2782 1109 se
2830 1037 2915 1107 ad
2962 1037 3176 1105 virum

646 1128 764 1198 Dei
814 1128 1202 1198 Simeonem
1251 1127 1525 1209 deduci,
1579 1128 1842 1211 dicens,
1895 1129 2082 1217 quod
2133 1128 2384 1200 medici
2434 1150 2570 1198 non
2624 1138 2924 1217 possent,
2987 1122 3176 1194 illum

646 1237 872 1306 posse.
925 1215 1280 1287 Adductus
1326 1217 1564 1306 igitur,
1599 1240 1722 1308 per
1753 1229 1891 1288 tres
1920 1218 2068 1287 dies
2098 1217 2185 1287 de
2217 1230 2380 1308 potu
2414 1216 2609 1287 illius
2641 1217 2912 1297 bibenS‚
2948 1221 3179 1301 quarta

646 1304 951 1385 demum,
997 1304 1109 1375 die
1168 1306 1393 1396 coepit
1439 1305 1694 1377 melius
1742 1306 2042 1377 haberet
2096 1307 2336 1394 sicque
2382 1306 2692 1376 Oratione
2740 1305 2871 1374 viri
2921 1302 3035 1373 Dei
3078 1320 3179 1368 re·

647 1393 931 1463 stitutus
986 1404 1088 1463 est
1146 1393 1480 1483 pristinae
1527 1395 1832 1464 sanitati.
1908 1394 2256 1478 Quaedam
2316 1393 2618 1475 mulier,
2680 1414 2859 1482 quae
2909 1408 3177 1462 manum

646 1481 1019 1563 dexteram,
1072 1481 1308 1574 digitis
1358 1482 1628 1572 palmae
1675 1484 2264 1563 adhaerentibus,
2318 1483 2586 1574 aperire
2636 1502 3021 1570 numquam
3072 1498 3179 1568 po-

618 1582 841 1657 .,terat‚
895 1571 979 1639 ad
1032 1569 1430 1661 sepulcrum
1481 1572 1610 1641 viri
1659 1572 1776 1641 Dei
1825 1572 2030 1653 venit,
2100 1593 2390 1641 manum
2456 1593 2618 1642 cum
2676 1571 2815 1641 fide
2861 1587 3182 1669 superpo·

581 1717 593 1728 .
647 1660 810 1740 suit,
865 1679 1159 1746 moxque
1204 1658 1441 1750 digitis
1479 1661 1789 1742 extentiS‚
1837 1660 2100 1731 meritis
2148 1661 2277 1729 viri
2335 1660 2451 1729 Dei
2499 1680 2741 1730 sanam
2796 1669 3092 1728 retraxit.
3207 1668 3210 1669 *
3307 1736 3308 1747 χ

738 1755 777 1829 ἓ
824 1749 959 1820 ss.
1012 1750 1091 1816 In
1141 1747 1500 1818 festivitate
1540 1750 1763 1819 sancti
1804 1750 1982 1818 Petri
2019 1749 2103 1818 ad
2148 1747 2642 1829 vincula,·alia
2691 1747 2969 1827 mulier,
3019 1761 3185 1833 quae

654 1835 1020 1907 sinistrum
1058 1836 1424 1913 brachium
1473 1859 1634 1908 cum
1687 1858 1902 1907 manu
1963 1850 2392 1908 contractum
2442 1837 2761 1918 habebat,
2816 1836 2901 1905 ad
2962 1829 3185 1925 sepul·

649 1946 848 1996 crum
912 1925 1093 1996 beati
1160 1925 1499 1994 Simeonis
1560 1926 1793 1995 venit:
1846 1947 2024 2015 quae
2061 1926 2359 1997 extensis
2407 1926 2600 1996 venis
2646 1938 2714 1995 et
2761 1935 2968 2016 rupta
3013 1932 3181 1998 cute,

651 2014 784 2084 sub
834 2013 1033 2087 ,omni
1092 2013 1433 2085 celeritate
1492 2013 1830 2084 medelam
1896 2015 2298 2115 promeruit.
2360 2014 2610 2084 Eodem
2675 2024 2984 2103 tempore
3029 2027 3188 2102 puer

651 2099 939 2189 quidam
981 2113 1220 2172 mutus
1266 2101 1349 2173 ad
1404 2102 1805 2192 sepulcrum
1855 2126 1983 2172 viri
2037 2105 2152 2173 Dei
2213 2102 2580 2183 adductus,
2646 2102 2875 2173 officio
2921 2101 3190 2199 linguae
3309 2158 3310 2191 3

649 2200 756 2259 est
800 2190 1184 2262 restitutus.
1241 2189 1430 2260 Alius
1478 2191 1799 2261 similiter
1835 2205 2071 2262 mutus
2122 2192 2460 2282 puerulus
2520 2190 2606 2261 ad
2657 2191 2789 2260 viri
2831 2203 3046 2262 sancti
3096 2206 3189 2256 se·
3309 2246 3310 2251 ,

651 2275 980 2369 pulcrum
1018 2278 1336 2359 mittitur,
1391 2278 1458 2348 in
1513 2279 1619 2348 via
1661 2279 1990 2367 loquitur:
2024 2279 2311 2350 domum
2344 2301 2683 2359 reversuS,
2725 2292 2989 2360 mutuS,
3026 2277 3193 2346 sicut

652 2378 878 2448 antea,
914 2366 1231 2437 efficitur.
1271 2372 1526 2436 Iterum
1568 2390 1730 2438 cum
1767 2370 1939 2440 votis
1970 2369 2053 2438 ad
2090 2368 2492 2459 sepulcrum
2528 2389 2868 2449 reversus,
2909 2365 3191 2468 perfecte

653 2468 960 2527 sanatur.
1007 2455 1319 2538 Quadam
1369 2455 1480 2525 die
1520 2456 1878 2528 Dominica
1921 2457 2087 2528 dum
2131 2457 2473 2547 quaedam
2497 2456 2766 2549 puella,
2813 2477 3014 2548 cujus
3043 2454 3191 2525 bra·-

653 2545 894 2638 chium
932 2545 1155 2615 ventri
1202 2545 1626 2626 inhaerebat,
1683 2547 1771 2616 ad
1820 2547 2220 2638 sepulcrum
2257 2546 2503 2616 famuli
2552 2547 2667 2616 Dei
2719 2545 3062 2616 Simeonis
3087 2562 3192 2610 ve·

653 2634 892 2715 nisset,
943 2633 1311 2708 brachium
1346 2689 1362 2715 ,
1415 2635 1644 2722 quod,
1698 2646 2128 2707 excrescente
2182 2657 2390 2706 carne
2460 2635 2569 2704 vix
2628 2633 2848 2704 videri
2915 2640 3191 2724 poterat,

652 2736 1014 2814 praesente
1061 2723 1319 2880 populo
1367 2722 1646 2802 exilivit,
1684 2737 1752 2794 et
1800 2724 2165 2815 perfectam
2217 2725 2607 2804 sanitatem,
2642 2744 2856 2810 quam
2909 2721 3191 2813 petebat,

653 2811 1054 2901 promeruit.
1109 2816 1156 2880 Α
1188 2812 1254 2881 ia
1302 2812 1686 2894 Dominica,
1745 2813 1997 2883 mulier
2043 2836 2207 2884 cum
2248 2812 2538 2905 parvula
2578 2812 2726 2881 filia
2773 2834 2954 2900 quae
3001 2827 3198 2881 caeca

658 2921 700 2968 a
749 2899 1101 2968 nativitate
1160 2899 1428 2980 fuerat,
1486 2902 1670 2972 venit
1735 2901 1821 2971 ad
1887 2903 2066 2972 beati
2127 2902 2255 2971 viri
2320 2901 2747 2992 sepulcrum.
2820 2906 2997 2970 Dum
3045 2914 3198 2985 ergo

656 2987 864 3056 Missa
910 2987 1341 3069 celebratur,
1398 2989 1629 3079 puella
1690 2990 2153 3061 illuminatur.
2209 2996 2487 3062 Matrem
2552 2990 2857 3080 respicit,
2899 2987 3018 3058 sed
3069 3003 3194 3082 non

656 3076 1033 3165 cognoscit.
1090 3074 1218 3146 Illa·
1262 3078 1722 3170 interrogans,
1775 3080 1944 3167 quid
1996 3080 2132 3150 sibi
2178 3082 2389 3150 esset?
2436 3080 2790 3169 cognoscit
2830 3077 3017 3166 quod
3065 3072 3201 3144 filia

657 3186 785 3234 sua
818 3164 1097 3234 videret.
1137 3167 1402 3247 Gavisa,
1442 3166 1691 3238 factam
1741 3168 1812 3236 in
1863 3190 1937 3238 se
1988 3167 2533 3240 misericordiam
2581 3166 2842 3257 populo
2893 3163 3191 3235 nunciat.

655 3251 963 3342 Populus
1019 3274 1181 3324 vero
1225 3255 1543 3325 virtutem
1592 3254 1842 3327 Christi
1912 3258 1983 3325 in
2053 3258 2318 3327 meritis
2356 3255 2579 3327 sancti
2647 3255 2991 3340 Simeonis
3061 3252 3202 3320 lau-

658 3340 798 3411 dat.
854 3340 981 3411 Sed
1030 3362 1191 3412 cum
1241 3342 1476 3413 Clerus
1526 3365 1637 3413 ma
1694 3344 2082 3415 nitudinem
2132 3346 2301 3415 tanti
2343 3342 2665 3413 miraculi
2702 3365 2840 3414 non
2877 3341 3196 3415 crederet,

660 3428 890 3530 subito
936 3442 1252 3521 parentes
1300 3431 1491 3501 illius
1542 3453 1664 3502 mu
1698 3433 1860 3504 ieris
1887 3446 1953 3502 et
1986 3433 2289 3503 ministri
2318 3431 2405 3502 de
2438 3431 2602 3501 villa
2640 3432 3049 3510 adveniunt,
3087 3423 3204 3525 qui

660 3517 854 3587 illam
903 3540 944 3589 a
993 3520 1341 3590 nativitate
1389 3542 1667 3590 caecam
1716 3521 1932 3596 fuisse
1986 3522 2437 3592 testabantur.
2517 3526 2663 3600 Mox
2723 3533 2872 3591 tota
2920 3519 3205 3614 ecclesia

661 3606 1010 3763 ghristum
1076 3607 1363 3689 laudat,
1415 3609 1539 3696 qui
1609 3608 1953 3681 famulum
2005 3632 2214 3681 suum
2266 3610 2654 3679 Simeonem
2707 3621 2802 3680 tot
2851 3604 3208 3678 miraculis

660 3717 684 3763 i
745 3707 984 3766 ustret.
2051 3758 2056 3764 .

747 3785 785 3871 ξ
830 3788 969 3858 18.
1023 3785 1320 3868 Quidam
1369 3785 1843 3856 Adalmannus
1890 3788 2061 3857 civis
2109 3786 2551 3868 TrevirensiS,
2609 3787 2736 3856 iter
2774 3786 3064 3867 facienS,
3095 3783 3208 3851 ho·

661 3872 959 3963 spitatus
987 3886 1090 3944 est
1124 3875 1192 3943 in
1228 3873 1435 3945 domo
1468 3874 1863 3966 cujusdam,
1901 3876 2024 3964 qui
2054 3875 2278 3945 filium
2313 3875 2609 3946 habebat
2632 3897 2946 3945 caecum.
2986 3868 3210 3944 Suasit

660 3962 1000 4062 ergo-illi,
1053 3975 1132 4034 ut
1177 3962 1403 4032 filium
1453 3963 1540 4033 ad
1592 3964 1992 4054 sepulcrum
2061 3964 2528 4054 hominis-Dei
2577 3965 2883 4043 duceret,
2946 3959 3210 4031 miseri-

660 4048 972 4120 cordiam
1005 4051 1436 4122 inventurus.
1474 4052 1599 4122 Ille
1646 4063 1877 4123 votum
1929 4053 2213 4142 faci-ens,
2252 4074 2540 4123 censum
2572 4052 2838 4141 aliquot
2871 4066 3212 4120 annorum

659 4137 807 4237 viro
856 4139 972 4207 Dei
1022 4140 1359 4228 promittit
1407 4140 1867 4223 reddendum,
1911 4163 2206 4229 moxque
2250 4142 2319 4209 in
2356 4142 2560 4211 domo
2591 4143 2743 4231 eJus
2774 4162 2951 4230 puer
2980 4140 3213 4210 lumen

661 4227 929 4327 recipit.
985 4227 1339 4298 videntem
1388 4229 1618 4317 itaque
1667 4230 1750 4299 ad
1790 4230 2191 4321 sepulcrum
2242 4229 2551 4312 adducit,
2586 4244 2652 4301 et
2683 4229 2948 4320 gratias
2978 4234 3215 4297 sancto

667 4336 812 4382 viro
853 4318 1154 4387 Simeoni
1202 4317 1449 4388 reddit.
1486 4319 1856 4402 Quaedam
1898 4319 2150 4389 mulier
2199 4318 2578 4408 permultos
2618 4339 2841 4389 annos
2871 4318 3026 4387 visu
3056 4334 3219 4384 ocu-

666 4402 891 4473 lorum
943 4405 1229 4496 privata,
1283 4407 1454 4479 dum
1504 4408 1906 4500 sepulcrum
1942 4408 2122 4480 beati
2170 4406 2584 4480 confessoris
2618 4429 2740 4500 per
2773 4406 3043 4492 aliquot
3073 4401 3218 4472 dies

3285 2505 3306 2640 i

3277 2755 3312 4790 ἱ
