3357 4995
196 279 416 348 JUNII
462 279 547 345 27
971 296 1052 343 nn
1099 295 1155 343 s.
1209 295 1535 347 sansone
1580 296 1951 347 ximonocno
2521 282 2651 348 6⁴9

196 382 465 454 fructus
495 390 771 452 noverat
806 403 887 465 ex
926 380 1333 452 seminibus,
1379 386 1592 469 Atque
1628 387 1759 453 Deo
1806 383 2092 471 quidem
2138 382 2353 474 digna
2377 394 2442 454 et
2471 384 2738 455 munda

196 471 390 544 illius
437 472 669 542 anima
726 469 813 540 ad
863 469 1186 541 coelestes
1235 471 1481 541 transit
1546 469 2041 543 habitationes:
2098 494 2371 543 sacrum
2445 495 2602 544 vero
2670 486 2738 545 et

195 573 514 631 sanctum
554 561 705 650 ejus
751 580 1003 650 corpus
1051 558 1424 649 deponitur
1469 559 1966 631 honorabiliter
2013 561 2084 630 in
2136 563 2436 632 maximo
2482 563 2740 653 templo

196 650 384 721 Motii
424 649 768 739 martyris,
807 660 1042 739 utpote
1078 648 1262 735 quod
1314 670 1613 740 magnus
1652 648 1769 719 ille
1820 654 2105 720 Samson
2157 671 2237 721 ex
2284 673 2363 721 eo
2395 650 2742 722 diceretur

194 739 464 808 trahere
497 738 999 829 cognationem,
1042 759 1178 808 non
1227 759 1511 829 corpore
1537 737 1789 821 solum,
1827 738 1946 809 sed
1998 738 2216 810 multo
2250 741 2471 830 magis
2502 741 2740 811 animo

190 839 263 898 et
308 827 643 898 moribus.
698 832 917 910 Quam
959 826 1196 897 multis
1244 839 1473 897 autem
1531 827 1764 897 clarus
1812 826 2017 898 fuerit
2058 828 2437 910 miraculis,
2476 830 2599 917 qui
2638 841 2743 900 est

190 917 270 986 in
320 917 528 986 rebus
576 914 903 986 omnibus
953 915 1248 985 maxime
1309 915 1764 999 admirabilis,
1819 938 1956 987 non
2007 917 2077 985 in
2130 917 2266 988 vita
2312 917 2563 1000 solum,
2619 918 2737 989 sed

185 1005 400 1076 etiam
453 1004 672 1076 multo
724 1005 945 1096 magis
992 1018 1145 1095 post
1190 1017 1507 1086 mortem,
1547 1028 1768 1093 neque
1800 1005 2042 1097 lingua
2072 1018 2294 1097 potest
2333 1006 2585 1090 dicere,
2624 1029 2741 1077 ne-

189 1117 332 1184 que
386 1094 577 1164 auris
625 1093 1008 1163 admittere.
1064 1093 1420 1175 Quomodo
1456 1095 1677 1175 enim,
1743 1095 1944 1252 cuqus
2012 1117 2137 1165 nec
2188 1097 2258 1165 in
2321 1095 2736 1167 hodiernum

190 1183 475 1272 quidem
523 1183 706 1252 diem
749 1181 1205 1252 constiterunt
1253 1184 1511 1253 fluenta
1562 1183 1827 1253 miracu
1857 1188 2107 1253 orum?
2137 1188 2357 1254 Immo
2405 1206 2561 1255 vero
2615 1207 2738 1254 nec

191 1272 571 1343 consistent
615 1270 924 1359 quidem,
964 1270 1182 1339 donec
1222 1271 1336 1341 ille
1388 1272 1573 1341 idem
1621 1271 1850 1354 fuerit,
1888 1283 1953 1342 et
1999 1272 2309 1342 e‘usdem
2361 1284 2595 1343 utetur
2638 1273 2736 1342 vi-

191 1362 531 1442 sceribu5‚
609 1382 731 1452 pro
780 1359 1184 1430 hominibus
1231 1360 1418 1451 apud
1468 1366 1677 1430 Deum
1744 1361 1998 1432 interce
2051 1383 2197 1430 ens.
2275 1367 2494 1431 Pauca
2543 1383 2730 1453 erg0,

191 1451 252 1520 si
285 1449 578 1531 videtur,
632 1448 719 1519 ad
771 1449 886 1519 Dei
935 1448 1252 1540 gloriam,
1304 1461 1369 1518 et
1425 1449 1511 1518 ad
1571 1471 1838 1530 eorum,
1895 1450 2016 1538 qui
2066 1450 2383 1532 audiunt,
2438 1451 2736 1521 delecta-

191 1539 473 1621 tionem,
526 1561 605 1640 ex
653 1538 739 1607 iis
785 1560 960 1625 quae
1002 1550 1154 1629 post
1184 1539 1334 1629 ejus
1365 1537 1528 1608 hinc
1552 1560 1907 1608 excessum
1943 1538 2123 1610 sacta
2155 1550 2339 1615 sunt.
2379 1539 2736 1609 tractanda

192 1639 358 1699 sunt
403 1640 732 1697 oratione.

277 1720 314 1804 ἓ
360 1721 516 1789 ss).
572 1721 648 1785 Et
698 1716 1003 1807 primum
1053 1717 1334 1804 quidem
1381 1715 1562 1804 quod
1615 1728 1681 1786 et
1728 1716 1985 1785 multae
2033 1715 2315 1805 linguae
2347 1731 2630 1798 canunt,
2672 1728 2738 1787 et

196 1805 354 1874 libri
403 1804 654 1886 ferunt,
696 1816 759 1875 et
807 1826 1047 1874 omnes
1095 1805 1408 1886 credunt,
1446 1816 1512 1875 et
1548 1804 1729 1891 quod
1775 1806 1843 1873 in
1880 1805 2200 1896 populari
2250 1806 2577 1887 tumultu,
2614 1806 2735 1894 qui

196 1894 526 1963 adversus
586 1916 918 1984 magnum
970 1893 1168 1963 illum
1232 1906 1295 1964 et
1344 1894 1520 1964 inter
1578 1899 2032 1984 Imperatores
2096 1894 2563 1965 clarissimum
2635 1906 2739 1965 est

196 1983 551 2063 excitam&
606 1995 682 2053 ut
731 1983 944 2061 fieret,
983 1982 1261 2052 accidit:
1313 2005 1450 2070 quo
1500 1995 1802 2072 tempore
1836 1983 2463 2054 audacissimorum
2526 1997 2736 2071 atque

191 2071 515 2160 inprimis
565 2071 1085 2142 temerariorum
1137 2071 1498 2141 hominum
1552 2094 1823 2153 manuS‚
1875 2073 2033 2163 igne
2067 2093 2380 2152 accenSO,
2421 2073 2733 2163 praecla-

190 2159 506 2229 rissimas
555 2176 619 2229 et
651 2160 1031 2230 ditissimas
1064 2161 1266 2230 aedes
1314 2160 1837 2251 aggrediuntur.
1892 2169 2104 2248 Atque
2142 2160 2296 2230 ince
2349 2162 2400 2230 it
2446 2160 2728 2247 quidem

186 2247 450 2316 malum
490 2271 529 2318 a
561 2249 860 2318 maximo
908 2249 1163 2339 templo
1215 2250 1327 2318 Dei
1362 2249 1677 2339 Sophiae,
1710 2249 1895 2336 quod
1926 2272 2089 2319 cum
2131 2249 2198 2317 in
2226 2270 2303 2317 or
2354 2271 2459 2317 em
2493 2250 2732 2318 omnia

180 2335 543 2416 exedisset,
596 2337 846 2406 deinde
877 2359 1158 2428 serpens
1204 2338 1388 2407 venit
1435 2360 1655 2424 usque
1704 2337 1790 2406 ad
1843 2336 2230 2429 praeclaras
2278 2337 2481 2406 aedes
2511 2337 2727 2406 divini

182 2426 565 2504 Samsonis,
601 2438 666 2496 et
698 2438 950 2497 tectum
986 2426 1230 2517 arripit
1276 2425 1607 2508 celeriter,
1645 2439 1710 2496 et
1736 2427 2034 2496 fremens
2082 2427 2375 2495 ulterius
2425 2427 2733 2518 procedit

175 2529 240 2584 et
285 2516 825 2586 existimabatur
869 2515 1033 2596 fore,
1091 2529 1166 2586 ut
1217 2538 1372 2586 mox
1405 2528 1535 2584 tota
1578 2516 1829 2585 domus
1867 2516 2151 2586 omnino
2192 2516 2522 2585 interiret.
2553 2516 2731 2599 Quid

178 2627 337 2692 ergo
369 2618 483 2674 est
533 2616 766 2697 postea
798 2618 1245 2692 consecutum
1270 2609 1301 2672 ‘l
1341 2605 1589 2674 Multae
1622 2604 1904 2691 quidem
1935 2627 2015 2674 ex
2055 2604 2339 2675 adverso
2368 2605 2436 2674 in
2475 2627 2555 2675 eo
2586 2627 2733 2674 mo-

182 2694 526 2763 vebantur
575 2717 825 2765 manus
857 2707 1087 2784 gratae
1135 2706 1199 2764 et
1246 2694 1422 2784 piae,
1476 2693 1644 2779 quid
1695 2715 1831 2764 non
1883 2693 2234 2774 facienteS‚
2273 2705 2339 2763 et
2385 2692 2552 2781 quid
2596 2715 2733 2763 non

184 2782 547 2852 molientes
595 2805 676 2852 ex
723 2783 809 2853 iis
856 2805 1034 2869 quae
1085 2795 1374 2872 possunt
1424 2782 1570 2851 fieri
1624 2781 1711 2851 ad
1765 2782 1947 2873 ignis
1996 2781 2462 2852 cohibendum
2517 2782 2735 2873 impe-

189 2874 382 2939 tum?
441 2872 565 2940 Sed
621 2871 882 2940 malum
943 2884 1087 2940 erat
1138 2871 1699 2962 inexpugnabile.
1743 2885 1810 2940 et
1860 2893 2067 2941 omne
2117 2871 2490 2961 superabat
2538 2871 2735 2939 auxi-

186 2959 386 3028 lium.
432 2960 741 3030 Vincitur
772 2972 999 3030 tamen
1032 2971 1098 3030 et
1143 2982 1221 3030 eo
1270 2960 1400 3029 fuit
1449 2962 1788 3050 potentior
1844 2982 2012 3029 cura
2068 2960 2304 3050 magni
2354 2960 2732 3029 SamsoniS.

188 3051 491 3118 Fuerunt
537 3050 747 3130 enim,
795 3048 1074 3119 fuerunt
1120 3049 1241 3136 qui
1276 3062 1439 3119 tunc
1470 3049 1667 3140 digni
1725 3063 1889 3119 sunt
1940 3048 2181 3128 habiti,
2233 3049 2355 3135 qui
2417 3047 2731 3117 divinum

186 3136 493 3206 viderent
536 3142 935 3207 Samsonem
974 3161 1092 3228 per
1119 3150 1372 3208 tectum
1409 3138 1865 3208 circumcirca
1893 3137 2369 3217 cursitantem,
2401 3149 2466 3206 et
2499 3136 2731 3227 ignem

186 3224 376 3295 incre
430 3238 685 3307 antem,
741 3239 805 3294 et
838 3227 1048 3296 veluti
1096 3226 1525 3308 frementem,
1569 3238 1634 3296 et
1664 3225 2167 3296 admirabiliter
2199 3226 2349 3315 ejus
2398 3226 2729 3316 impetum

184 3326 364 3383 retar
417 3327 674 3385 antem.
720 3318 929 3405 Cujus
977 3314 1257 3402 quidem
1307 3327 1590 3405 aspectu
1647 3314 1764 3384 ille
1811 3315 2023 3385 veluti
2071 3314 2593 3405 obstupefactus
2626 3335 2733 3382 re-

182 3405 515 3485 trocessit,
565 3416 630 3473 et
677 3416 777 3474 est
827 3426 1206 3490 repressus.
1249 3404 1506 3472 Deinde
1544 3425 1705 3472 curn
1739 3406 1998 3474 tonitru
2049 3417 2326 3494 repente
2360 3403 2726 3493 erupisset,

182 3493 461 3581 copiosa
508 3514 782 3580 quoque
830 3492 1094 3562 affluxit
1141 3493 1399 3583 pluvia,
1454 3515 1590 3579 quo
1623 3491 1880 3561 factum
1931 3504 2055 3572 est,
2091 3504 2167 3561 ut
2214 3492 2398 3582 ignis
2445 3493 2730 3579 quidem

177 3582 720 3673 extingueretur,
774 3581 1024 3652 domus
1051 3594 1278 3651 autem
1329 3581 2119 3651 conservareturillaesa
2201 3594 2419 3651 raeter
2448 3592 2729 3651 tectum.

273 3671 308 3755 ξ
355 3677 488 3744 11.
545 3670 923 3760 Adjiciatur
971 3669 1126 3740 aliis
1185 3671 1422 3762 magni
1473 3669 1825 3739 Samsonis
1884 3670 2151 3739 miracu
2185 3670 2241 3739 is
2305 3669 2728 3739 miraculum

179 3774 451 3844 quoque
501 3760 797 3830 Genesii.
854 3765 1019 3828 Nam
1070 3782 1231 3829 cum
1279 3758 1567 3846 eoquod
1619 3758 1817 3827 affert
1865 3770 2214 3836 terrorem,
2269 3758 2475 3827 habet
2520 3758 2729 3828 etiam

189 3840 255 3940 ip
309 3869 378 3914 se
402 3848 940 3939 jucunditatem,
988 3862 1052 3916 et
1106 3860 1208 3917 est
1254 3848 1500 3917 auditu
1549 3847 2068 3938 dignissimum.
2123 3848 2248 3917 Hic
2306 3869 2468 3938 ergo
2517 3852 2733 3916 Gene-

185 3950 330 4001 slus
364 3952 508 4008 erat
548 3937 828 4024 quidem
880 3960 1068 4008 unus
1100 3959 1180 4006 ex
1228 3938 1452 4007 clero:
1507 3935 1637 4005 fuit
1683 3948 1911 4006 autem
1951 3934 2204 4007 multos
2259 3958 2479 4006 annos
2521 3935 2732 4004 mini-

188 4030 323 4116 ster
369 4026 788 4096 Xenodochli
846 4048 980 4096 non
1043 4027 1277 4095 minus
1333 4025 1518 4094 enim
1582 4046 1793 4113 quam
1854 4025 2136 4114 triginta
2200 4046 2543 4095 annorum
2603 4023 2733 4093 fuit

187 4125 339 4192 ejus
388 4115 876 4186 ministerium.
944 4122 1102 4185 Erat
1155 4127 1381 4184 autem
1426 4114 1496 4182 in
1559 4135 1639 4183 eo
1686 4112 2064 4183 admodum
2115 4135 2350 4185 socors
2404 4127 2468 4182 et
2508 4113 2731 4214 negli-

234 4214 379 4295 {³⁰:5-
421 4205 565 4273 Una
615 4205 846 4292 itaque
894 4217 1089 4273 nocte
1136 4202 1471 4274 accedens
1520 4216 1841 4283 sanctuS,
1898 4202 2151 4273 multas
2217 4203 2278 4272 ei
2328 4202 2570 4293 plagas
2619 4224 2731 4270 m-

245 4295 384 4352 1x1t.
439 4293 572 4360 Cur
621 4315 782 4374 non,
816 4293 1075 4375 dicens,
1111 4315 1190 4362 ea
1223 4293 1531 4383 praebeS,
1569 4291 1827 4379 quibus
1884 4304 2085 4393 egent
2135 4291 2184 4361 ii
2209 4292 2332 4379 qui
2364 4290 2731 4360 laborant?

191 4372 267 4438 Et
313 4394 437 4443 cur
484 4381 908 4472 negligenter
969 4381 1261 4452 versaris
1311 4382 1381 4451 in
1426 4382 1554 4450 hoc
1603 4391 1724 4451 tuo
1781 4380 2216 4451 ministerio?
2263 4385 2443 4449 Haec
2493 4392 2722 4449 autem
