3357 4995
241 351 465 418 JUNII
511 352 596 416 26
962 369 1041 415 nn
1088 369 1143 415 S.
1197 368 1528 416 Amanum
1576 367 1813 417 naam.
1862 367 2059 417 muse.
2566 350 2689 416 607

248 465 435 524 tanta
482 453 585 524 illi
624 464 1085 544 suppeterent.
1124 452 1250 522 Sed
1281 454 1632 534 Dominus,
1667 453 1788 540 qui
1826 452 2131 541 quinque
2160 453 2461 544 panibus
2494 452 2775 523 totidem

246 543 609 614 hominum
652 541 872 612 millia
919 541 1209 623 satiavit,
1253 552 1510 631 poterat
1558 562 1751 613 servo
1798 563 1923 612 suo
1956 541 2145 611 fideli
2192 562 2446 631 augere
2474 554 2540 611 et
2590 541 2772 612 mul-

248 629 556 721 tiplicare
609 652 689 701 ea
748 652 923 717 quae
970 629 1159 701 illius
1191 632 1401 700 causa
1448 629 1929 701 distribuebat.
1984 635 2252 700 Certum
2299 643 2531 701 autem
2586 629 2773 700 diem

247 720 669 811 praefixerat,
722 719 806 789 ad
857 740 1060 807 quem
1110 740 1331 819 usque
1380 719 1787 809 promiserat
1816 740 1888 788 se
1921 718 2076 790 illas
2112 717 2585 810 eleemosynas
2614 740 2777 789 con-

244 809 706 878 tinuaturum.
759 813 995 894 Itaque
1043 811 1353 887 Dom1n0‚
1408 808 1530 895 qui
1561 820 1750 877 extra
1799 807 2044 878 mundi
2092 807 2304 897 hujus
2352 807 2635 878 exilium
2687 807 2776 877 ad

241 897 541 988 patriam
587 919 748 968 eum
780 917 1060 966 evocare
1091 896 1558 977 constituerat,
1599 896 1932 986 tantisper
1968 908 2385 987 expectante,
2428 896 2645 967 donec
2675 896 2771 977 id,

292 986 429 1056 uod
479 996 771 1058 voverat.
824 996 1000 1056 esset
1049 996 1397 1065 executus,
1436 984 1675 1055 eodem
1724 986 1877 1075 ipso
1923 984 2034 1055 die
2066 1006 2273 1072 quem
2320 984 2779 1075 eleemosynis

232 1075 259 1145 i
299 1074 389 1145 lis
420 1073 850 1165 praestandis
887 1085 1265 1143 extremum
1320 1074 1820 1164 praestituerat,
1871 1096 1913 1143 a
1966 1074 2251 1144 Domino
2302 1087 2605 1155 vocatuS,
2658 1072 2779 1143 de—

234 1163 451 1233 cessit
493 1184 530 1231 e
584 1162 761 1247 vita„
791 1161 917 1230 Illo
964 1173 1189 1231 autem
1251 1161 1362 1232 die
1409 1161 1838 1243 adventante,
1889 1162 2262 1232 etfuturae
2310 1162 2508 1242 vitae,
2572 1161 2776 1252 cujus

237 1250 656 1322 obtinendae
701 1253 912 1321 causa
957 1249 1248 1320 fideliter
1278 1250 1724 1332 laboraverat,
1777 1251 1973 1321 initio
2013 1250 2543 1352 propinquante,
2574 1261 2778 1321 acuta

236 1340 431 1410 febre
473 1352 854 1429 correptus,
906 1360 1091 1419 cum,
1129 1350 1206 1409 ut
1252 1339 1328 1409 fit
1375 1340 1445 1408 in
1493 1361 1573 1409 ea
1619 1340 2072 1430 aegritudine,
2120 1339 2343 1409 verbis
2386 1351 2668 1420 erraret,
2707 1351 2776 1409 at

238 1442 472 1500 tamen
521 1428 607 1497 de
654 1428 861 1497 rebus
913 1427 1317 1497 necessariis
1368 1429 1851 1519 interrogatuS,
1920 1429 2293 1520 prudenter
2342 1441 2408 1498 et
2454 1438 2774 1498 accurate

239 1516 726 1618 respondebat,
762 1516 834 1584 in
869 1515 1061 1586 nullo
1159 1538 1393 1588 rorsus
1419 1538 1682 1587 errans.
1741 1516 2020 1588 Flebant
2056 1529 2286 1588 autem
2335 1538 2575 1587 omnes
2622 1515 2775 1603 ejus

239 1607 455 1678 amici
503 1617 568 1675 et
609 1604 1006 1685 familiare8‚
1062 1606 1079 1672 i
1134 1626 1268 1691 que
1314 1605 1560 1696 pietate
1610 1606 1861 1696 potius,
1926 1627 2137 1693 quam
2188 1626 2495 1676 moerore
2541 1604 2770 1685 ducti,

238 1695 557 1767 sciebant
601 1693 784 1762 enim
817 1693 967 1783 ejus
1014 1693 1206 1765 obitu
1244 1693 1620 1764 dolendum
1670 1716 1807 1764 non
1854 1716 2026 1777 esse,
2064 1694 2248 1781 quod
2298 1695 2386 1764 ad
2436 1694 2636 1789 illuxm
2669 1706 2774 1762 at-

240 1785 514 1854 tineret.
568 1781 891 1852 Petebant
939 1802 1095 1851 vero
1142 1783 1229 1852 ab
1275 1803 1353 1852 eo
1393 1782 1938 1853 benedictionem
1990 1796 2055 1854 et
2081 1782 2493 1854 consilium:
2546 1794 2611 1851 et
2659 1781 2775 1852 ille

240 1879 420 1944 bene
457 1873 559 1940 eis
607 1870 1036 1962 precabatur,
1092 1882 1157 1940 et
1206 1871 1495 1941 consilia
1542 1871 2048 1962 suppeditabat.
2103 1875 2409 1958 Cumque
2442 1871 2772 1952 dicerent,
2863 1896 2870 1915 .

239 1973 320 2033 ut
362 1982 468 2029 res
514 1981 678 2029 suas
716 1958 1179 2039 distribueret,
1223 1959 1619 2049 respondit:
1674 1960 1863 2030 Absit
1898 1982 1940 2029 a
1969 1982 2102 2042 me,
2149 1972 2228 2030 ut
2272 1959 2521 2031 faciam
2570 1972 2778 2030 testa-

241 2061 584 2129 mentum,
635 2049 757 2135 qui
788 2047 960 2117 nihil
1013 2047 1268 2117 habeo:
1321 2050 1440 2135 qui
1497 2071 1579 2139 pe
1625 2048 1746 2135 qui
1797 2069 1936 2118 non
1984 2071 2140 2118 sum
2190 2048 2275 2117 de
2311 2049 2437 2119 hoc
2486 2047 2771 2118 mundo.

235 2143 619 2224 Hucusque
662 2160 743 2207 ex
794 2135 1172 2206 ministerio
1222 2158 1412 2208 sacer
1462 2138 1583 2206 otii
1632 2135 1831 2207 licuit
1878 2137 2053 2207 mihi
2103 2158 2210 2207 res
2257 2136 2777 2207 commendatas

240 2247 493 2297 curare
540 2239 605 2294 et
651 2225 1092 2316 dispensare:
1145 2236 1214 2294 at
1260 2247 1447 2295 nunc
1491 2225 1772 2313 quando
1829 2226 1916 2297 iis
1948 2224 2085 2295 frui
2124 2246 2261 2295 non
2295 2248 2605 2317 possum,
2651 2246 2779 2295 nec

235 2314 651 2405 dispensare
685 2313 867 2383 licet.
912 2319 1102 2384 Tunc
1152 2319 1386 2386 Comes
1420 2314 1866 2396 HumbertuS,
1913 2318 2046 2383 Deo
2094 2335 2293 2384 suam
2344 2313 2444 2383 illi
2535 2314 2778 2383 ratiam

237 2404 623 2493 aspirante,
663 2416 729 2473 et
753 2402 931 2473 beati
983 2403 1130 2482 viri,
1160 2402 1282 2490 qui
1328 2402 1479 2491 ejus
1529 2402 1802 2474 sitiebat
1841 2401 2161 2485 salutem,
2195 2403 2453 2472 interce
2504 2401 2781 2472 entibus

235 2492 508 2564 meritis
527 2505 594 2563 et
612 2491 816 2562 corde
839 2503 1301 2583 compunctus
1319 2492 1372 2559 ἐ
1418 2491 1645 2562 statim
1663 2491 1949 2563 venitad
1975 2492 2200 2563 virum
2232 2490 2506 2561 Dei...*⁸
2532 2503 2597 2561 et
2619 2513 2782 2562 cum

235 2580 603 2652 humiliter
633 2593 698 2651 et
728 2582 975 2651 obnixe
1011 2581 1281 2650 veniam
1306 2593 1579 2670 peteret,
1620 2581 1691 2650 in
1716 2581 2010 2672 gratiam
2040 2581 2264 2662 rediit,
2298 2580 2779 2671 impositisque

231 2671 297 2742 ei
331 2670 662 2740 manibus
686 2670 789 2738 vir
817 2670 932 2739 Dei
960 2669 1134 2739 bene
1160 2682 1479 2761 precatus
1507 2682 1608 2740 est
1631 2669 1718 2750 ei,
1771 2669 2045 2740 dicens:
2073 2693 2109 2737 «
2137 2675 2313 2739 Deus
2337 2669 2775 2760 omnipotens

232 2766 438 2830 Pater
476 2772 541 2827 et
592 2758 803 2829 Filius
848 2772 912 2828 et
962 2758 1258 2849 Spiritus
1293 2762 1605 2841 Sanctus,
1650 2758 2150 2830 benedictionis
2195 2781 2362 2830 suae
2408 2770 2474 2827 et
2519 2758 2781 2848 gratiae

235 2847 367 2918 tibi
422 2847 677 2918 tribuat
723 2846 1150 2939 largitatem:
1203 2867 1507 2917 crescere
1555 2860 1617 2917 te
1663 2847 1870 2917 faciat
1916 2858 1982 2919 et
2030 2847 2526 2937 multiplicari,
2579 2847 2777 2917 item-

235 2959 378 3027 que
426 2936 652 3006 filium
702 2947 922 3007 tuum.
962 2961 998 3004 »
1048 2941 1352 3023 Cumque
1386 2958 1522 3006 non
1572 2937 1852 3006 haberet
1884 2942 2120 3007 Comes
2168 2936 2303 3008 nisi
2352 2935 2609 3017 filiam,
2649 2934 2779 3005 rati

235 3024 553 3120 plerique
598 3024 796 3094 illum
836 3046 1085 3104 errare,
1124 3025 1584 3117 suggerebant
1611 3037 1690 3096 ut
1735 3024 1972 3102 filiam,
1999 3024 2277 3105 diceret,
2334 3047 2470 3096 non
2517 3023 2770 3094 fllium.

235 3122 318 3187 At
365 3114 484 3183 ille
532 3112 741 3183 semel
790 3124 993 3200 atque
1022 3113 1269 3184 iterum
1313 3114 1579 3204 repetiit
1606 3113 1858 3183 filium.
1912 3119 2133 3196 Quam
2164 3113 2447 3203 quidem
2530 3115 2604 3183 ro
2656 3113 2779 3183 he-

239 3206 413 3275 tiam
449 3224 583 3272 non
624 3200 843 3271 multo
879 3213 1028 3292 post
1063 3214 1366 3293 tempore
1398 3203 1718 3272 novimus
1764 3202 2203 3292 completam,
2244 3215 2402 3273 nato
2450 3202 2554 3271 ili
2627 3202 2771 3272 1tio.

327 3295 367 3380 ξ
414 3294 581 3363 36.
639 3294 841 3359 Porro
899 3289 1191 3361 Clericos
1239 3311 1402 3359 suos
1476 3291 1711 3382 ipsum
1773 3291 2212 3361 consulentes
2264 3291 2628 3361 admonuit
2673 3290 2778 3358 vir

237 3382 426 3472 pius,
473 3389 551 3448 ut
599 3389 838 3448 mutuo
900 3400 972 3448 se
1018 3379 1348 3448 charitate
1394 3379 2033 3471 complecterentur,
2077 3380 2433 3450 studerent
2486 3400 2775 3449 concor-

233 3470 392 3539 diae
441 3479 510 3537 et
552 3466 824 3548 unitati,
877 3479 944 3536 et
974 3468 1164 3557 pacis
1196 3467 1473 3537 vinculo
1498 3468 1674 3538 inter
1700 3488 1773 3538 se
1811 3467 2324 3558 colligarentur.
2362 3472 2463 3537 Ita
2492 3467 2776 3537 demum

235 3555 499 3630 illustri
546 3577 794 3626 cursus
832 3555 945 3625 sui
973 3577 1191 3646 agone
1239 3568 1536 3647 peract0,
1589 3568 1874 3627 sanctus
1929 3558 2045 3627 Dei
2092 3556 2442 3627 confessor
2496 3555 2778 3626 Anthel-

237 3668 398 3718 mus
446 3644 831 3736 Episcopus
877 3657 1233 3716 aeternum
1280 3644 1571 3735 adeptus
1616 3656 1719 3716 est
1747 3645 2103 3716 bravium:
2134 3644 2559 3737 expletisque
2589 3645 2777 3715 circa

232 3757 395 3805 eum
444 3755 628 3822 quae
673 3734 736 3804 ei
783 3733 1114 3824 praestari
1165 3755 1289 3822 par
1332 3747 1498 3816 erat,
1551 3732 1822 3816 officiiS,
1863 3733 2040 3803 inter
2072 3733 2349 3804 litanias
2396 3745 2463 3803 et
2508 3732 2777 3804 cantica

234 3824 566 3913 spiritum
594 3822 881 3893 Domino
926 3821 1250 3904 reddidit,
1302 3833 1486 3893 sexto
1526 3822 1859 3893 Calendas
1888 3820 2083 3905 Julii,
2123 3844 2307 3892 anno
2338 3822 2580 3893 aetatis
2609 3843 2776 3892 suae

237 3911 545 4002 amplius
591 3911 1123 4002 septuagesimo,
1169 3911 1616 4002 Episcopatus
1660 3933 1820 3981 vero
1869 3910 2404 3999 decimoquinto,
2468 3912 2620 4002 ipso
2666 3933 2774 3980 re-

242 4012 518 4086 gnante,
557 4000 762 4090 cujus
798 4022 1090 4092 regnum
1119 4022 1254 4071 non
1288 4001 1491 4070 habet
1519 4001 1756 4082 finem,
1796 4000 2085 4072 Domino
2117 4011 2347 4071 nostro
2393 4000 2556 4071 Jesu
2580 3999 2771 4070 Chri-

240 4096 385 4155 sto:
436 4087 554 4159 cui
590 4100 691 4159 est
736 4110 899 4159 cum
956 4094 1150 4159 Patre
1195 4100 1260 4159 et
1308 4089 1566 4180 Spiritu
1627 4094 1873 4160 Sancto
1920 4087 2162 4180 gloria,
2206 4089 2362 4160 laus
2413 4099 2480 4160 et
2528 4089 2770 4169 honor,

241 4172 459 4246 virtus
497 4189 563 4246 et
612 4188 907 4268 potestas
954 4199 1075 4269 per
1120 4177 1395 4248 infinita
1442 4177 1673 4250 secula
1720 4179 2138 4260 seculorum,
2177 4183 2414 4249 Amen.

292 4317 326 4347 ⁶
351 4319 529 4362 Pietate
547 4322 595 4362 et
611 4323 882 4366 humilitate
901 4324 1117 4365 ductus...

297 4370 354 4398 ⁸*
383 4374 508 4422 Quae
536 4374 608 4416 his
636 4377 755 4418 mne
787 4378 962 4418 Auctor
992 4378 1123 4420 Vitae
1150 4377 1319 4419 scribit
1343 4378 1393 4418 tn
1420 4377 1818 4428 mammutium
1847 4379 1964 4419 sunt
1990 4377 2391 4428 permutandum..
2416 4375 2549 4417 flexis
2577 4374 2684 4416 unte
2712 4375 2775 4415 le·

243 4423 426 4468 ctutum
455 4426 700 4472 morientis
727 4429 944 4482 Episcopi
973 4431 1185 4482 genibus,
1214 4432 1508 4473 simultatem
1538 4433 1588 4472 et
1616 4432 1988 4473 controversiam
2016 4441 2137 4481 quse
2168 4430 2525 4488 intercesserat,
2552 4428 2670 4468 tusis
2711 4429 2773 4467 1⁸-

244 4479 416 4526 emma
444 4481 622 4528 dolent.
649 4482 862 4534 quamvis
890 4495 918 4527 a
943 4485 1075 4528 Rom.
1102 4483 1325 4529 Pontifloe
1345 4486 1446 4536 ,tam
1477 4485 1735 4532 absolutus,
1762 4482 1935 4528 obnixe
1963 4486 2146 4528 veniam
2171 4484 2325 4535 pettit,
2342 4491 2505 4533 unoquo
2525 4492 2633 4525 cum
2650 4480 2776 4522 illo...
