3357 4995
211 363 252 425 J
268 360 446 428 UNII
496 362 579 426 27
1007 381 1084 425 ns
1135 381 1190 427 s.
1246 380 1568 427 sampsone
1617 376 1989 426 xENouoeno
2555 364 2669 426 621

210 463 588 554 diligenter
634 476 734 533 est
782 476 1127 534 scrutatus
1179 463 1365 532 illius
1418 464 1724 543 vultum,
1778 476 1843 532 et
1889 476 2215 543 ventrem,
2269 475 2333 532 et
2393 464 2643 553 pedes,
2700 476 2765 533 et

210 553 489 638 reliqua
540 552 868 621 membra.
925 558 1090 621 Cum
1138 575 1291 621 vero
1343 552 1570 621 nullas
1629 552 1852 621 morbi
1902 552 2180 621 vidisset
2233 552 2584 638 reliquias,
2643 575 2770 621 nec

217 642 534 731 vestigia,
578 647 784 709 Deum
841 641 1165 721 laudavit,
1211 655 1277 710 et
1324 653 1559 710 sancto
1607 642 1745 730 egit
1811 643 2088 731 gratiaS‚
2150 664 2308 709 cum
2363 641 2620 710 videret
2670 641 2769 710 fa-

217 731 495 798 mulum
553 730 880 800 habuisse
944 730 1287 798 medicum
1341 752 1476 821 non
1530 730 1843 798 mercede
1891 730 2339 809 conductum,
2399 752 2521 799 nec
2574 729 2773 799 falla-

213 842 396 899 cem,
450 842 750 906 eumque
783 819 1142 908 pristinam
1185 824 1624 909 recuperasse
1673 818 2166 888 valetudinem.

309 911 346 995 ξ
396 912 542 980 13.
621 913 825 975 Porro
874 922 1101 976 autem
1166 914 1359 977 Irene
1413 928 1688 995 quoque
1736 919 1880 976 erat
1930 909 2215 977 morbus
2279 907 2553 976 similis.
2613 912 2771 976 Erat

216 999 409 1064 enim
448 997 791 1086 hydrops:
836 996 1027 1082 isque
1078 997 1360 1067 morbus
1409 997 1887 1086 gravissimus:
1928 998 2045 1082 qui
2097 997 2299 1065 etiam
2353 997 2764 1085 elegantem,

216 1099 283 1152 et
320 1087 542 1175 magis
590 1085 1073 1154 admirabilem
1108 1086 1396 1175 adeptus
1431 1099 1530 1154 est
1565 1085 2016 1153 curationem.
2057 1089 2269 1171 Atque
2299 1098 2443 1154 erat
2481 1084 2768 1171 quidem

222 1176 407 1241 {reni
460 1175 750 1242 maritus
799 1197 983 1243 unus
1031 1197 1110 1242 ex
1159 1174 1243 1243 iis
1290 1174 1410 1261 qui
1445 1173 1598 1242 aedi
1647 1195 1883 1242 sacrae
1941 1174 2447 1243 ministrabant.
2486 1180 2774 1263 Propter

217 1286 425 1349 quem
477 1286 634 1331 cum
691 1263 1156 1342 decubuisset,
1212 1285 1252 1330 a
1305 1263 1590 1331 medicis
1638 1263 1919 1348 quidem
1988 1263 2383 1352 desperarat
2447 1285 2517 1331 se
2570 1285 2772 1353 posse

219 1353 554 1437 consequi
582 1352 899 1421 salutem.
939 1357 1228 1420 Sanctus
1262 1366 1491 1420 autem
1537 1366 1746 1420 noctu
1779 1374 2121 1440 apparens
2152 1374 2311 1420 cum
2348 1351 2772 1437 quibusdam

220 1441 379 1510 aliis
434 1440 757 1520 duobUS‚
813 1462 971 1509 cum
1051 1442 1307 1527 quibus
1355 1454 1427 1509 ut
1478 1440 1859 1530 plurimum
1921 1440 2180 1510 solebat
2233 1462 2563 1530 apparere
2611 1442 2776 1528 (eos

224 1552 385 1597 vero
436 1550 584 1597 esse
634 1529 875 1598 dicunt
942 1529 1209 1596 divinos
1260 1528 1455 1607 illos,
1511 1530 1818 1614 quisine
1876 1528 2019 1597 ulla
2069 1528 2432 1597 medentur
2483 1529 2776 1618 pecunia

226 1623 544 1686 Cosmam
597 1630 662 1685 et
712 1619 1178 1706 Damiauum),
1212 1640 1359 1685 eam
1416 1618 1722 1707 primum
1773 1619 2034 1706 rogavit
2075 1622 2389 1690 Sanctus,
2436 1617 2773 1703 quidnam

234 1707 401 1775 mali
453 1718 821 1796 pateretur.
884 1706 999 1774 llla
1082 1719 1308 1776 autem
1383 1707 1745 1775 videbatur
1814 1707 2217 1775 ostendere:
2295 1720 2575 1774 sanctus
2627 1727 2779 1774 vero

233 1818 457 1864 uuum
510 1818 749 1863 eorum
786 1795 1069 1881 alloqui,
1106 1808 1169 1864 et
1217 1795 1467 1864 dicere:
1524 1799 1798 1885 Oportet
1847 1794 2280 1884 eJusrsemori
2314 1793 2641 1864 adhibere
2668 1817 2768 1862 se-

232 1886 556 1952 ctionem.
614 1889 687 1951 Et
747 1883 861 1952 ille
924 1884 1204 1970 quidem
1257 1886 1354 1953 sic
1406 1886 1584 1953 fecit.
1652 1890 1744 1951 Ea
1792 1897 2063 1963 autem,
2127 1896 2201 1952 ut
2250 1906 2425 1970 quae
2472 1883 2777 1951 dolorem

233 1973 604 2058 quemdam
660 1986 985 2055 senserat,
1033 1995 1068 2041 e
1118 1995 1359 2042 somno
1394 1985 1494 2042 est
1543 1974 1860 2041 excitata:
1916 1974 2087 2041 nihil
2145 1995 2298 2041 vero
2347 1973 2663 2061 cognovit
2700 1993 2778 2040 ex

227 2062 317 2128 iis
366 2083 542 2147 quae
576 2083 778 2150 passa
827 2075 948 2130 est.
1005 2067 1170 2130 Cum
1224 2076 1457 2131 autem
1495 2075 1671 2131 esset
1731 2062 1901 2141 dies,
1960 2063 2043 2130 ad
2101 2083 2249 2129 eam
2303 2062 2636 2129 accedens
2684 2058 2775 2127 fa·

229 2151 443 2229 mula,
502 2173 660 2218 cum
730 2151 1008 2219 vidisset
1059 2172 1307 2237 aquam
1376 2152 1507 2220 sub
1561 2151 1732 2220 lecto
1795 2150 2070 2231 fusam,
2125 2150 2306 2236 quod
2373 2150 2665 2240 turpiter
2715 2160 2778 2218 et

227 2238 544 2307 indecore
578 2262 649 2307 se
678 2252 961 2328 gereret,
1001 2240 1456 2329 exprobravit,
1495 2252 1558 2308 et
1597 2239 1778 2326 quod
1821 2261 2041 2326 neque
2073 2239 2502 2315 surrexisset,
2557 2259 2777 2322 neque

221 2326 441 2395 ullam
495 2342 799 2398 vocasset
846 2351 924 2397 ex
973 2327 1267 2403 ancillis,
1326 2329 1442 2397 sed
1498 2329 1932 2415 inquinasset
1971 2341 2036 2396 et
2086 2339 2300 2396 vestes
2339 2340 2404 2395 et
2436 2326 2769 2416 stragula.

228 2416 349 2484 Illa
402 2429 627 2485 autem
662 2417 974 2508 negabat,
1030 2418 1290 2495 dicem,
1352 2439 1421 2485 se
1472 2417 1645 2484 nihil
1692 2417 1822 2485 tale
1884 2417 2152 2486 secisse.
2200 2416 2453 2484 Deinde
2512 2427 2772 2484 remota

230 2507 486 2585 tunica,
529 2529 687 2575 cum
725 2510 865 2575 visa
900 2519 1074 2575 esset
1108 2507 1339 2586 secti0,
1379 2520 1443 2574 et
1494 2507 1745 2575 humor
1774 2506 2087 2586 effluenS,
2141 2507 2459 2595 cognitus
2490 2505 2770 2592 quidem

227 2593 355 2663 fuit
390 2595 724 2664 medicus:
754 2597 904 2685 ipsa
932 2617 1084 2663 vero
1116 2617 1283 2662 sana
1315 2596 1554 2672 extitit,
1599 2609 1664 2664 et
1695 2595 1981 2663 domum
2066 2595 2306 2663 ulchre
2330 2606 2432 2662 est
2465 2615 2762 2662 reversa.

315 2689 350 2769 ἓ
397 2686 539 2756 u.
598 2689 734 2752 Hoc
782 2697 903 2758 est,
944 2683 1127 2769 quod
1179 2683 1375 2753 tibia
1412 2685 1609 2754 nobis
1658 2685 1943 2752 offertur
2039 2705 2279 2762 onum,
2318 2684 2613 2751 maxime
2649 2704 2769 2772 pa-

229 2785 327 2840 ter
361 2777 671 2850 Samson,
723 2773 949 2842 neseio
996 2773 1302 2858 quidem,
1358 2795 1441 2841 an
1495 2795 1572 2841 ex
1606 2773 1705 2841 tui
1754 2771 1972 2841 animi
2015 2772 2374 2852 sententia,
2432 2771 2547 2841 sed
2586 2784 2769 2840 certe

229 2882 351 2951 pro
402 2861 653 2931 nostris
680 2862 960 2930 viribus.
999 2861 1191 2943 Quod
1224 2862 1505 2947 quidem
1558 2862 1855 2952 benigne
1888 2873 1951 2930 et
1983 2860 2250 2951 placide
2281 2860 2607 2950 accipiaS‚
2647 2860 2771 2946 qui

229 2971 300 3017 es
348 2950 931 3040 benignissimus:
991 2952 1526 3038 morborumque
1568 2962 1988 3029 nostrorum,
2046 2962 2250 3037 atque
2301 2949 2454 3018 ideo
2504 2949 2778 3017 animae

229 3039 477 3128 potiuS,
534 3060 744 3126 quam
784 3039 1115 3128 corporis,
1171 3039 1395 3108 bonus
1445 3041 1541 3111 sis
1577 3039 1915 3119 medicus,
1969 3038 2110 3108 dux
2166 3050 2232 3108 et
2278 3048 2511 3107 custos
2562 3038 2776 3106 totius

231 3140 498 3197 nostrae
571 3128 783 3210 vitae,
838 3127 1183 3197 Christum
1255 3128 1547 3198 reddens
1597 3128 1769 3196 mihi
1835 3126 2240 3218 propitium.
2313 3132 2528 3209 Quem
2580 3126 2778 3195 decet

229 3216 451 3372 orrilnis
485 3217 725 3374 gloria,
785 3218 1001 3286 honor
1032 3228 1096 3287 et
1128 3217 1435 3287 adoratio
1472 3239 1655 3286 nunc
1699 3229 1765 3286 et
1809 3238 2101 3307 semper,
2140 3229 2206 3285 et
2253 3216 2324 3284 in
2376 3215 2611 3286 secula
2667 3237 2774 3285 se-

235 3327 322 3372 cu
350 3327 574 3384 orum,
670 3327 849 3374 men.
