3357 4995
640 334 770 400 396
1331 354 1408 400 nn
1455 354 1510 400 s.
1563 351 1806 399 JOANNE
1855 351 2079 400 Fame.
2137 351 2318 400 ancus
2747 334 2971 399 JUNII
3025 335 3107 400 16

549 438 774 529 ipsius
820 460 859 506 a
906 437 1115 506 variis
1162 436 1491 527 periculis
1539 448 1604 506 et
1654 436 2098 506 inimicorum
2160 436 2436 506 insidiis
2503 435 2882 505 clementer
2964 437 3108 506 suis

548 549 691 614 sem
745 547 819 595 er
856 525 1118 596 meritis
1144 524 1512 616 eripuerit:
1554 525 1772 595 nihilo
1805 526 2031 595 secius
2063 537 2290 594 tamen
2333 526 2433 595 eis
2469 525 2643 615 ipsis
2691 525 2927 606 etiam,
2982 526 3108 595 ubi

546 614 663 702 qui
762 613 1170 695 delirarunt,
1229 636 1363 685 non
1417 615 1762 706 pepercit:
1800 615 1916 683 sed
1959 615 2181 683 durus
2230 614 2427 683 duris
2457 626 2652 704 pater
2691 614 2858 683 filiis
2908 616 3105 704 gravi

546 725 627 773 ac
660 703 1022 774 manifesto
1055 703 1339 791 quidam
1390 704 1738 794 supplicio
1785 723 2028 773 eorum
2075 703 2327 772 delicta
2375 704 2653 794 expiare
2702 702 2949 772 solitus
2974 716 3100 772 est:

547 804 801 862 mortes
847 814 1122 880 quoque
1153 793 1464 893 ipsorum
1516 792 2091 882 praecedentibus
2127 793 2370 882 paucis
2400 814 2675 883 semper
2708 791 2957 862 diebus
2987 816 3101 862 va-

546 880 688 951 lido
716 893 781 950 et
808 882 1190 951 vehementi
1241 880 1544 968 quodam
1597 881 1739 951 ictu
1786 881 2292 970 praenunciare
2331 881 2587 950 fertur:
2645 902 2934 950 monens
2999 882 3101 949 ni-

547 971 805 1040 mirum
854 992 971 1040 eos
1000 983 1345 1058 quatenu-s
1391 981 1753 1040 venturam
1814 971 1986 1039 iram
2036 970 2244 1039 celeri
2287 969 2746 1061 poenitentiae
2795 970 3099 1041 remedio

547 1058 919 1129 declinent.

636 1150 674 1235 ξ
718 1152 885 1219 39.
942 1153 1116 1218 Sunt
1163 1161 1431 1238 praeter
1459 1149 1626 1217 haec
1675 1146 1810 1216 alia
1860 1169 2137 1238 quoque
2165 1148 2384 1217 multa
2424 1169 2716 1216 numero
2747 1147 3101 1237 praeclara

547 1236 748 1318 facta,
807 1236 1222 1327 dignissima
1279 1238 1559 1327 script0‚
1613 1249 1680 1305 et
1729 1236 1908 1305 lectu
1961 1236 2278 1326 jucunda
2345 1259 2526 1324 quae
2570 1237 2655 1305 de
2702 1236 3102 1306 beatissimo

548 1336 742 1415 patre
779 1339 1007 1396 nostro
1051 1330 1370 1394 Bennone
1427 1325 1821 1395 referuntur
1855 1325 1967 1394 Dei
2029 1325 2378 1413 magnalia
2426 1347 2506 1394 ac
2550 1325 2923 1394 miracula:
2978 1324 3122 1394 sed·
3161 1351 3168 1358 ·

547 1413 938 1483 canendum
984 1413 1181 1484 nobis
1229 1413 1603 1501 aliquando
1653 1413 1982 1503 receptui,
2035 1427 2099 1483 et
2152 1414 2522 1501 liquendus
2561 1415 2768 1483 etiam
2807 1415 3102 1503 posteris

549 1502 901 1574 scribendi
943 1502 1136 1572 locus
1183 1514 1306 1571 cst.
1353 1508 1579 1590 Neque
1626 1503 1812 1572 enim
1849 1503 2084 1572 omnia
2117 1525 2357 1572 omnes
2387 1523 2761 1592 possumus
2794 1503 3093 1586 assequi.

490 1581 509 1604 ⁵
548 1597 680 1662 Nec
737 1591 885 1681 ipse
945 1612 1192 1680 parum
1256 1591 1759 1661 Missnensibus
1829 1591 2094 1661 decoris
2156 1614 2234 1660 ac
2297 1593 2716 1661 ornamenti·
2756 1591 3102 1681 peperisse

550 1680 853 1760 videbor,
892 1680 1012 1766 qui
1103 1681 1322 1750 rimus
1362 1701 1597 1750 eorum
1634 1680 1911 1750 divitias
1936 1693 2001 1749 et
2046 1680 2406 1750 coelestem
2438 1681 2615 1750 hanc
2654 1679 3097 1770 margaritam
3208 1694 3213 1697 ·

548 1780 646 1838 tot
677 1782 854 1838 retro
889 1790 1052 1838 secu
1084 1769 1142 1838 is
1171 1768 1647 1839 absconditam
1699 1770 1768 1837 in
1806 1769 2032 1839 lucem
2074 1770 2518 1860 protulerim:
2561 1769 2865 1855 satisque
2894 1768 3097 1838 nobis

549 1858 619 1926 id
670 1858 796 1927 erit
842 1857 1374 1936 demonstrasse,
1418 1857 1654 1927 divum
1697 1863 2086 1927 Bennonem
2140 1870 2451 1928 nostrum
2502 1857 2588 1927 ab
2639 1857 3088 1936 incunabiliS‚

547 1968 770 2033 usque
809 1946 896 2014 ad
935 1959 1312 2016 extremum
1350 1948 1524 2016 vitae
1557 1946 1878 2036 spiritum
1917 1947 2288 2016 virtutibus
2328 1969 2406 2016 ac
2437 1947 2609 2015 vitae
2640 1946 3103 2015 sanctimonia

547 2034 761 2104 fuisse
809 2034 1107 2104 clarum:
1166 2057 1386 2122 neque
1437 2035 1869 2126 prophetiam
1919 2035 2020 2104 illi
2069 2035 2393 2115 defuisse,
2450 2047 2514 2104 et
2561 2035 2960 2104 coelestium
2997 2057 3103 2105 se-

548 2135 889 2193 cretorum
944 2124 1464 2193 revelationem:
1522 2146 1744 2211 neque
1792 2124 2084 2214 gratiam
2137 2126 2534 2203 sanitatum,
2599 2136 2663 2192 et
2725 2122 3102 2223 impiorum

538 2212 913 2282 hominum
988 2212 1368 2283 ultionem:
1424 2235 1647 2300 neque
1705 2225 2136 2282 mortuorum
2187 2212 2485 2300 denique
2534 2212 3094 2281 suscitationem:

547 2301 806 2388 quibus
854 2302 1182 2372 omnibus
1232 2302 1703 2393 magnificavit
1740 2324 1901 2371 eum
1938 2302 2272 2371 Dominus
2321 2303 2389 2370 in
2444 2315 2819 2391 conspectu
2854 2323 3095 2391 regum

550 2412 628 2460 ac
677 2390 1075 2481 principum
1127 2401 1193 2460 et
1244 2391 1316 2459 in
1375 2391 1603 2460 medio
1653 2389 1895 2481 populi
1944 2391 2094 2469 sui,
2166 2389 2406 2477 illique
2453 2412 2774 2459 coronam
2843 2389 3101 2480 gloriae

550 2492 953 2571 perpetuam
1002 2478 1191 2550 dedit
1212 2479 1346 2573 (a).

1051 2743 1132 2842 S.
1202 2741 1631 2844 JOANNJS
1698 2740 2235 2842 FRANClSCl
2309 2742 2607 2903 REGIS

1349 2912 1577 3011 coNF.
1632 2946 1680 3009 E
1732 2934 2036 3043 socier.
2100 2909 2318 3010 JESU'

1696 3103 1944 3180 VITA

1362 3284 1450 3330 EX.
1488 3283 1687 3331 BULLA
1734 3283 2284 3332 CANONIZATIONIS.

1208 3409 1395 3466 Obiit
1437 3425 1615 3467 anno
1656 3413 1827 3466 1640
1851 3439 1927 3449 -
1948 3412 2105 3467 Nat.
2164 3388 2430 3470 Gallus.

1062 3595 1359 3662 Clemens
1406 3598 1596 3684 Papa
1646 3598 1793 3679 XII,
1827 3616 2057 3661 servus
2089 3588 2430 3663 servorum
2474 3596 2612 3675 Dei,

1248 3682 1339 3750 ad
1366 3693 1769 3772 perpetuam
1814 3685 1918 3751 rei
1965 3685 2375 3752 memoriam.

640 3825 678 3910 ξ
724 3827 799 3893 1.
853 3821 946 3890 Ad
999 3822 1369 3897 sublimem
1419 3823 1800 3893 sanctitatis
1851 3837 2179 3905 montem,
2235 3826 2305 3893 in
2335 3847 2471 3912 quo
2519 3824 2829 3895 Christus
2879 3826 3106 3894 Domi-

553 3932 688 3981 nus
739 3909 985 3980 sedens
1032 3911 1413 4002 discipulos
1462 3933 1624 3982 suos
1691 3913 1975 3983 seorsim
2036 3936 2075 3983 a
2120 3912 2431 3983 Judaicis
2502 3914 2721 3983 turbis
2790 3925 3105 3984 evocatos

551 4000 971 4070 christianae
1003 4001 1382 4090 sapientiae
1417 4013 1781 4091 praecepta
1826 4002 2122 4082 edocuit,
2176 4024 2253 4071 ex
2301 4003 2628 4072 omnibus
2666 4002 2992 4093 gentibus
3038 4016 3105 4073 et

600 4144 665 4198 (a)
697 4143 1106 4186 canonizationem
1133 4146 1184 4185 B.
1213 4145 1465 4191 Bormonis,
1493 4145 1574 4185 diu
1600 4145 1660 4185 ob
1692 4146 2002 4186 barbarorum
2031 4147 2080 4185 in
2109 4146 2327 4187 Misniam
2356 4147 2650 4187 incursiones
2690 4148 2738 4185 et
2757 4147 2848 4186 alia
2868 4148 3102 4194 quaedam

551 4194 864 4243 aversantis,
886 4199 1093 4244 dilatam.
1111 4196 1202 4238 rite
1223 4198 1479 4239 celebravit
1499 4208 1622 4238 anno
1642 4208 1837 4239 xnxxut
1857 4200 2090 4239 Adrianus
2106 4200 2185 4249 Pp.
2209 4200 2283 4238 VI.

605 4252 650 4293 Β.
678 4253 898 4303 Episcopi
926 4262 1099 4302 corpus
1127 4262 1248 4292 nuno
1279 4260 1478 4291 unnxxv
1506 4249 1806 4292 monachium
1833 4253 1885 4291 in
1912 4253 2122 4298 navaria,
2150 4255 2243 4292 Deo
2271 4254 2550 4302 providente
2585 4242 2648 4293 ut*
2674 4250 2813 4295 terra,
2832 4261 2978 4301 quun
3015 4254 3106 4294 Lu·

550 4304 748 4346 thei-nna
762 4306 911 4355 pestis
928 4304 1155 4346 infecerat
1173 4309 1407 4353 ereptum,
1425 4305 1548 4345 inter
1565 4303 1831 4346 catholicos
1847 4305 2125 4354 quiesceret,
2145 4307 2346 4346 maxima
2365 4305 2606 4355 religionis
2624 4303 2793 4354 pompa¹
2807 4307 3108 4352 translatum.

548 4358 782 4410 Principia
812 4357 920 4399 aula
948 4369 1003 4400 eo
1031 4368 1118 4409 per
1145 4358 1505 4408 quadriennium
1533 4358 1796 4403 honestata,
1821 4360 1872 4398 in
1902 4359 2015 4399 aede
2043 4359 2234 4399 tandem
2263 4360 2437 4409 colleg.
2469 4360 2511 4399 8.
2531 4360 2704 4399 Mariae
2722 4360 2798 4398 est
2814 4361 3109 4408 repositum;

462 4434 465 4437 *
550 4413 629 4454 cui
655 4412 1042 4454 honorificentius
1071 4412 1313 4453 condendo
1340 4412 1879 4462 Sacellum2perelegaus
1910 4414 1960 4452 et
1987 4412 2135 4452 altare
2154 4413 2340 4461 piorum
2359 4413 2567 4453 donariis
2587 4415 2698 4453 sunt
2717 4414 2875 4452 erecta
2893 4414 2983 4453 sub
3001 4423 3100 4453 xvu

554 4466 731 4507 noenu
760 4465 915 4506 onem.
