3357 4995
192 350 415 416 JUNII
466 350 548 413 ’16
816 366 895 413 ΒΕ
942 367 1034 415 SS.
1088 366 1407 414 marrow
1455 367 1530 413 EI·
1577 366 1973 415 rssaaucionm
2020 368 2135 415 un.
2526 356 2642 419 371

199 446 562 519 sacrificiis
638 447 892 517 divinis
954 447 1223 517 coelum
1291 447 1605 536 pulsare,
1671 468 2050 534 eorumque
2114 450 2750 537 praedicationibus

203 536 575 608 multitudo
622 536 934 626 gentium
983 535 1069 605 ad
1110 535 1545 626 baptismatis
1584 535 1876 626 gratiam
1909 536 2336 607 convolabat.
2379 545 2552 609 Dum
2579 541 2749 611 haec

201 638 531 717 aguntur.
582 624 887 712 quodam
940 638 1244 714 tempore
1292 647 1449 694 cum
1502 646 1574 693 se
1622 638 1902 694 sanetus
1934 625 2115 694 Felix
2146 629 2376 718 sopori
2417 628 2743 711 dedisset,

201 737 280 785 ex
334 714 719 806 ergefactus
791 713 1120 784 fratribus
1180 715 1520 805 narravit,
1577 712 1855 782 dicens:
1897 737 1933 780 «
1978 719 2244 785 Fratres
2310 716 2742 800 charissimi,

202 805 266 873 vi
323 805 340 872 i
393 804 621 874 locum
655 801 1030 872 terribilem
1066 802 1432 892 splendore
1467 802 1839 883 munitum,
1895 802 2187 872 diversis
2220 804 2510 877 floribus
2540 807 2746 876 ador-

203 905 443 963 natum
478 948 493 973 ,
555 893 804 961 florum
876 902 940 960 et
988 904 1374 961 aromatum
1437 890 1770 960 suavitate
1837 891 1994 960 miri
2037 891 2268 962 odoris
2300 893 2739 976 collocatum,

205 980 729 1052 tabernaculum
802 1001 971 1049 auro
1046 981 1480 1070 gemmisque
1555 973 1949 1068 insignibus
2025 993 2540 1053 constructum:
2624 985 2749 1054 ubi

200 1072 512 1158 quinque
559 1070 724 1161 agni
793 1069 942 1138 sine
986 1069 1257 1139 macula
1307 1068 1552 1138 mundi
1602 1068 1898 1137 candore
1954 1069 2325 1160 splendidi,
2381 1072 2450 1140 in
2503 1094 2746 1144 eorum

203 1160 398 1230 atriis
447 1158 1126 1249 liliaaedepascebant.
1177 1163 1346 1228 Dum
1407 1158 1586 1226 hanc
1632 1157 2019 1227 mirabilem
2082 1159 2400 1229 virtutem
2453 1162 2746 1231 intuitus

220 1271 467 1328 essem,
503 1247 735 1317 audivi
773 1269 999 1316 vocem
1033 1246 1404 1315 terribilem
1443 1246 1613 1314 mihi
1657 1245 2022 1325 dicentem,
2093 1251 2279 1338 Euge
2339 1271 2511 1340 euge
2563 1252 2742 1321 servi

204 1338 363 1408 boni
406 1351 471 1407 et
500 1337 760 1416 fideles,
814 1336 978 1422 quia
1007 1357 1218 1426 super
1254 1358 1470 1423 pauca
1516 1334 1743 1403 fuistis
1786 1334 2045 1417 fideles,
2094 1359 2304 1426 supra
2360 1339 2579 1409 multa
2631 1361 2746 1409 vos

210 1426 652 1505 constituam,
701 1426 945 1493 intrate
995 1425 1060 1492 in
1099 1424 1433 1515 gaudium
1487 1424 1756 1492 Domini
1799 1425 2021 1494 vestri.
2076 1450 2101 1488 υ

292 1519 328 1602 ξ
375 1519 466 1587 3.
523 1520 696 1583 Dum
740 1514 916 1582 hanc
969 1513 1388 1602 praeclaram
1441 1511 1899 1581 narrationem
1968 1513 2208 1582 Felicis
2257 1515 2547 1584 invicem
2602 1539 2743 1586 ser-

202 1606 741 1683 mocinarentur,
798 1601 1034 1690 repleti
1085 1603 1343 1691 Spiritu
1370 1608 1614 1670 Sancto
1648 1605 2056 1671 Fortunatus
2083 1616 2147 1671 et
2179 1604 2525 1674 Achilleus
2561 1606 2743 1674 dixe-

206 1705 408 1762 runt:
456 1717 480 1754 α
529 1691 754 1761 Gloria
777 1691 924 1760 otibi
979 1691 1259 1760 Domine
1305 1697 1469 1759 Jesu
1526 1689 1786 1759 Christe
1829 1690 2058 1758 lumen
2092 1705 2473 1772 aeternum,
2508 1717 2539 1762 s
2598 1695 2742 1763 len-

202 1782 328 1850 dor
376 1782 634 1870 gratiae
666 1782 1093 1869 angelorum,
1153 1780 1355 1849 totius
1403 1778 1572 1848 coeli
1621 1791 1686 1846 et
1727 1791 1941 1849 terrae
1983 1781 2336 1861 Dominus,
2387 1803 2522 1868 quo
2617 1806 2741 1853 nos

203 1893 328 1960 per
392 1892 663 1940 servum
718 1883 910 1937 tuum
966 1868 1248 1937 Felicem
1302 1867 1690 1938 beatificare
1739 1867 2065 1957 dignatus
2111 1891 2205 1948 eS,
2260 1884 2324 1939 et
2383 1871 2581 1940 nobis
2635 1872 2740 1940 in-

202 1959 436 2049 dignis
472 1957 905 2028 manifestare
935 1957 1034 2025 vis
1058 1971 1134 2026 ut
1161 1957 1686 2057 promissionem
1720 1969 1904 2025 tuam
1935 1958 2277 2046 possimus
2305 1959 2736 2049 dignoscere.

203 2053 336 2117 Nos
382 2070 542 2137 ergo
596 2069 745 2115 esse
787 2046 1030 2132 jubeas
1082 2059 1176 2115 tui
1226 2047 1534 2115 muneris
1583 2046 1803 2144 gratia
1850 2046 2121 2136 dignos,
2188 2069 2361 2132 quos
2410 2049 2510 2117 tui
2556 2051 2747 2120 verbi

176 2137 737 2206 ·annunciatores
786 2135 1191 2224 praecipuos
1223 2157 1373 2205 esse
1402 2135 1641 2203 fecisti.
1697 2133 1877 2202 Nihil
1911 2137 2093 2204 enim
2138 2136 2207 2203 in
2247 2137 2444 2206 nobis
2473 2136 2741 2225 aliquid

209 2247 406 2315 posse
435 2224 886 2314 dignoscitur,
931 2224 1061 2293 nisi
1095 2224 1376 2292 Domine
1429 2236 1541 2292 tua
1594 2223 2065 2293 benedictione
2086 2237 2150 2292 et
2182 2224 2427 2294 virtute
2459 2227 2736 2307 muniti,

204 2325 442 2383 contra
482 2314 694 2383 hostis
756 2312 1042 2380 insidias
1090 2325 1154 2381 et
1204 2309 1734 2401 inimici1jacula
1788 2313 2132 2400 possimus
2182 2315 2516 2383 resistere.
2562 2338 2596 2380 »
2652 2320 2742 2384 Ea

204 2401 541 2503 completa
580 2403 906 2479 oratione,
960 2423 1115 2469 ecce
1148 2400 1430 2487 quidam
1468 2423 1503 2468 e
1535 2399 1865 2469 fratribus
1914 2401 2221 2470 Ferreolo
2247 2414 2312 2470 et
2340 2403 2741 2472 Ferrucioni

206 2491 621 2562 beatissimis
653 2491 816 2559 viris
847 2489 1249 2579 hujusmodi
1300 2489 1579 2579 protulit
1628 2490 1883 2579 scripta
1935 2488 2243 2580 legenda.
2288 2491 2463 2561 Viris
2514 2490 2745 2582 piissi-

203 2580 337 2651 mis
384 2594 448 2649 et
483 2582 549 2648 in
602 2580 863 2648 Christo
890 2577 1216 2650 fratribus
1268 2578 1493 2658 Felici,
1534 2583 1922 2659 Fortunato,
1978 2578 2300 2661 Achilleo,
2335 2581 2648 2650 Ferreolo
2681 2597 2747 2652 ct

203 2670 519 2739 Ferrucio
553 2669 617 2736 in
663 2668 948 2737 Domino
983 2667 1296 2736 salutem.
1337 2668 1468 2750 Qui
1498 2667 1890 2736 moderatur
1919 2668 2150 2738 secula
2185 2680 2250 2737 et
2289 2668 2596 2760 disponit
2647 2684 2744 2740 to-

202 2760 342 2829 tius
394 2757 638 2827 mundi
672 2757 971 2836 climata,
1013 2756 1159 2846 ipse
1187 2758 1400 2827 servis
1432 2756 1577 2825 suis
1609 2756 1693 2823 ad
1729 2755 2193 2826 invitationem
2229 2758 2447 2827 bonae
2480 2758 2745 2828 confes-

141 2860 152 2865 “
199 2848 419 2916 sio‘nis
488 2869 740 2915 arcana
789 2846 896 2914 sui
945 2847 1240 2945 pectoris
1289 2868 1420 2913 non
1478 2845 1770 2933 negavit.
1836 2849 2002 2914 Cum
2056 2846 2335 2935 vigilata
2383 2859 2578 2917 nocte
2633 2870 2743 2916 me

198 2936 433 3026 sopori
482 2935 852 3015 dedissem,
900 2934 1037 3001 v1di
1088 2933 1459 3004 revolutam
1513 2933 1683 3003 coeli
1734 2935 2082 3033 paginam,
2115 2946 2181 3005 et
2209 2936 2516 3021 quinque
2546 2958 2742 3006 coro-

198 3048 325 3095 nas
378 3024 590 3093 nimio
635 3022 999 3113 splendore
1049 3046 1217 3093 auro
1256 3024 1688 3114 gemmisque
1739 3023 2131 3114 insignibus
2179 3024 2570 3105 adornataS,
2627 3048 2741 3115 sy-

195 3114 398 3183 dereo
446 3111 708 3202 fulgere
759 3113 998 3190 nitore,
1034 3125 1098 3179 et
1132 3111 1448 3201 singulae
1482 3111 1888 3200 angelorum
1925 3113 2248 3183 manibus
2283 3113 2742 3203 deportaban-

197 3216 332 3279 tur,
386 3214 450 3270 et
481 3202 760 3291 signum
797 3201 1024 3269 crucis
1050 3201 1118 3268 in
1159 3200 1383 3269 medio
1425 3201 1846 3289 portabatur.
1885 3202 2075 3282 Quod
2121 3224 2279 3270 cum
2330 3203 2735 3284 admirarer,

197 3290 435 3361 audivi
495 3312 721 3358 vocem
777 3288 1150 3358 terribilem
1217 3289 1385 3357 mihi
1435 3290 1814 3359 dicentem:
1860 3314 1893 3354 «
1935 3292 2161 3359 Venite
2228 3292 2488 3360 Irenaei
2539 3292 2744 3361 disci-

199 3379 372 3472 puli,
434 3378 762 3469 percipite
812 3378 1230 3467 promissum
1284 3377 1471 3447 vobis
1530 3379 1745 3467 patris
1807 3400 2094 3468 regnum
2149 3393 2223 3449 ut
2261 3381 2427 3466 quia
2486 3380 2742 3450 fecistis

197 3469 620 3538 voluntatem
673 3467 945 3536 Domini
995 3466 1059 3534 in
1115 3466 1335 3547 terris,
1385 3468 1635 3556 pariter
1676 3468 2073 3557 percipiatis
2130 3469 2552 3557 promissum
2620 3492 2742 3559 pa-

199 3559 324 3627 tris
373 3557 442 3625 in
494 3555 706 3626 coelo,
751 3555 890 3624 Viri
932 3554 1351 3624 sanctissimi
1399 3555 1663 3635 fratres,
1718 3556 2044 3642 quoniam
2098 3578 2222 3625 nos
2274 3558 2605 3628 Dominus
2655 3558 2741 3626 ad

195 3645 509 3734 martyrii
555 3666 878 3715 coronam
924 3644 1183 3722 invitat,
1233 3644 1700 3714 confortemur
1746 3658 1811 3713 et
1842 3666 2145 3725 oremuS,
2186 3644 2554 3734 vigilemus
2598 3648 2745 3736 spi-

195 3735 335 3805 ritu
404 3734 760 3814 ferventeS,
818 3745 892 3802 ut
942 3753 1077 3800 non
1134 3731 1452 3802 diabolus
1498 3734 1778 3802 veniens
1823 3732 2088 3803 furetur
2146 3734 2548 3803 thesaurum
2619 3757 2743 3804 no-

193 3838 442 3894 strum.
483 3848 517 3890 »
553 3822 645 3893 Ad
713 3823 879 3891 haec
920 3820 1124 3901 Felix,
1157 3821 1463 3891 Ferreolo
1511 3836 1574 3891 et
1625 3822 2021 3892 Ferrucioni
2069 3844 2245 3909 quae
2295 3823 2554 3892 viderat
2618 3825 2742 3892 ad·-

192 3913 328 3983 scri
388 3924 452 3983 ta
499 3913 822 3981 narravit.
862 3911 1106 3997 Sicque
1147 3909 1560 3993 factum‘est,
1592 3923 1667 3980 ut
1692 3910 1937 3980 diebus
1965 3933 2044 3979 ac
2082 3911 2399 3982 noctibus
2452 3913 2742 4001 psalmis

190 4016 256 4073 ct
376 4002 608 4091 ymnis
682 4000 1149 4070 indesinenter
1217 3999 1583 4068 Dominum
1650 4006 1885 4070 ,lesum
1954 4000 2300 4070 Christum
2380 4014 2741 4073 aeternum

194 4092 581 4160 laudarent.
639 4097 827 4159 Nunc
853 4110 1014 4180 ergo
1043 4088 1129 4157 ad
1157 4110 1393 4158 eorum
1423 4088 1880 4157 venerandam
1937 4090 2322 4178 passionem
2353 4090 2733 4160 veniamus

281 4184 319 4266 ξ
365 4185 451 4252 4.
507 4179 756 4249 Eodem
800 4191 1103 4267 tempore
1150 4179 1433 4263 quidam
1487 4177 1589 4245 vir
1638 4176 1964 4246 Claudius
2011 4179 2293 4256 ⁴nomine
2334 4201 2412 4247 ex
2468 4180 2739 4248 civitate

197 4275 238 4336 V
245 4268 747 4337 esontionensis
775 4267 1170 4356 (Besancon)
1197 4266 1283 4335 ad
1319 4266 1706 4336 Cornelium
1738 4267 1980 4334 ducem
2018 4267 2354 4335 exercitus
2386 4268 2738 4336 Aureliani

195 4358 637 4447 Imperatoris
677 4356 1049 4426 Valentiam
1081 4356 1382 4436 veniens,
1428 4378 1589 4424 cum
1617 4354 1923 4425 audisset
1964 4355 2145 4442 quod
2184 4357 2248 4424 in
2285 4367 2556 4426 sanctos
2592 4356 2731 4435 Dei,

192 4447 260 4515 id
328 4457 450 4526 est,
509 4446 796 4516 Felicem
851 4446 1352 4535 presbyterum,
1424 4449 1869 4513 Fortunatum
1920 4456 1984 4513 et
2034 4443 2413 4514 Achilleum
2468 4445 2727 4517 rabiem
