3357 4995
706 345 790 413 22
1472 362 1552 409 nn
1600 362 1657 409 s.
1710 360 2015 413 CAPRASIO
2057 359 2298 408 annun
2854 338 3063 411 JUNII
3111 344 3136 407 4

618 446 955 538 gloriatur
982 447 1051 516 in
1089 446 1353 516 Christo
1387 445 1856 537 spiritualium
1888 444 2269 536 propagine
2298 444 2630 515 filiorum!
2669 448 2918 529 Quanti
2950 458 3145 548 puta-

616 558 776 606 mus
823 535 1036 606 fuisse
1063 535 1310 618 meriti,
1348 547 1648 623 quantae
1688 535 1958 605 virtutis
1998 535 2224 604 virum
2259 534 2474 617 hunc,
2505 535 2627 622 qui
2662 548 2741 605 ut
2771 536 2863 606 ita
2897 534 3141 617 dicam,

620 624 1100 716 Magistrorum
1151 624 1366 695 valuit
1410 645 1560 695 esse
1607 624 1960 715 Magister?
2005 628 2222 706 Quam
2275 622 2435 693 felix
2471 637 2537 693 et
2583 624 2781 695 beata
2827 624 3147 696 habitatio

619 712 813 786 illius
874 726 1151 784 sanctae
1212 713 1589 783 Lirinensis
1636 711 1908 783 insulae
1942 768 1957 794 ,
2011 733 2188 800 quae
2234 723 2374 781 tam
2427 713 2802 801 praeclaris
2849 725 2952 785 est
2999 735 3145 783 mu-

621 802 769 872 nita
862 803 1142 883 atronis,
1202 823 1322 893 per
1370 802 1487 871 Dei
1534 800 2037 892 providentiam
2088 800 2174 871 ad
2226 800 2606 872 multorum
2656 802 3024 875 utilitatem
3070 801 3150 872 de

621 904 757 960 tam
836 892 1211 981 onginquis
1251 891 1643 982 ignotisque
1676 891 2078 980 regionibus
2111 889 2455 962 adductis.

706 983 743 1138 ,ῗ
791 985 883 1051 6.
936 981 1052 1049 Vir
1096 1001 1259 1070 ergo
1307 980 1580 1048 Domini
1628 980 1996 1070 caprasius
2062 977 2367 1048 fervidus
2412 991 2559 1049 erat
2603 979 2968 1062 charitate,
3023 979 3148 1049 hu-

619 1070 714 1138 mi
748 1068 907 1140 itate
971 1068 1307 1169 dejectuS,
1376 1068 1790 1139 mitissimus
1839 1069 2122 1158 pietate,
2178 1066 2247 1136 in
2299 1090 2332 1137 s
2385 1090 2421 1137 e
2468 1067 2944 1150 firmissimuS‚
3011 1089 3152 1138 mo-

618 1157 855 1229 destus
913 1158 985 1226 in
1047 1179 1346 1238 incessu,
1395 1155 1784 1226 obedientia
1842 1178 2035 1246 prom
2093 1168 2230 1235 tus,
2285 1178 2326 1225 a
2378 1157 2704 1228 stinentia
2755 1156 3147 1247 singularis,

617 1258 900 1337 aspectu
948 1268 1270 1326 serenuS,
1334 1245 1930 1336 contemplatione.
1961 1266 2045 1314 su
2100 1243 2311 1324 limis,
2367 1243 2896 1337 longanimitate
2934 1245 3143 1323 fortis,

615 1334 947 1413 orationis
994 1334 1325 1403 instantia
1371 1334 1783 1414 continuus,
1838 1333 2011 1402 nihil
2043 1334 2146 1417 ¹in
2196 1333 2332 1404 hoc
2380 1334 2614 1405 seculo
2669 1333 3151 1405 consolationis

616 1444 978 1510 quaerenS‚
1011 1422 1184 1492 nihil
1218 1422 1621 1493 desiderans
1648 1422 1783 1494 nisi
1811 1422 2180 1503 Christum,
2205 1443 2409 1509 quem
2444 1423 2670 1494 solum
2702 1420 3151 1495 desiderando

617 1512 1139 1599 assequebatur,
1191 1511 1460 1581 beatam
1500 1511 1899 1598 quaerendo
1947 1511 2182 1592 vitam,
2235 1511 2507 1581 beatam
2549 1512 2819 1602 agebat.
2872 1509 3156 1602 optabat

620 1623 661 1669 a
710 1600 1186 1689 peccatoribus
1235 1600 1606 1691 segregari:
1643 1612 1711 1670 et
1750 1600 1900 1688 jam
1949 1621 2083 1670 non
2137 1598 2360 1669 solum
2411 1622 2451 1668 a
2498 1602 3003 1690 peccatoribus,
3042 1596 3154 1668 sed
3229 1685 3233 1689 .

619 1689 824 1759 etiam
860 1712 901 1758 a
941 1689 1237 1778 peccatis
1286 1701 1687 1779 segregatus
1733 1702 1901 1759 erat.
1955 1693 2172 1758 Omne
2221 1687 2293 1756 in
2345 1684 2476 1757 De?
2511 1688 2843 1760 laudibus
2892 1703 3178 1778 tempus-

599 1777 870 1847 ,habere
917 1778 1219 1869 volebat:
1273 1789 1341 1846 et
1388 1789 1522 1847 toto
1572 1789 1878 1868 tempore
1927 1781 2059 1848 Deo
2106 1777 2415 1847 vacabat.
2469 1779 2845 1868 Appetebat
2891 1789 3156 1847 sancto-

616 1888 776 1936 rum
825 1865 1257 1965 congaudere
1305 1866 1663 1936 coetibus:
1707 1878 1911 1954 atque
1968 1866 2171 1935 etiam
2225 1866 2295 1934 in
2346 1867 2692 1956 praesenti
2744 1867 2974 1937 adhuc
3025 1864 3157 1933 vita

619 1955 888 2045 po'situs
926 1954 1247 2027 similiter
1275 1954 1643 2045 gaudebat.
1700 1954 1965 2025 Christo
1997 1953 2134 2025 frui
2167 1954 2515 2044 cupiebat;
2559 1968 2786 2026 mente
2817 1968 2883 2026 et
2916 1953 3157 2046 spiritu

618 2043 1000 2113 fruebatur.
1053 2044 1168 2112 Vir
1216 2043 1343 2112 iste
1389 2043 1631 2113 beatus
1678 2065 1806 2200 Pro
1853 2044 2187 2113 virtutum
2229 2043 2713 2134 magnitudine
2764 2056 2990 2115 tantae
3034 2041 3157 2112 fuit

617 2133 967 2222 opinionis
1014 2145 1079 2201 et
1126 2132 1371 2214 famae,
1424 2145 1502 2202 ut
1555 2132 1755 2202 muti
1820 2144 2220 2203 sanctorum
2270 2136 2634 2201 Doctorum
2689 2154 2857 2202 suae
2905 2145 3155 2221 tempe-

628 2222 846 2301 statiS,
901 2222 1053 2312 ejus
1099 2221 1352 2309 dignae
1399 2220 1905 2291 conversationi
1952 2220 2426 2291 testimonium
2460 2221 2932 2310 perhiberent,
2967 2242 3044 2291 ac
3076 2218 3156 2287 de

602 2310 773 2399 ipso
822 2310 894 2378 in
947 2310 1096 2380 suis
1143 2308 1548 2380 tractatibus
1599 2310 2003 2379 memoriam
2073 2307 2397 2378 facerent.

705 2401 742 2486 ξ
801 2403 877 2469 ⁸2.
964 2396 1155 2468 Unde
1220 2397 1834 2487 praecipuus.ille
1896 2401 1995 2467 Lu
2044 2397 2382 2467 dunensis
2458 2397 2801 2469 Ecclesiae
2848 2399 3149 2476 antisteS‚

622 2487 1053 2568 Eucherius,
1112 2486 1180 2556 in
1247 2485 1386 2557 fine
1450 2485 1654 2566 libri,
1709 2507 1916 2574 quem
2034 2508 2071 2556 e
2139 2486 2366 2556 Eremi
2432 2486 2636 2559 laude
2695 2486 3149 2579 conscripsit,

615 2599 778 2647 oum
847 2577 931 2647 de
978 2577 1235 2646 sanctis
1284 2575 1662 2647 Lirinensis
1713 2575 1983 2645 insulae
2029 2574 2280 2645 incolis
2329 2575 2725 2663 loqueretur
2761 2633 2777 2658 ,
2821 2577 3011 2647 hunc
3056 2574 3152 2642 vi-

615 2687 771 2735 rum
819 2667 1164 2736 Dei'inter
1195 2664 1499 2754 reliquos
1548 2666 1920 2755 praecipue
1969 2665 2374 2746 nominavit,
2430 2665 2525 2734 ita
2576 2665 2857 2738 dicens:
2903 2688 2940 2732 «
2972 2669 3151 2735 Haec

614 2754 929 2826 videlicet
989 2755 1367 2825 Lirinensis
1429 2765 1667 2824 sancta
1732 2752 2000 2834 insula,
2071 2773 2257 2822 nunc
2324 2753 2628 2843 possidet
2686 2752 3150 2824 venerabilem

614 2844 945 2933 gravitate
978 2844 1407 2934 Caprasium,
1461 2842 1808 2912 veteribus
1858 2841 2118 2912 sanctis
2166 2862 2426 2931 parem.
2482 2848 2662 2912 Haec
2711 2864 2902 2913 nunc
2951 2841 3152 2912 habet

616 2944 890 3002 sanctes
960 2953 1161 3001 senes
1209 2931 1405 3012 illos,
1471 2931 1593 3019 qui
1662 2931 1953 3001 diversis
2013 2929 2286 3000 cellulis
2333 2931 2702 3032 Aegyptios
2753 2943 2983 3022 patres
3032 2950 3150 2998 no-

614 3020 776 3088 stris
831 3019 1071 3090 Galliis
1132 3020 1539 3091 intulerunt.
1581 3047 1605 3083 ιι
1659 3025 1737 3090 Et
1786 3020 2028 3090 beatus
2076 3019 2416 3101 HilariuS,
2476 3042 2542 3088 tn
2591 3041 2910 3090 sermone
2957 3036 3155 3107 quem

612 3106 974 3178 funebrem
1021 3108 1092 3176 in
1142 3110 1360 3178 sancti
1410 3109 1741 3180 Honorati
1789 3108 2066 3179 laudem
2108 3108 2375 3188 habuit,
2421 3108 2695 3179 beatum
2760 3107 3155 3199 Caprasium

614 3195 950 3286 perfectae
1004 3209 1662 3283 consummataeque
1725 3197 2081 3288 gravitatis
2136 3195 2376 3278 fuisse,
2424 3197 2743 3288 angelica
2790 3198 2866 3266 in
2915 3191 3160 3266 insulis

613 3285 1125 3444 conykersatione
1155 3284 1449 3375 degisse,
1481 3298 1547 3354 et
1595 3285 1774 3355 inter
1813 3285 2060 3357 Christi
2105 3285 2371 3355 amicos
2419 3298 3006 3380 connumeratum
3046 3282 3160 3352 de·

628 3395 763 3444 scri
819 3387 891 3444 it.

706 3464 741 3549 ξ
788 3466 869 3534 S.
915 3467 1080 3532 Cum
1129 3483 1290 3552 ergo
1330 3463 1574 3533 beatus
1622 3462 1994 3551 Caprasius
2035 3483 2343 3534 annosus
2392 3462 2776 3553 plurimum
2826 3459 3158 3563 grandae-

616 3572 881 3638 vusque
946 3562 1122 3621 esset
1168 3563 1373 3639 atque
1431 3551 1850 3641 decrepitus,
1903 3563 1970 3621 et
2018 3562 2293 3641 tempus
2351 3573 2517 3621 suae
2570 3550 3012 3622 resolutionis
3058 3567 3162 3616 in·

618 3652 826 3710 staret
860 3640 991 3730 (ut
1038 3639 1099 3709 le
1153 3639 1330 3729 itur)
1378 3640 1704 3731 apparuit
1749 3639 1814 3709 ei
1861 3651 2144 3709 sanctus
2194 3638 2481 3709 Michae’l
2515 3639 3011 3731 Archangelus,
3066 3648 3165 3724 at:

619 3749 754 3815 que
794 3750 1002 3799 suum
1053 3727 1115 3797 fe
1146 3729 1320 3798 icem
1368 3729 1626 3798 exitum
1693 3740 1848 3817 post
1896 3727 2188 3799 biduum
2240 3728 2629 3809 imminere,
2696 3727 2932 3798 divino
2994 3736 3168 3796 nutu

620 3816 964 3887 revelavit.
1002 3821 1133 3887 Nec
1181 3817 1561 3908 incongrue
1608 3816 1892 3904 quidem
1921 3872 1936 3898 ‚
1989 3829 2066 3887 ut
2114 3815 2426 3906 angelico
2474 3816 2622 3887 viro
2671 3817 3052 3908 migraturo
3090 3831 3168 3881 ex

618 3905 749 3976 hac
791 3906 947 3986 vita,
992 3905 1306 3996 angelica
1344 3906 1594 3996 legatio
1628 3916 2042 3986 occurreret,
2081 3925 2258 3992 quae
2290 3917 2603 3975 sanctam
2635 3905 2826 3975 illam
2863 3904 3166 4001 animam

617 4007 684 4063 et
717 3994 804 4064 ab
852 3994 1085 4065 hostili
1118 3995 1557 4085 improbitate
1599 3993 2017 4074 defenderet,
2071 4005 2144 4064 et·
2185 3992 2589 4063 coelestium
2637 3993 2897 4064 civium
2949 3991 3168 4082 gloria

621 4083 1053 4155 sublimaret.
1108 4087 1188 4152 In
1234 4084 1386 4173 ejus
1433 4083 1650 4174 igitur
1696 4083 2019 4153 extremis
2060 4094 2530 4152 convenerunt
2561 4081 2906 4174 gloriosae
2951 4093 3020 4150 et
3066 4079 3170 4178 in-

622 4172 845 4262 clytae
895 4171 1269 4242 memoriae
1310 4171 1729 4252 SacerdoteS‚
1785 4176 2078 4242 Faustus
2138 4168 2424 4252 scilicet,
2478 4170 2902 4251 Theodorus,
2962 4174 3171 4264 M⁸¹¹T

621 4283 780 4332 mus
813 4273 883 4331 et
916 4259 1245 4340 Hilarius,
1283 4260 1489 4351 cujus
1522 4260 1940 4331 mentionem
1979 4257 2395 4350 jamdudum
2435 4258 2754 4331 fecimus.
2814 4257 2947 4341 Qui
2990 4257 3170 4354 beati

618 4350 751 4420 viri
785 4354 869 4421 Ca
926 4349 1090 4419 rasii
1119 4350 1443 4420 conscius
1470 4348 1872 4419 meritorum
1902 4404 1918 4431 ,
1956 4370 2125 4440 suae
2159 4346 2577 4437 pontificalis
2611 4347 2970 4439 dignitatis
3000 4342 3171 4415 obh-

621 4450 768 4522 tus,
820 4462 861 4510 a
922 4438 1106 4529 ,eJus
1153 4438 1363 4530 pedes
1400 4437 1751 4521 residens,
1789 4438 2016 4529 ipsius
2049 4459 2122 4510 se
2150 4435 2581 4507 orationibus
2612 4433 3165 4510 commendabat,
