3357 4995
216 368 387 434 JUNII
433 370 476 434 2
734 385 1076 435 TRANSLAT.
1132 387 1223 434 ss.
1282 387 1395 434 uu.
1451 388 1631 436 PETRI
1680 388 1755 435 ΕΤ
1805 349 2181 437 mancam&
2558 374 2640 440 93

219 485 335 569 post
374 470 819 541 refectionem
871 469 957 539 ad
1011 471 1371 541 ecclesiam
1428 472 1746 562 regressi,
1788 486 2024 542 exacto
2054 472 2443 556 daemonic,
2484 497 2729 546 sanam

213 557 365 629 illam
395 573 462 630 et
511 558 940 641 incolumen,
994 581 1074 628 ac
1126 582 1246 650 per
1274 561 1507 629 omnia
1564 561 1814 632 mentis
1853 582 2020 631 suae
2062 575 2475 662 compotem,
2529 576 2733 653 atque

211 647 263 715 in
307 649 407 718 Dei
458 648 794 719 laudibus
832 647 1252 719 exultantem
1302 650 1720 719 invenimus,
1794 656 1871 720 Et
1925 649 2055 720 hoc
2116 650 2396 737 quldem
2449 653 2729 743 signum

208 737 261 804 in
301 737 597 807 adventu
640 736 1095 824 reliquiarum
1136 738 1494 808 beatorum
1530 737 1782 808 Christi
1833 751 2215 828 martyrum
2246 740 2426 809 Proti
2457 753 2523 809 et
2548 746 2733 830 Hya-

202 825 388 896 cinthi
426 827 633 914 juxta
680 824 964 895 modum
996 827 1264 896 anobis
1312 826 1897 918 comprehensum
1947 840 2216 898 constat
2245 849 2396 898 esse
2433 850 2583 898 com
2645 830 2734 900 le-

200 924 364 984 tum:
401 914 583 985 illud
646 927 903 996 autem,
940 915 1126 1002 quod
1179 920 1243 984 S.
1302 916 1601 986 Hermeti
1670 915 2118 998 adscribitur,
2170 938 2308 1005 quo
2357 916 2446 987 sit
2491 939 2570 986 or
2623 918 2734 987 ine

195 1016 471 1092 gestum,
530 1003 876 1094 praesenti
925 1004 1320 1073 narratione
1358 1004 1669 1075 clarebit.

265 1095 299 1180 §
343 1099 505 1166 ²5.
570 1092 847 1162 Colonia
911 1093 1313 1183 metropolis
1361 1105 1463 1164 est
1511 1093 1582 1163 in
1630 1092 1895 1165 finibus
1947 1094 2465 1176 Ribuariorum,
2522 1116 2733 1185 super

191 1182 496 1253 Rhenum
533 1180 778 1271 posita.
818 1185 910 1250 Ex
938 1204 1099 1267 qua,
1139 1181 1443 1252 foemina
1467 1182 1806 1268 quaedam
1843 1197 1988 1253 erat
2012 1205 2053 1252 a
2087 1183 2371 1253 renibus
2405 1184 2729 1254 deorsum

193 1270 447 1340 diutina
500 1291 863 1354 nervorum
933 1269 1361 1341 distensione
1407 1271 1478 1339 in
1541 1282 1811 1341 tantum
1880 1271 2280 1353 debilitata,
2347 1284 2422 1343 ut
2488 1284 2731 1363 negato

194 1361 311 1430 sibi
359 1381 651 1430 crurum
702 1380 782 1428 ac
879 1359 1086 1429 edum
1138 1359 1387 1441 officio,
1425 1381 1564 1430 non
1593 1359 1792 1430 aliter
1829 1383 2039 1447 quam
2093 1360 2363 1442 sedenS,
2401 1361 2735 1451 porrectis

192 1447 253 1516 in
298 1448 645 1518 anteriora
685 1446 842 1539 pedi
895 1470 979 1518 us
1038 1469 1118 1517 ac
1170 1449 1496 1518 manibus
1530 1449 1600 1517 in
1653 1462 1906 1518 terram
1958 1449 2569 1549 positis-innitens,
2626 1471 2734 1519 se-

193 1557 312 1622 que
375 1536 511 1607 hoc
560 1536 766 1605 modo
823 1538 1258 1625 promovens,
1299 1538 1518 1606 vicem
1568 1536 1978 1607 ambulandi
2033 1538 2305 1627 explere
2369 1539 2726 1629 potuisset.

191 1629 354 1696 Haec
402 1624 665 1696 auditis
707 1624 1065 1694 miraculis
1111 1638 1316 1711 atque
1366 1626 1738 1697 virtutibus
1785 1648 1960 1713 quas
2009 1628 2344 1697 Dominus
2394 1650 2515 1719 per
2574 1649 2734 1697 san-

190 1726 321 1785 ctos
369 1727 713 1803 martyres
750 1733 916 1782 suos
955 1713 1434 1804 Marcellinum
1476 1727 1543 1784 et
1577 1720 1848 1785 Petrum
1901 1716 1974 1783 in
2023 1717 2378 1787 curatione
2426 1716 2737 1785 infirmo·

191 1824 335 1871 rum
368 1815 581 1889 atque
627 1801 965 1871 debilium
1000 1814 1327 1892 operatus
1374 1813 1498 1883 est,
1554 1803 1639 1872 ad
1675 1803 2037 1874 basilicam
2085 1825 2325 1874 eorum
2362 1806 2593 1875 venire
2623 1826 2738 1894 ge·
2814 1854 2827 1877 .

192 1891 385 1961 stivit.
441 1895 523 1960 Et
560 1890 890 1978 quoniam
951 1890 1149 1960 aliter
1196 1891 1561 1961 commode
1608 1893 2032 1979 nequiverat,
2087 1893 2158 1961 in
2196 1915 2367 1963 nave
2411 1906 2738 1963 mercato·

192 2001 360 2061 rum,
395 1980 520 2067 qui
570 1979 691 2048 illo
737 1978 822 2048 ad
863 1978 1294 2050 festivitatem
1332 1980 1715 2058 eorundem
1768 1985 2173 2052 Sanctorum
2211 1982 2428 2064 ibant,
2456 1981 2741 2053 advecta

191 2081 304 2136 est.
338 2068 677 2156 venitque
724 2067 892 2137 illuc
931 2067 1018 2137 ad
1069 2068 1251 2138 diem
1290 2069 1711 2149 natalitium,
1748 2082 1951 2157 atque
2001 2069 2096 2139 ibi
2147 2091 2269 2161 spe
2316 2091 2736 2161 recuperan-

191 2157 308 2226 dae
345 2156 594 2227 salutis
641 2156 1055 2243 aliquandiu
1087 2170 1350 2227 morata
1374 2171 1495 2228 est.
1535 2158 1663 2229 Sed
1697 2158 1821 2228 ubi
1857 2158 2024 2228 vidit
2071 2160 2500 2230 curationem
2535 2180 2738 2228 suam

192 2265 331 2314 esse
376 2246 664 2315 dilatam
712 2245 809 2335 (et
856 2266 1089 2316 revera
1136 2245 1348 2315 dilata
1396 2262 1563 2326 erat,
1622 2269 1760 2316 non
1799 2259 2079 2336 negata:
2134 2248 2300 2335 quia
2352 2269 2488 2318 non
2542 2247 2733 2328 alibi,

194 2333 302 2402 sed
350 2334 485 2405 ibi:
552 2353 775 2420 neque
835 2345 1023 2414 tunc,
1077 2333 1195 2404 sed
1246 2334 1381 2405 alio
1416 2349 1722 2426 tempore
1789 2335 1934 2405 fieri
1985 2335 2255 2424 debuit)
2303 2337 2542 2407 statuit
2602 2342 2741 2405 Mo·-

194 2424 594 2512 guntiacum
648 2421 1017 2514 proficisci.
1072 2427 1230 2492 Erat
1266 2424 1451 2491 enim
1502 2424 1571 2492 in
1617 2425 1928 2515 proximo
1975 2424 2305 2494 festivitas
2368 2429 2433 2494 S.
2495 2424 2740 2495 Albani

192 2514 530 2601 martyris,
582 2513 786 2602 cujus
831 2511 1019 2603 apud
1066 2512 1382 2582 eamdem
1445 2513 1690 2583 urbem
1750 2526 1817 2583 et
1875 2513 2162 2584 basilica
2217 2527 2284 2582 et
2351 2513 2741 2604 percelebre

190 2600 682 2672 monasterium
731 2611 854 2669 est.
910 2604 1058 2682 Quo
1088 2623 1251 2670 cum
1303 2602 1619 2682 venisset,
1673 2615 1741 2672 et
1787 2602 1973 2692 apud
2028 2602 2434 2672 memoriam
2483 2614 2743 2690 marty-

190 2688 279 2757 ris
326 2712 452 2780 pro
502 2688 930 2759 restitutione
979 2689 1226 2760 salutis
1274 2712 1440 2761 suae
1500 2691 1792 2760 Domino
1842 2690 2329 2781 supplicasset,
2385 2689 2556 2759 vidit
2624 2711 2744 2780 per

192 2798 259 2846 so
307 2800 499 2848 orem
539 2777 911 2866 quemdam
935 2779 1268 2866 juvenem
1317 2779 1649 2849 clericum
1701 2779 1836 2850 sibi
1885 2779 2343 2860 assistentem,
2399 2801 2480 2848 ac
2532 2800 2742 2848 novos

192 2886 264 2933 ca
291 2889 448 2938 ceos
477 2888 696 2937 manu
727 2865 1080 2947 ferentem,
1128 2880 1335 2955 atque
1372 2881 1447 2937 ut
1494 2889 1609 2939 eos
1649 2869 1797 2937 acci
1850 2880 1990 2937 eret
2068 2867 2454 2955 edibusque
2503 2867 2744 2938 indue-

193 2968 282 3023 ret
327 2957 830 3047 imperantem:
871 2977 943 3024 se
982 2977 1258 3044 quoque
1305 2957 1400 3026 ita
1439 2956 1704 3029 secisse.
1749 2956 1799 3025 Il
1837 2980 1953 3027 um
2039 2956 2242 3027 einde
2275 2957 2732 3047 praecepisse,

192 3057 264 3111 ut
306 3045 415 3116 his
463 3045 788 3123 calceata,
836 3043 923 3113 ad
975 3044 1204 3114 locum
1254 3045 1441 3114 unde
1494 3045 1611 3115 illo
1661 3058 1960 3127 venerat,
2001 3058 2473 3129 reverteretur,
2509 3046 2744 3135 ibique

195 3132 555 3203 adventum
610 3132 861 3202 medici
911 3134 1465 3223 praestolaretur,
1523 3136 1642 3221 qui
1693 3155 1844 3203 eam
1894 3147 2072 3205 esset
2119 3135 2585 3226 proculdubio
2632 3157 2742 3204 sa-

196 3234 503 3292 naturus„
536 3226 725 3305 Quae
754 3222 876 3292 ubi
905 3222 1275 3311 evigilavit,
1325 3223 1574 3294 visioni
1624 3222 1830 3292 fidem
1882 3223 2440 3306 accommodanS,
2485 3236 2746 3310 quanta

197 3311 409 3397 potuit
452 3310 799 3381 celeritate
865 3310 946 3379 ad
1003 3315 1409 3381 Sanctorum
1475 3324 1862 3402 martyrum
1914 3312 2268 3383 salutifera
2341 3312 2586 3382 limina
2637 3333 2742 3382 re-

198 3418 385 3468 versa
419 3411 563 3470 est:
618 3421 698 3468 ac
732 3420 855 3489 per
884 3397 1062 3468 duos
1098 3421 1369 3471 menses
1403 3401 1471 3468 in
1504 3400 1746 3471 eodem
1790 3400 1938 3471 loco
1978 3403 2155 3471 inter
2188 3401 2363 3474 alios
2407 3422 2746 3492 pauperes

199 3500 609 3566 conversata,
666 3487 1229 3579 pollicitationem
1281 3488 1567 3560 visionis
1615 3491 2127 3580 opperiebatur.

275 3577 310 3661 ξ
360 3582 521 3648 ²8.
577 3582 745 3649 Cum
778 3577 1053 3647 interim
1088 3579 1272 3647 circa
1301 3578 1604 3648 medium
1630 3578 1769 3648 sere
1797 3600 2105 3649 mensem
2132 3583 2519 3670 Augustum
2543 3581 2744 3648 Deus-

202 3661 375 3733 dona
421 3667 787 3745 DiaconuS,
823 3667 1027 3757 quus
1077 3667 1144 3734 in
1199 3667 1423 3756 primo
1470 3669 1699 3757 operis
1740 3668 1951 3767 hujus
2001 3667 2176 3737 libro
2211 3667 2526 3736 crebram
2579 3666 2747 3735 seci-

202 3772 350 3821 mus
389 3754 833 3836 mentionem,
871 3758 1086 3824 Roma
1119 3755 1420 3839 venienS,
1460 3778 1682 3826 unum
1717 3755 2092 3827 articulum
2135 3755 2337 3847 digiti
2368 3755 2548 3825 beati
2580 3758 2746 3825 Her-

201 3841 390 3912 metis
410 3842 731 3932 martyris
732 3864 874 3999 (pro
901 3865 1153 3935 magno
1188 3844 1389 3915 nobis
1418 3866 1706 3916 munere
1731 3844 1999 3914 detulit.
2040 3849 2256 3928 Quem
2294 3844 2737 3934 accipientes,

203 3949 270 4026 ca
323 3930 474 3999 sula
523 3953 725 4002 recon
784 3931 955 4001 itum
991 3932 1060 4000 in
1115 3933 1457 4033 superiori
1496 3947 1687 4021 parte
1728 3933 2057 4004 basilicae
2090 3953 2305 4023 supra
2345 3934 2576 4023 ipsum
2627 3955 2744 4002 oc-

203 4036 257 4083 ci
306 4018 595 4088 entalem
646 4019 977 4107 ecclesiae
1002 4021 1369 4097 introitum
1401 4022 1922 4093 collocavimus.
1977 4026 2054 4092 At
2097 4022 2419 4104 foemina,
2454 4043 2630 4109 quae
2669 4034 2746 4091 ut

203 4102 357 4185 dixi,
395 4108 656 4177 visione
688 4108 1019 4179 divinitus
1058 4109 1414 4179 admonita
1465 4109 1631 4180 illuc
1684 4123 1980 4191 venerat,
2027 4122 2091 4180 et
2121 4110 2397 4182 duobus
2451 4112 2582 4178 'am
2633 4132 2742 4179 ex-

205 4195 365 4262 actis
414 4196 789 4276 mensibus,
846 4197 1018 4266 nihil
1065 4199 1441 4288 promissae
1475 4200 1628 4290 opis
1660 4200 1794 4268 sibi
1843 4200 2204 4269 advenisse
2243 4221 2446 4269 cerne
2499 4211 2587 4278 at,
2625 4198 2743 4268 de-

206 4278 420 4351 lusam
468 4306 538 4354 se
592 4307 767 4355 vano
816 4286 1086 4357 somnio
1128 4288 1556 4365 existimans,
1614 4287 1910 4359 reditum
1965 4289 2034 4356 in
2073 4289 2364 4379 patriam
2426 4287 2746 4357 meditari

205 4371 445 4467 coepit.
497 4375 876 4461 Statuitque
922 4398 1077 4444 cum
1132 4376 1701 4467 negotiatoribus,
1733 4379 1855 4465 qui
1887 4399 1959 4446 se
1999 4377 2429 4456 reducerent,
2477 4389 2552 4446 ut
2590 4398 2746 4466 pro-

205 4476 385 4527 xima
437 4462 803 4545 Dominio&
844 4485 1020 4551 quae
1053 4465 1294 4551 quinto
1336 4464 1793 4535 Calendarum
1849 4466 2354 4557 Septembrium
2390 4465 2502 4534 die
2532 4462 2743 4534 simul
