3357 4995
231 347 456 413 JUNII
508 345 593 411 22
922 364 1001 410 ms:
1047 363 1233 411 omri]
1281 365 1338 411 s.
1394 365 1649 412 ravum
1695 364 1839 412 Νοι.
1893 363 2091 411 Errsc.
2564 346 2681 410 49⁴

232 455 552 536 Dumque
589 447 745 536 ejus
776 448 1005 518 omnis
1052 448 1302 519 domus
1352 449 1421 517 in
1474 471 1599 519 sua
1648 448 1993 518 soliditate
2033 447 2448 537 persisteret,
2488 447 2780 517 cubicu-

234 537 410 618 lum,
464 537 538 605 in
590 558 727 623 quo
767 537 1042 624 jacebat
1078 559 1303 628 aeger,
1336 537 1510 607 facto
1546 550 1958 607 terraemotu
2005 536 2441 615 contremuit,
2505 557 2782 605 omnes-

235 648 373 715 que
419 626 542 713 qui
590 624 733 694 illic
766 624 1054 694 aderant
1104 626 1318 695 nimio
1369 638 1623 695 terrore
1661 626 2054 695 concussit:
2108 626 2346 713 sicque
2386 635 2623 695 sancta
2665 624 2784 692 illa

236 715 473 784 anima
521 737 728 784 carne
767 714 990 783 soluta
1037 727 1172 783 est:
1211 715 1606 802 factumque
1643 726 1768 796 est,
1823 727 1898 783 ut
1931 736 2227 804 magnus
2258 736 2467 804 pavor
2499 712 2780 782 invade-

237 817 338 873 ret
378 825 493 873 eos
542 804 665 890 qui
714 802 987 872 Paulini
1024 816 1311 872 mortem
1355 803 1584 873 videre
1639 804 2040 893 potuissent.

958 1018 1214 1096 ITEM
1268 1020 1406 1097 DE
1474 1018 1545 1098 S.
1604 1018 2065 1099 PAULINO

475 1200 556 1246 Ex
602 1198 910 1247 sansonie
956 1198 1214 1258 maon„
1269 1179 1349 1246 de
1394 1180 1620 1268 ylorz'a
1672 1179 2155 1266 consessorum,
2204 1200 2354 1267 cap.
2413 1187 2557 1247 107.

324 1342 359 1428 ξ
399 1345 475 1411 1.
515 1338 667 1408 Fuit
697 1339 801 1407 vir
846 1339 1021 1407 vitae
1065 1338 1477 1409 venerabilis
1511 1338 1867 1417 PaulinuS,
1917 1336 2216 1407 Nolanae
2264 1337 2458 1406 urbis
2505 1338 2781 1426 Episco-

238 1450 393 1518 pus,
431 1450 510 1496 ex
556 1427 772 1496 nobili
825 1428 1034 1516 stirpe
1065 1427 1099 1460 '⁴²
1138 1439 1352 1497 ortus.
1413 1427 1805 1496 Therasiam
1843 1426 1975 1495 sibi
2029 1425 2326 1495 similem
2361 1426 2639 1496 sortitus
2687 1438 2787 1495 est

233 1516 634 1607 conjugem,
690 1515 950 1585 habens
1005 1515 1281 1584 divitias
1339 1516 1618 1596 multas,
1656 1526 1722 1584 et
1769 1527 1906 1583 tam
1968 1514 2040 1582 in
2091 1513 2464 1583 fundorum
2518 1536 2784 1603 posses-

238 1607 458 1684 sione,
503 1626 711 1691 quam
758 1605 828 1673 in
875 1604 1224 1694 praesidio
1276 1604 1666 1684 domorum,
1705 1603 1900 1672 valde
1934 1602 2124 1671 dives
2162 1615 2307 1672 erat
2337 1625 2416 1672 ac
2453 1602 2781 1692 locuples.

238 1694 365 1764 Sed
397 1715 553 1762 cum
593 1693 892 1784 primum
927 1714 1129 1761 aures
1162 1693 1336 1782 ejus}
1372 1715 1406 1757 «
1443 1692 1967 1783 Evangeliorum
2013 1690 2210 1760 lectio
2245 1691 2362 1760 illa
2388 1693 2782 1781 penetravit,

234 1785 307 1852 in
362 1805 502 1870 qua
551 1783 881 1852 Dominus
920 1779 1419 1851 adolescentem
1475 1803 1596 1870 pro
1644 1781 1903 1849 divitiis
1951 1781 2204 1870 arguit,
2257 1780 2532 1849 dicens:
2585 1782 2779 1862 Vade,

230 1873 440 1942 vende
479 1873 705 1940 omnia
751 1893 925 1962 quae
973 1871 1195 1951 liabeS,
1262 1881 1325 1938 et
1373 1871 1462 1938 da
1494 1871 1934 1960 pauper-ihm,
1989 1880 2050 1937 et
2095 1869 2361 1938 habebis
2392 1870 2788 1938 thesaurum

237 1965 310 2030 in
340 1963 540 2039 coele,
589 1971 651 2027 et
680 1961 852 2038 veni,
884 1982 1156 2050 sequere
1203 1982 1307 2027 me
1327 1985 1349 2026 .·
1383 1972 1487 2027 et:
1538 1961 1838 2027 Facilius
1861 1969 1957 2026 est
1978 1962 2309 2026 camelum
2334 1982 2457 2048 per
2481 1960 2786 2046 for-&men

237 2073 398 2118 acus
425 2051 736 2127 transire,
778 2071 981 2139 quam
1014 2049 1287 2116 divitem
1320 2050 1596 2116 introire
1628 2049 1696 2115 in
1724 2069 2007 2136 requam
2041 2049 2162 2115 Dei
2186 2051 2321 2132 (13oe
2348 2048 2585 2115 Mactlz.
2617 2048 2780 2136 x1x);

238 2138 466 2207 statim
519 2136 811 2205 venditis
860 2137 1186 2206 omnibus
1232 2158 1410 2222 quae
1460 2136 1776 2216 habebat,
1820 2136 2245 2234 pauperibus
2292 2136 2618 2224 erogavit.
2660 2141 2784 2203 Ex-

237 2239 562 2294 oneratus
599 2225 811 2315 igitur
849 2247 887 2294 a
926 2226 1193 2294 cunctis
1229 2225 1752 2314 cupiditatibuS‚
1794 2237 2204 2313 magistrum
2240 2223 2413 2292 liber
2442 2223 2778 2309 sequitur,

237 2335 362 2403 per
412 2313 578 2382 haec
613 2335 684 2381 se
725 2327 977 2413 putans
1012 2313 1315 2401 paradisi
1356 2314 1614 2383 divitiis
1656 2312 2085 2412 locupletari,
2132 2312 2190 2380 si
2235 2312 2576 2380 videretur
2607 2312 2782 2380 nihil

236 2401 323 2470 de
373 2402 787 2471 transitoriis
840 2402 1213 2493 possidere.
1250 2403 1370 2470 Cui
1404 2403 1726 2492 maiestas
1764 2401 1998 2469 divina
2035 2400 2295 2481 tribuit,
2332 2414 2408 2470 ut
2440 2399 2622 2485 quod
2652 2400 2783 2468 im-

235 2490 566 2582 possibile
615 2490 876 2561 dixerat
927 2514 1045 2581 per
1094 2491 1564 2581 Evangelium,
1621 2490 1732 2560 hic
1774 2488 2191 2580 possibiliter
2229 2489 2610 2580 adimplere
2647 2511 2785 2558 me-

233 2592 500 2650 reretur
550 2602 671 2670 per
717 2593 974 2650 actum.

322 2672 359 2756 ξ
411 2674 497 2740 2.
554 2668 863 2752 Quadam
918 2690 1074 2737 vero
1123 2668 1235 2738 die
1290 2669 1472 2737 venit
1521 2668 1606 2737 ad
1656 2690 1841 2748 eum,
1895 2667 2015 2754 qui
2065 2667 2312 2756 stipem
2365 2679 2669 2754 peteret,
2722 2679 2788 2734 et

233 2759 330 2828 ait
379 2758 701 2848 conjugi:
757 2759 969 2838 Vade,
1016 2771 1079 2827 et
1128 2757 1214 2826 da
1263 2758 1359 2838 ei,
1405 2758 1589 2845 quod
1641 2757 1845 2826 habet
1896 2756 2389 2826 necessarium.
2445 2760 2631 2836 Quae
2679 2778 2785 2823 re-

234 2846 549 2938 spondit:
604 2852 746 2916 Non
796 2860 896 2918 est
945 2846 1143 2915 nobis
1191 2847 1495 2936 amplius
1526 2868 1736 2933 quam
1769 2867 1956 2914 unus
1990 2845 2211 2934 panis,
2249 2844 2368 2912 Cui
2401 2843 2539 2912 ille:
2577 2844 2780 2925 Vade,

236 2936 486 3024 inquit,
534 2938 806 3026 porrige
853 2958 1038 3005 eum.
1093 2935 1427 3006 Dominus
1475 2935 1659 3004 enim
1711 2933 1903 3003 dabit
1951 2933 2152 3003 nobis
2185 2932 2466 3001 victum.
2510 2933 2634 3001 Sed
2669 2931 2787 3001 illa

233 3025 433 3112 quasi
484 3037 763 3093 strenua
814 3046 1156 3093 reservare
1203 3024 1493 3114 cupiens
1523 3080 1537 3105 ,
1594 3046 1680 3092 ne
1743 3022 2005 3109 aliquid
2055 3023 2365 3101 deesset,
2440 3020 2790 3121 porrigere

241 3113 485 3183 noluit.
543 3118 805 3182 Interea
836 3112 1260 3182 advenerunt
1288 3113 1598 3200 quidam,
1638 3112 1966 3193 dicenteS,
2007 3111 2256 3180 missos
2298 3131 2369 3179 se
2409 3134 2445 3178 a
2481 3110 2785 3179 dominis

233 3203 403 3283 suis,
458 3215 535 3271 ut
581 3201 685 3270 illi
732 3224 1048 3270 annonae
1098 3224 1176 3270 ac
1228 3203 1366 3271 vini
1417 3201 1759 3270 deferrent
1809 3201 2147 3288 speciem:
2192 3197 2312 3268 sed
2364 3220 2486 3288 pro
2536 3198 2665 3266 hoc
2713 3222 2786 3267 se

235 3304 559 3371 moratOS,
613 3290 796 3377 quod
846 3304 990 3360 orta
1054 3302 1462 3380 tempestas,
1517 3312 1729 3360 unam
1784 3290 1882 3358 eis
1930 3312 2089 3358 cum
2145 3287 2369 3358 tritico
2419 3287 2786 3357 abstulerit

235 3401 503 3450 navem.
559 3384 747 3449 Tunc
795 3380 899 3447 vir
949 3380 1061 3447 Dei
1111 3401 1481 3448 conversus
1530 3379 1616 3448 ad
1668 3378 2026 3448 mulierem
2056 3432 2077 3458 ,
2134 3378 2260 3445 ait:
2301 3399 2336 3442 «
2376 3375 2688 3467 Intellige
2723 3390 2784 3445 te

230 3467 333 3537 illi
383 3468 672 3559 pauperi
698 3490 919 3538 unum
970 3490 1217 3558 panem
1259 3467 1473 3536 fuisse
1503 3467 1824 3547 furatam,
1859 3481 1924 3536 et
1954 3465 2106 3535 ideo
2147 3466 2327 3535 hanc
2355 3487 2595 3534 navem
2630 3486 2782 3534 esse

232 3577 557 3627 mersam.
593 3580 630 3623 »

321 3649 357 3733 ξ
404 3651 496 3718 8.
554 3646 852 3714 Perrexit
898 3667 974 3713 er
1022 3666 1061 3713 o
1108 3666 1267 3714 cum
1299 3647 1593 3736 conjuge
1627 3645 1825 3732 quasi
1870 3644 2434 3744 peregrinaturus
2468 3643 2536 3710 in
2571 3642 2783 3711 aliam

234 3734 620 3825 regionem,
678 3734 852 3803 nihil
906 3734 992 3802 ha
1045 3756 1168 3802 ens
1266 3746 1484 3803 raeter
1532 3746 1783 3803 statum
1839 3754 2223 3823 proprium.
2278 3737 2434 3801 Post
2485 3731 2802 3800 multum

233 3844 386 3891 vero
414 3837 712 3912 tempus,
745 3845 903 3892 cum
941 3823 1025 3893 ab
1056 3823 1209 3891 inco
1244 3822 1300 3890 is
1344 3822 1642 3912 regionis
1678 3844 1844 3892 suae
1880 3821 2365 3908 requireretur,
2397 3842 2523 3890 nec
2556 3831 2784 3910 posset

235 3912 505 3997 penitus
557 3913 892 4001 reperiri,
947 3912 1329 4002 negotiator
1375 3911 1459 3980 de
1508 3911 1781 3980 civitate
1830 3910 1950 3980 illa
1997 3911 2082 3979 ab
2133 3910 2312 3979 hanc
2364 3911 2608 3979 urbem
2660 3908 2782 3977 ad-

239 4000 438 4095 venit,
485 4002 554 4068 in
606 4024 741 4088 qua
794 4002 893 4068 vir
938 4003 1182 4070 beatus
1230 3999 1504 4069 coelesti
1555 4000 1844 4069 Domino
1892 3999 2268 4069 serviebat:
2324 4019 2629 4085 cumque
2677 3997 2780 4064 vi-

239 4083 446 4155 disset
490 4110 675 4170 eum‚
730 4090 958 4159 statim
991 4088 1360 4179 projiciens
1393 4110 1465 4157 se
1498 4090 1568 4157 in
1611 4087 1837 4158 solum
1865 4144 1879 4168 ,
1918 4102 1982 4157 et
2020 4088 2231 4178 pedes
2261 4088 2483 4156 sancti
2514 4084 2782 4175 ample-

239 4184 457 4242 ctens:
511 4179 635 4247 Hic
680 4191 804 4259 est,
858 4178 1106 4278 inquit,
1161 4176 1401 4247 beatus
1450 4176 1804 4258 Paulinus,
1848 4189 1983 4246 toto
2030 4176 2353 4267 vulgatus
2399 4175 2563 4245 orbe
2595 4229 2610 4254 ,
2663 4174 2787 4260 qui

242 4259 533 4331 multum
582 4288 621 4333 a
670 4267 816 4336 suis
849 4267 1118 4338 civibus
1157 4267 1536 4353 quaesitus,
1581 4287 1862 4355 prorsus
1899 4287 2031 4334 non
2079 4264 2300 4354 potuit
2340 4263 2658 4333 inveniri.
2700 4266 2778 4330 Et

240 4369 317 4415 eo
366 4366 685 4423 narrante
741 4377 981 4424 omnes
1028 4356 1330 4424 actiones
1376 4357 1550 4445 ejuS‚
1604 4354 2114 4445 obstupuerunt
2161 4353 2329 4423 haec
2387 4351 2771 4423 audientes.

291 4473 315 4495 ⁶
342 4474 525 4524 Inclyta
542 4478 666 4520 tuter
684 4482 919 4522 Romanu
937 4481 1209 4523 Aniciorum
1227 4482 1378 4523 domo.
