3357 4995
233 339 454 408 JUNII
501 338 588 406 26
808 356 889 404 m:
934 355 1029 404 ss.
1079 350 1350 415 somn,
1404 354 1610 403 uum
1656 353 1734 403 m·
1781 353 2023 403 elimo.
2075 355 2190 403 uu.
2567 334 2698 405 583

238 441 502 513 bellum
551 439 1113 534 proficiscereriS,
1167 440 1239 509 in
1291 439 1699 531 Capitolium
1749 450 1816 511 et
1883 436 2140 530 templa
2187 438 2582 539 ingressuS,
2619 438 2782 510 dae-

239 530 569 603 monibus
600 528 1017 601 immolasti:
1051 541 1117 599 et
1154 528 1290 599 'am
1337 528 1500 599 inde
1545 527 1764 599 victor
1808 527 2104 609 redienS,
2150 526 2496 598 Chrlstum
2537 527 2787 598 adoras

237 632 305 689 et
351 620 505 709 ejus
551 617 953 709 Apostolos?
999 617 1130 701 Qui
1221 639 1377 689 vero
1420 617 1649 688 isthuc
1688 616 1788 688 rei
1844 617 1965 698 sit,
2021 612 2195 686 mihi
2244 637 2446 687 nosse
2476 616 2785 708 cupienti

241 708 459 799 pandi
506 728 628 799 per
672 707 1009 779 ordinem.
1050 729 1088 773 »
1137 704 1536 778 Gallicanus
1579 727 1743 777 eum
1790 704 2110 787 adorans,
2165 705 2290 775 ait:
2342 730 2370 771 ‹
2408 709 2575 776 Cum
2625 709 2786 795 Scy-

239 797 638 887 thicagens
671 818 782 867 me
826 796 899 866 in
948 794 1398 866 Thraciarum
1447 795 1624 866 Phili
1681 794 1915 885 popoli
1952 794 2429 876 conclusisset,
2485 805 2782 886 strages-

238 907 376 972 que
422 897 815 955 nostrorum
864 883 1206 985 plurimas
1242 883 1593 967 edidisset,
1654 883 2042 955 ormidante
2080 904 2191 953 me
2236 906 2399 954 curn
2448 882 2588 953 illis
2621 904 2785 955 con-

242 975 501 1065 ssigere,
546 972 731 1061 quod
792 994 1040 1064 exigua
1084 985 1260 1045 esset
1308 973 1481 1043 mihi
1529 971 1831 1044 militum
1881 994 2154 1054 manuS,
2221 971 2498 1044 illorum
2556 984 2786 1044 autem

238 1065 608 1134 innumera
649 1060 1043 1144 multitudo,
1082 1061 1485 1133 insistebam
1525 1060 1911 1143 sacrificiis,
1963 1071 2030 1132 et
2068 1061 2293 1133 varias
2349 1061 2544 1132 Marti
2592 1060 2789 1132 victi-

239 1173 391 1221 mas
437 1150 831 1233 offerebam,
866 1161 933 1221 et
977 1149 1147 1238 quid
1183 1149 1420 1221 multis
1466 1154 1744 1223 moror?
1789 1150 2008 1221 Crevit
2045 1150 2321 1221 tandem
2370 1149 2671 1232 obsidio,
2723 1162 2789 1221 et

240 1261 480 1311 omnes
526 1238 791 1310 tribuni
853 1251 922 1310 et
967 1238 1220 1311 milites
1266 1240 1402 1309 mei
1447 1261 1520 1309 se
1566 1239 1884 1312 hostibus
1929 1238 2273 1309 dedidere.
2338 1243 2507 1310 Cum
2554 1252 2785 1310 autem

240 1350 563 1420 cuperem
612 1349 739 1418 ego
785 1328 989 1421 fugae
1020 1327 1285 1398 aditum
1336 1328 1658 1419 reperire,
1703 1326 1961 1398 Paulus
1991 1341 2058 1398 et
2106 1328 2404 1399 Joannes
2433 1385 2451 1411 ,
2487 1349 2786 1417 quorum

240 1418 414 1488 alter
474 1417 930 1508 praeposituS,
983 1415 1154 1487 alter
1211 1417 1652 1507 primicerius
1705 1428 1808 1487 est
1847 1416 2171 1488 dominae
2218 1438 2449 1499 meae,
2515 1417 2788 1507 pietatis

241 1518 502 1577 vestrae
532 1505 738 1586 filiae,
792 1506 1223 1576 Constantiae
1263 1509 1627 1597 Augustae,
1667 1504 1988 1576 dixerunt
2037 1506 2255 1576 mihi:
2296 1510 2636 1596 Nuncupa
2670 1526 2787 1576 vo·

241 1608 386 1666 tum
424 1601 555 1666 Deo
592 1594 789 1676 coeli,
841 1595 901 1666 si
940 1607 1003 1664 te
1051 1593 1463 1677 liberaverit,
1494 1594 1658 1677 ,sore
1707 1606 1770 1664 te
1819 1594 2310 1665 Christianum:
2366 1594 2604 1683 sicque
2648 1595 2787 1665 eris

243 1685 458 1754 victor
503 1683 810 1774 amplius
857 1705 1070 1772 quam
1127 1682 1340 1753 fuisti.

327 1776 366 1860 ἓ
410 1778 498 1847 4.
562 1795 600 1839 α
630 1776 884 1855 Fateor,
938 1772 1402 1843 sacratissime
1448 1778 1852 1864 Imperator,
1906 1770 2328 1859 simulatque
2372 1784 2605 1843 votum
2656 1772 2788 1843 hoc

243 1882 359 1931 ore
408 1883 558 1932 meo
608 1860 950 1951 prolatum
1015 1874 1163 1943 est,
1207 1862 1534 1952 apparuit
1586 1862 1760 1932 mihi
1805 1860 2085 1951 juvenis
2133 1863 2394 1932 statura
2446 1861 2780 1942 excelsus,

240 1949 465 2019 ferens
514 1949 583 2019 in
650 1949 945 2019 humero
1000 1954 1310 2032 Crucem,
1361 1961 1428 2020 et
1474 1949 1749 2020 dicens:
1805 1955 2012 2021 Sume
2060 1949 2376 2041 gladium
2430 1962 2626 2021 tuum
2664 2006 2680 2032 ,
2723 1962 2790 2021 et

241 2060 314 2109 se
363 2060 525 2108 uere
556 2060 687 2108 me.
726 2043 1035 2127 Cumque
1079 2061 1206 2131 ego
1252 2060 1576 2127 sequerer
1608 2038 1833 2121 illum,
1869 2050 2342 2129 apparuerunt
2389 2039 2563 2110 mihi
2594 2039 2791 2109 hinc-

240 2129 309 2196 in
365 2148 402 2196 e
450 2127 702 2197 milites
769 2128 1041 2209 armati,
1106 2127 1595 2200 confirmantes
1645 2149 1756 2197 me
1794 2139 1999 2215 atque
2045 2126 2391 2197 dicentes:
2474 2131 2606 2198 Nos
2661 2127 2788 2197 tibi

239 2227 671 2306 praestamus
700 2215 1044 2287 officium:
1098 2228 1175 2287 tu
1220 2215 1580 2307 ingredere
1616 2228 1867 2298 castra,
1928 2228 1995 2285 et
2041 2215 2314 2286 dextera
2355 2216 2640 2303 levaque
2688 2227 2785 2285 te-

241 2325 415 2374 nens
461 2303 768 2395 gladium
816 2304 1256 2395 evaginatum
1289 2360 1304 2387 ,
1349 2305 1613 2397 respice
1657 2304 1874 2374 donec
1920 2304 2007 2374 ad
2055 2304 2079 2372 i
2132 2326 2286 2374 sum
2337 2326 2410 2373 re
2459 2326 2568 2374 ern
2629 2325 2787 2395 per-

240 2392 498 2462 venias.
549 2392 644 2463 Ad
676 2414 883 2480 quem
916 2415 1079 2464 cum
1129 2394 1615 2485 pervenissem,
1654 2405 2036 2484 prostratus
2064 2327 2181 2463 ille
2211 2392 2298 2463 ad
2332 2414 2415 2483 pe
2466 2414 2540 2464 es
2566 2415 2776 2474 meos,

241 2482 505 2574 rogavit
546 2494 625 2552 ut
660 2481 991 2574 sanguini
1030 2483 1251 2574 ipsius
1311 2505 1689 2575 parcerem.
1736 2487 1876 2574 Ego
1931 2481 2151 2554 flexus
2201 2482 2470 2574 pietate,
2510 2480 2784 2553 nullum

239 2571 518 2662 penitus
564 2593 645 2642 ex
691 2571 833 2641 illis
869 2571 1116 2654 occidi,
1170 2593 1295 2642 nec
1342 2571 1563 2643 occidi
1601 2573 1785 2663 jussi
1845 2571 1933 2642 ab
1980 2571 2160 2642 aliis.
2214 2575 2426 2660 Atq‘ue
2472 2570 2568 2642 ita
2627 2572 2787 2641 uni-

239 2681 435 2730 versa
480 2659 769 2730 Thracia
813 2683 854 2730 a
887 2660 1159 2750 Scythis
1206 2660 1493 2732 liberata
1537 2675 1662 2743 est,
1701 2672 1767 2732 et
1820 2660 2110 2750 Scythae
2147 2659 2308 2730 facti
2349 2673 2524 2730 ·sunt
2571 2659 2787 2730 tribu-

240 2749 418 2818 tarii.
464 2748 751 2819 Tribuni
796 2770 1061 2832 omnes,
1113 2750 1236 2838 qui
1269 2749 1355 2819 ad
1406 2771 1515 2820 me
1560 2772 1724 2820 cum
1764 2750 1910 2820 suis
1958 2749 2297 2820 militibus
2357 2750 2601 2820 reverti
2666 2771 2784 2820 vo·

241 2838 544 2918 luerunt,
592 2837 730 2908 nisi
776 2836 1018 2908 flerent
1065 2837 1454 2920 Christiani,
1521 2861 1563 2908 a
1610 2860 1722 2909 me
1770 2837 2057 2908 minime
2108 2838 2322 2928 recipi
2386 2849 2782 2928 potuerunt.

241 2931 370 2998 Eos
409 2937 638 2996 autem
671 2927 793 3014 qui
831 2927 903 2996 in
936 2925 1005 2996 id
1052 2948 1483 3009 consensere,
1521 2926 1748 3018 gradu
1780 2926 2172 2998 sublimiori
2228 2927 2448 3008 affeci,
2501 2927 2786 2998 caeteris

241 3013 489 3084 militia
535 3014 842 3106 privatis.
893 3020 1099 3086 Porro
1148 3016 1492 3108 meipsum
1529 3017 1682 3107 jam
1730 3015 2194 3086 Christianum
2262 3016 2581 3087 effectum
2620 3071 2637 3098 ,
2689 3017 2783 3085 ita

242 3107 375 3173 Deo
406 3102 683 3186 devovi,
716 3116 796 3174 ut
837 3104 1046 3174 etiam
1093 3128 1135 3175 a
1180 3105 1506 3196 conjugio
1553 3104 1985 3196 promiserim
2028 3103 2395 3175 abstinere.
2439 3109 2536 3174 En
2574 3104 2789 3174 habes

240 3190 847 3283 quadruplicatum
897 3195 1297 3276 exercitum,
1334 3194 1548 3265 habes
1596 3194 1887 3284 Scythas
1950 3192 2372 3276 tributarioS,
2412 3205 2476 3263 et
2509 3214 2787 3263 omnem

242 3281 602 3351 Thraciam
644 3281 717 3350 in
748 3279 1131 3352 libertatem
1181 3282 1626 3354 vindicatam.
1682 3282 1869 3364 Mihi,
1922 3303 2204 3370 quaeso,
2261 3305 2385 3374 pro
2437 3282 2569 3364 itii,
2629 3305 2787 3353 suc-

242 3368 394 3439 cedi
431 3370 691 3459 Jubete,
744 3381 823 3441 ut
853 3370 1066 3443 libere
1096 3372 1358 3464 possim
1405 3393 1647 3442 vacare
1693 3370 2012 3462 religioni
2052 3393 2264 3459 quam
2297 3370 2369 3440 di
2422 3370 2563 3455 ici,
2602 3382 2667 3441 et
2714 3371 2787 3441 in

243 3458 523 3528 veritate
569 3470 895 3549 perstare,
951 3481 1162 3547 quam
1216 3460 1519 3562 profecto
1588 3461 1903 3552 cognovi.
1945 3483 1980 3527 »
2037 3464 2218 3530 Haec
2267 3459 2536 3530 dicente
2582 3458 2791 3530 Galli-

245 3569 442 3627 cano,
484 3551 863 3638 Imperator
884 3549 1071 3619 misit
1104 3570 1177 3619 se
1209 3571 1280 3619 in
1316 3549 1682 3641 amplexus
1712 3550 1886 3639 ejus,
1928 3547 2228 3619 referens
2257 3549 2583 3620 universa
2614 3569 2792 3636 quae

242 3648 432 3727 gesta
470 3648 632 3706 sunt
665 3636 852 3707 circa
889 3636 1073 3708 filias
1118 3638 1293 3727 ejus,
1336 3637 1930 3727 quemadmodum
1980 3637 2282 3726 virgines
2326 3637 2597 3708 Christo
2625 3658 2792 3707 con-

243 3736 542 3796 secratae
587 3736 839 3806 essent,
892 3736 958 3795 et
1005 3747 1127 3817 per
1174 3726 1331 3799 illas
1370 3749 1498 3797 sua
1545 3727 1768 3819 gratia
1816 3724 2126 3796 Christus
2172 3725 2347 3795 alias
2389 3725 2567 3797 duas
2614 3725 2793 3795 acci-

242 3814 437 3895 verit,
488 3825 704 3901 utque
749 3813 1099 3885 doctrinae
1137 3836 1484 3886 summam
1531 3813 1926 3907 complexae
1973 3812 2058 3883 ad
2110 3813 2594 3915 perfectionem
2626 3835 2792 3885 con-

250 3901 627 4004 tenderent,
662 3912 731 3972 et
764 3902 944 3973 inter
974 3903 1128 3994 ipsa
1173 3903 1593 3986 rudimenta,
1630 3924 1809 3991 quae
1856 3901 2295 3995 perfectionis
2326 3916 2516 3985 sunt,
2551 3923 2793 3975 conse-

246 4001 463 4060 ctatae
502 4002 663 4063 sint.

331 4079 369 4164 ξ
405 4083 492 4151 ὅ.
530 4078 786 4150 Deinde
829 4101 991 4151 cum
1032 4084 1339 4172 Augusto
1383 4080 1780 4152 Gallicanus
1820 4080 2101 4152 intravit
2136 4080 2209 4150 in
2308 4080 2645 4151 alatium:
2679 4080 2796 4151 cui

246 4166 447 4237 beata
494 4168 750 4239 Helena
795 4190 959 4240 cum
1020 4169 1414 4240 Constantia
1457 4180 1525 4241 et
1581 4169 1860 4241 duabus
1921 4169 2074 4258 ejus
2119 4167 2223 4240 fili
2316 4192 2401 4240 us
2467 4169 2790 4251 occurrit,

248 4253 807 4346 fundebaturque
857 4257 1204 4349 lacrymae
1266 4257 1541 4351 gaudiis
1589 4258 1857 4350 plenae.
1938 4259 2072 4328 Nec
2119 4256 2645 4350 permittebatur
2705 4256 2793 4328 ad

246 4342 536 4445 domum
568 4368 768 4418 suam
817 4347 1043 4420 redire
1088 4346 1511 4429 Gallicanus,
1552 4345 1671 4420 sed
1705 4347 1909 4436 quasi
1937 4369 2149 4439 gener
2193 4351 2685 4439 Augustorum,
2720 4344 2795 4415 in

249 4431 508 4524 palatio
558 4435 997 4520 morabatur,
1048 4458 1340 4510 cernens
1385 4435 1568 4508 filias
1623 4459 1789 4510 suas
1837 4436 2081 4528 flentes
2138 4434 2212 4506 in
2261 4434 2589 4507 laudibus
2648 4433 2789 4505 Dei.
