3357 4995
190 339 385 405 JUNII
437 339 479 405 3
782 355 864 401 mr
913 354 1005 402 ss,
1062 351 1452 402 pracanrmo
1499 354 1575 400 ar
1624 353 1935 401 Latinam.
1990 353 2105 400 ua.
2549 335 2629 400 97

196 441 375 511 nobis
424 440 499 510 id
539 437 919 518 contulisti,
982 448 1060 507 ut
1112 435 1557 506 crederemus
1613 437 1686 505 in
1738 449 1842 507 te:
1895 447 2191 526 praesta,
2234 448 2310 505 ut
2356 437 2562 506 etiam
2614 437 2727 508 isti

197 530 578 620 pertingant
624 526 710 598 ad
764 525 1313 596 misericordiam
1355 538 1572 596 tuam.
1615 530 1693 594 Et
1740 547 1900 595 cum
1948 547 2066 595 eos
2100 525 2648 615 consignassent,
2686 547 2729 593 a

195 640 255 687 se
293 617 742 688 dimiserunt.
800 615 908 683 Illi
954 616 1116 684 vero'
1151 615 1576 700 quaerebant
1624 623 1945 683 sanctum
1998 612 2388 683 Cornelium
2442 613 2728 704 presby-

194 719 427 785 terum,
473 718 540 777 et
585 725 746 775 cum
796 704 1246 783 invenissent,
1284 724 1462 789 quae
1500 703 1913 792 Pergentino
1943 715 2008 771 et
2051 702 2461 773 Laurentino
2509 703 2728 772 conti-

188 797 444 885 gissent
475 850 491 877 ,
543 795 607 864 ei
656 792 1077 863 indicarunt.
1129 794 1209 860 At
1256 790 1372 859 ille
1419 812 1673 881 magno
1739 790 2064 880 perfusus
2112 791 2409 882 gaudio,
2472 790 2543 860 in
2595 790 2729 860 fide

185 886 377 973 prius
408 883 783 956 instituens
820 902 961 961 eos,
998 880 1371 970 baptizavit
1418 879 1693 950 circiter
1740 881 2097 970 sexaginta
2145 880 2352 950 viros.
2393 880 2521 951 Ubi
2559 881 2730 949 haec

180 972 253 1041 ad
306 971 608 1042 Tiburtii
657 969 970 1040 notitiam
1022 967 1287 1058 perlata
1334 959 1521 1048 sunt,
1566 969 1782 1058 jussit
1829 981 2107 1059 repente
2166 969 2249 1038 ad
2304 990 2511 1039 suum
2562 991 2727 1039 con-

178 1073 499 1152 spectum
559 1059 710 1130 sisti
750 1057 1238 1148 Pergentinum
1289 1068 1355 1125 et
1401 1058 1928 1136 Laurentinum,
1969 1057 2192 1145 iisque
2218 1057 2428 1127 dixit:
2485 1058 2726 1127 «Male-

174 1149 362 1219 ficiis
395 1149 639 1218 vestris
686 1159 895 1218 totam
946 1146 1127 1216 hanc
1160 1145 1404 1214 urbem
1440 1146 1855 1216 evertistis.»
1885 1150 1952 1216 S.
1984 1147 2443 1216 Laurentinus
2492 1146 2593 1215 illi
2621 1169 2727 1215 re-

175 1239 501 1329 spondit:
556 1260 592 1303 «
621 1242 764 1307 Non
807 1246 971 1305 sunt
1018 1235 1187 1304 haec
1237 1233 1599 1315 maleficia,
1636 1235 1754 1303 sed
1795 1235 2132 1304 beneficia
2159 1235 2312 1305 Dei:
2352 1256 2577 1322 neque
2602 1257 2727 1305 nos

177 1327 483 1399 malefici
533 1347 804 1406 sumuS,
849 1323 964 1394 sed
999 1322 1177 1394 servi
1214 1322 1484 1392 Domini
1532 1325 1752 1393 nostri
1777 1329 1946 1393 ,lesu
1986 1322 2324 1393 Christi.»
2374 1324 2728 1394 Tiburtius

177 1418 308 1485 ait:
366 1415 592 1499 «Quid
628 1412 868 1483 multis
915 1412 1103 1502 apud
1139 1433 1250 1481 me
1274 1412 1502 1481 verbis
1534 1413 1864 1482 utimini?
1911 1417 2041 1482 Aut
2071 1412 2553 1484 sacrificabitis
2598 1417 2727 1482 Deo

175 1506 353 1583 Jovi,
396 1517 518 1574 aut
567 1503 773 1573 variis
808 1523 926 1572 vos
959 1500 1202 1591 poenis
1251 1500 1529 1572 affectos
1579 1500 1816 1572 tollam
1857 1523 1895 1571 e
1935 1500 2234 1571 medio.»
2273 1506 2338 1571 S.
2380 1502 2730 1572 Laurenti-

176 1617 313 1664 nus
360 1591 769 1683 respondit:
805 1594 959 1659 «Tu
1005 1611 1164 1659 cum
1213 1590 1353 1660 tuis
1401 1589 1615 1661 adora
1662 1596 1944 1661 Jovem:
1999 1612 2125 1660 nos
2173 1591 2519 1662 Christum
2570 1589 2733 1659 ado-

177 1704 447 1752 ramus.
476 1705 512 1747 »
562 1680 913 1751 Tiburtius
946 1678 1051 1748 ira
1083 1680 1439 1761 incensuS,
1484 1680 1701 1769 jussit
1748 1678 2005 1748 adferri
2036 1701 2324 1770 prunas,
2355 1690 2421 1749 et
2448 1685 2732 1749 Sanctos

174 1770 390 1841 nudis
443 1769 738 1860 pedibus
786 1766 925 1837 illis
974 1767 1317 1838 insistere.
1360 1772 1694 1839 Fecerunt
1720 1768 1851 1838 hoc
1881 1769 2137 1849 Sancti,
2183 1780 2247 1839 et
2282 1789 2436 1838 mox
2466 1790 2731 1860 prunae

176 1861 520 1929 extinctae
566 1871 766 1927 sunt:
820 1877 998 1945 quae
1046 1877 1157 1928 res
1194 1855 1530 1946 populum
1570 1857 1794 1947 magis
1843 1856 2261 1928 accendebat
2308 1857 2395 1927 ad
2445 1857 2731 1927 creden-

179 1950 355 2019 dum
387 1949 462 2017 in
499 1947 869 2016 Christum.

273 2045 312 2119 ἓ
362 2042 460 2109 θ.
514 2040 686 2105 Tum
737 2055 892 2104 vero
923 2033 1215 2125 gentiles
1262 2033 1492 2103 dixere
1523 2034 1609 2104 ad
1644 2034 2064 2105 Tiburtium:
2122 2058 2158 2100 «
2193 2035 2426 2106 Cernis
2460 2045 2523 2105 te
2557 2034 2730 2104 nihil

180 2126 544 2217 proficere.
587 2123 656 2193 Si
684 2144 848 2214 ergo
875 2145 992 2194 eos
1014 2122 1280 2193 diutius
1314 2143 1674 2213 superesse
1702 2145 1952 2213 passus
1985 2126 2144 2206 eris,
2182 2137 2248 2208 et
2275 2125 2517 2194 urbem
2552 2122 2730 2193 hanc

177 2230 248 2284 et
293 2233 575 2310 omnem
623 2211 777 2301 ejus
819 2212 1155 2303 populum
1196 2209 1511 2300 perdes.»
1546 2212 1761 2282 Jussit
1791 2234 1954 2303 ergo
1994 2213 2345 2283 Tiburtius
2372 2213 2562 2282 ‚lovis
2593 2223 2730 2282 sta-

180 2316 376 2373 tuam
407 2323 644 2372 coram
678 2322 753 2371 se
777 2299 1056 2379 adduci,
1093 2298 1401 2385 dixitque
1430 2300 1515 2370 ad
1545 2305 1862 2373 Sanctos:
1893 2302 2327 2372 «sacrificate
2354 2302 2480 2370 deo
2507 2303 2729 2371 Jovi.»

180 2390 567 2482 Respondit
598 2390 661 2459 ei
686 2402 968 2459 sanctus
995 2389 1478 2479 Pergentinus:
1513 2395 1710 2459 «Jam
1742 2412 1866 2460 nos
1891 2390 2155 2459 videbis
2189 2391 2729 2462 sacrificantes.»

180 2487 773 2567 Accessemntque
819 2477 904 2548 ad
944 2476 1232 2547 idolum.
1274 2477 1579 2568 Populus
1626 2502 1784 2550 vcro
1834 2502 2193 2550 murmure
2241 2479 2553 2559 excitato,
2601 2501 2732 2579 pu-

183 2572 370 2640 tabat
400 2590 520 2640 eos
548 2568 703 2638 Jovi
750 2567 1172 2639 sacrificium
1209 2565 1451 2636 facere.
1488 2571 1564 2636 At
1611 2567 1714 2636 illi
1763 2569 1954 2639 flexis
2000 2569 2294 2657 genibus
2344 2567 2734 2637 diutiss1me

184 2659 571 2729 adorarunt
619 2657 1030 2727 Dominum:
1084 2666 1148 2726 et
1194 2676 1354 2725 cum
1383 2657 1828 2727 sustulissent
1859 2679 1940 2726 ca
1993 2658 2109 2737 ita,
2147 2679 2303 2726 mox
2331 2655 2596 2725 idolum
2631 2656 2734 2724 in—

186 2761 323 2820 star
369 2744 1069 2834 cerae21iquesactum
1118 2757 1241 2813 est.
1297 2749 1565 2815 Rursus
1612 2757 1842 2815 autem
1887 2746 1990 2813 ili
2039 2747 2108 2815 in
2160 2756 2409 2815 terram
2452 2766 2524 2814 se
2578 2766 2733 2834 pro-

188 2846 593 2916 sternentes,
625 2835 888 2992 gratias
911 2844 1203 2924 egerunt
1242 2832 1530 2902 Christo,
1564 2833 1799 2904 Extitit
1840 2856 1995 2905 vero
2037 2855 2334 2923 magnus
2367 2833 2631 2903 clamor
2659 2834 2732 2902 in

187 2925 470 3025 popum,
504 2946 623 2995 cre
678 2922 1090 3010 ideruntque
1123 2922 1195 2990 in
1230 2921 1576 2992 Christum
1608 2923 1738 2991 viri
1771 2923 2076 3013 amplius
2103 2923 2407 2992 ducenti.
2440 2923 2735 2992 Gentiles

189 3027 417 3103 itaque
468 3014 544 3082 in
581 3017 864 3083 Sanctos
913 3011 947 3080 f
982 3024 1088 3081 cto
1136 3010 1424 3110 impetu,
1480 3032 1596 3080 eos
1643 3013 1961 3082 atrociter
1991 3025 2322 3082 mactatos
2372 3033 2451 3081 ac
2499 3032 2737 3082 caesos

189 3103 610 3182 diutissime,
664 3100 903 3171 semivi
995 3122 1028 3169 s
1076 3098 1529 3187 reliquerunt.
1566 3104 1774 3170 Porro
1834 3102 2189 3171 Tiburtius
2230 3102 2457 3171 statim
2502 3102 2571 3169 in
2623 3122 2738 3171 eos

188 3192 428 3263 mortis
463 3189 625 3260 tulit
648 3188 1070 3259 «sententiam
1100 3211 1114 3255 ε
1160 3208 1460 3276 cumque
1492 3202 1683 3259 extra
1715 3191 2055 3259 civitatem
2083 3203 2313 3262 essent
2343 3190 2598 3270 educti,
2632 3211 2738 3260 ro—

192 3292 443 3371 garunt
493 3278 749 3349 milites
810 3290 889 3350 ut
935 3297 1314 3369 parumper
1361 3277 1755 3348 sinerentur
1814 3301 2030 3349 orare.
2095 3280 2237 3350 Sub
2284 3279 2456 3369 ipsis
2505 3290 2736 3348 autem

193 3369 518 3459 precibus
567 3368 637 3437 in
680 3379 932 3437 terram
975 3366 1357 3457 prostratiS,
1398 3365 1597 3436 miles
1622 3366 1910 3455 quidam
1937 3382 2147 3457 caput
2193 3368 2599 3457 amputavit,
2632 3389 2737 3436 re-

192 3458 512 3545 versique
559 3455 812 3526 milites
843 3454 929 3525 ad
980 3454 1339 3524 dominum
1394 3476 1602 3524 suum
1652 3457 2067 3537 Tiburtium,
2107 3478 2276 3535 rem,
2330 3469 2406 3524 ut
2454 3469 2598 3525 erat
2626 3478 2740 3547 ge—

194 3558 317 3628 sta,
396 3545 505 3615 illi
573 3555 1059 3636 exposuerunt.
1127 3542 1495 3613 Christiani
1546 3556 1776 3615 autem
1834 3567 1996 3615 cum
2047 3545 2456 3636 Pergentina
2504 3566 2737 3614 sorore

194 3657 434 3706 eorum
477 3645 687 3703 noctu
713 3654 1006 3722 corpora
1052 3644 1440 3722 martyrum
1488 3633 1575 3701 ad
1625 3633 1815 3703 mille
1849 3635 1986 3703 tere
2035 3656 2284 3724 passus
2331 3646 2519 3703 extra
2581 3638 2737 3702 Are-

193 3725 366 3792 tium
415 3721 899 3793 condiderunt.
951 3720 1145 3791 Passi
1192 3731 1354 3791 sunt
1392 3719 2140 3813 beatissimimartyres
2173 3723 2376 3793 Aretii
2427 3727 2465 3790 3
2515 3726 2739 3793 Nonas

192 3812 386 3881 Junii
420 3810 553 3882 sub
589 3811 785 3883 Decio
818 3815 1260 3901 Imperatore,
1302 3823 1631 3901 regnante
1672 3812 1961 3883 Domino
1986 3823 2220 3882 nostro
2248 3818 2416 3882 Jesu
2447 3810 2733 3881 Christo.

363 4534 604 4593 smus
633 4564 655 4578 -
689 4530 848 4596 Vitae
891 4530 1000 4596 ss.
1034 4531 1209 4596 -v01.
1241 4532 1340 4596 vl.
1488 4522 1505 4535 ·
1905 4560 1942 4597 ρ
2551 4535 2589 4590 '7
2649 4480 2656 4485 ’
2699 4515 2704 4520 ’
