3357 4995
269 320 491 387 JUNII
544 323 625 386 45
929 351 934 356 ·
1099 340 1176 386 nr:
1225 341 1280 387 s.
1338 339 1686 386 munuum
1735 339 1975 388 ΑΒΒΑΤΕ
2606 327 2733 391 355

275 418 577 515 praesul,
617 445 884 494 comam
926 446 1007 493 ca
1063 423 1172 494 itis
1221 423 1369 510 ejus
1403 438 1606 502 secat,
1663 448 1702 492 a
1742 447 1877 510 quo
1914 425 2339 516 jampridem
2389 428 2618 498 cordis
2671 451 2817 498 ma-

263 514 469 583 'culas
532 513 926 584 deterserat.
982 447 1104 582 Ille
1153 535 1309 582 vero
1358 511 1536 582 hanc
1586 513 1992 604 dignitatem
2064 516 2400 605 adeptuS,
2458 518 2819 588 constituit

276 608 558 672 Romam
603 602 970 693 proficisci,
1015 616 1091 672 ut
1141 613 1293 693 post
1340 602 1585 671 mundi
1636 603 1955 693 rejectam
1994 625 2343 694 pompam,
2384 607 2587 675 etiam
2625 629 2818 695 pere-

265 691 683 851 firmationis
714 691 945 762 labore
994 714 1066 760 se
1116 704 1512 761 maceraret.
1568 696 1855 782 Accepta
1887 714 2050 782 ergo
2082 692 2458 763 beatissimi
2491 696 2819 765 antistitis

316 780 768 860 enedictione,
807 780 1088 850 difficile
1136 802 1462 850 emensus
1502 782 1651 858 iter,
1696 780 1973 850 tandem
2009 786 2296 852 Romam
2331 785 2661 872 pervenit,
2697 784 2817 853 ubi

267 881 548 939 noverat
595 870 946 956 quiescere
997 870 1273 1026 {udices
1322 869 1590 948 mundi,
1645 883 1851 956 atque
1902 868 2042 938 illic
2094 871 2492 959 praedulcia
2544 886 2819 943 sancto-

266 981 422 1028 rum
488 958 962 1048 A‘postolorum
1041 959 1377 1027 iminibus
1426 958 1664 1028 oscula
1713 958 2024 1046 alligem,
2088 960 2371 1050 rogabat
2421 960 2507 1029 ad
2561 984 2818 1051 purum

264 1047 644 1117 condonari
685 1047 817 1117 sibi
858 1060 1135 1137 peccata
1167 1061 1232 1116 et
1278 1046 1583 1115 facinora
1611 1070 1760 1127 sua,
1799 1047 2048 1116 deinde
2082 1071 2241 1117 cum
2294 1049 2636 1118 desiderio
2687 1072 2814 1119 suo

267 1136 538 1205 fecisset
577 1137 766 1215 satiS,
812 1137 1122 1205 celeriter
1170 1136 1242 1204 in
1293 1135 1547 1204 Gallias
1598 1137 1820 1215 rediit,
1862 1136 2100 1204 nolens
2147 1137 2269 1206 diu
2319 1139 2558 1207 abesse
2606 1162 2644 1206 a
2703 1162 2817 1228 pa-

269 1239 465 1295 trono
514 1248 662 1294 suo,
719 1231 1016 1294 Cernens
1057 1237 1285 1294 autem
1342 1224 1582 1295 beatus
1621 1226 1988 1294 Autbertus
2044 1227 2291 1294 virtute
2350 1241 2414 1295 et
2455 1228 2816 1296 sanctitate

269 1314 686 1404 praeditum,
726 1314 1100 1383 Diaconum
1135 1336 1292 1383 eum
1337 1314 1715 1383 ordinavit:
1773 1314 1839 1382 in
1876 1336 2014 1400 quo
2050 1315 2435 1384 ministerio
2476 1317 2568 1390 ita
2622 1339 2815 1405 prae-

265 1404 450 1473 clare
482 1426 552 1474 se
602 1403 833 1492 gessit.
898 1416 973 1471 ut
1031 1402 1204 1471 nulli
1255 1415 1431 1471 esset
1480 1403 1917 1492 ambiguum,
1976 1405 2090 1471 Dei
2131 1406 2351 1492 gratia
2399 1427 2557 1473 eum
2608 1405 2691 1473 ad
2744 1405 2813 1473 isl

266 1492 581 1562 muneris
627 1515 775 1560 esse
815 1496 1137 1561 accitum.
1195 1497 1349 1560 Erat
1396 1492 1579 1559 enim
1631 1493 1864 1560 animo
1898 1491 2265 1592 benignuS‚
2303 1493 2619 1582 simplex,
2686 1494 2816 1563 liu-

265 1582 478 1660 milis,
520 1581 826 1661 devotus,
886 1582 1062 1670 pius,
1118 1581 1445 1649 omnibus
1497 1594 1886 1670 promptam
1937 1581 2268 1651 exhibens
2320 1582 2811 1662 obedientiam,

261 1691 505 1739 omnes
555 1671 822 1739 sincero
870 1681 1102 1739 amore
1141 1669 1625 1758 complectens.
1691 1671 2025 1738 Praestitit
2083 1693 2234 1739 vero
2293 1671 2392 1739 illi
2444 1677 2616 1740 Deus
2667 1685 2816 1739 tan—

263 1774 408 1828 tum
472 1758 786 1827 ardorem
838 1772 901 1826 et
955 1759 1556 1848 compunctionem
1599 1759 1850 1837 cordiS,
1907 1772 1981 1826 ut
2046 1759 2382 1828 bonorum
2427 1761 2815 1830 coenobita-

264 1870 419 1917 rum
461 1849 596 1915 vita
632 1847 919 1916 minime
948 1860 1334 1926 contentUS,
1402 1847 1623 1936 magis
1663 1870 1743 1915 ac
1782 1848 2002 1937 magis
2042 1871 2112 1915 se
2152 1848 2543 1918 extenderet
2593 1850 2659 1916 in
2712 1850 2815 1917 di-

259 1937 500 2005 vinum
535 1935 970 2014 famulatum,
1011 1949 1259 2005 etcum
1296 1937 1670 2025 gemitibus
1697 1950 1761 2004 et
1799 1934 2122 2023 lacrymis
2152 1938 2393 2006 crebro
2428 1961 2497 2008 se
2528 1938 2808 2027 vigiliis,

253 2025 569 2113 jejuniis,
610 2024 1037 2094 orationibus
1086 2025 1423 2114 affligens,
1473 2027 1676 2092 vitam
1715 2039 2111 2094 sanctorum
2144 2027 2631 2105 aemularetur,
2690 2049 2813 2096 nec

261 2113 476 2182 ullam
530 2136 655 2182 suo
689 2115 959 2203 corpori
1012 2115 1315 2200 requiem
1345 2113 1539 2181 indul
1563 2127 1756 2188 reret,
1824 2114 2077 2193 inedia,
2138 2115 2465 2195 nuditate,
2531 2116 2805 2204 frigore,

262 2204 399 2283 siti,
448 2203 821 2288 multisque
859 2205 1062 2272 rebus
1111 2204 1305 2272 duris
1353 2215 1418 2270 et
1451 2225 1562 2270 mo
1594 2204 1757 2270 estis
1806 2225 1877 2271 se
1924 2203 2255 2284 afficiens.

354 2300 390 2372 ἓ
439 2300 524 2364 5.
581 2297 719 2360 Non
776 2292 974 2360 multi
1028 2293 1279 2362 interea
1330 2292 1476 2360 dies
1530 2293 2074 2369 intercesserant,
2131 2315 2289 2360 cum
2343 2292 2456 2361 ille
2505 2292 2811 2362 secundo

266 2385 549 2448 Romam
590 2381 801 2470 petiit,
853 2382 1277 2471 expletisque
1328 2403 1450 2470 pro
1486 2395 1635 2449 voto
1686 2402 1861 2466 quae
1898 2380 2041 2447 illic
2076 2380 2297 2448 facere
2327 2381 2800 2460 constituerat,

263 2468 435 2538 redit
483 2469 567 2537 ad
620 2470 893 2540 beatum
945 2471 1371 2550 Autbertum,
1424 2481 1488 2538 et
1519 2471 1605 2539 ab
1631 2492 1709 2538 eo
1740 2469 2145 2559 presbyterii
2182 2470 2439 2539 honore
2478 2469 2798 2540 aflicitur.

259 2565 429 2627 Tum
468 2581 646 2639 ver0,
703 2560 785 2627 ad
833 2572 994 2630 'eum
1046 2573 1319 2628 evectus
1372 2559 1651 2628 lionoris
1700 2559 2019 2647 gradum,
2073 2573 2412 2644 quantum
2448 2560 2805 2628 sanctitate

253 2649 643 2722 excreverit,
702 2649 923 2717 verbis
971 2648 1300 2737 explicari
1339 2670 1471 2716 non
1527 2660 1767 2736 potest.
1818 2647 2061 2714 Volens
2093 2660 2323 2716 autem
2376 2648 2649 2736 sibiipsi
2681 2671 2807 2717 cu-

257 2736 524 2805 mulare
562 2736 848 2815 labores,
905 2736 1230 2824 licetjam
1281 2736 1548 2805 defesso
1581 2750 1758 2805 esset
1806 2758 2112 2825 corpore,
2156 2738 2349 2805 tertio
2384 2758 2455 2804 se
2490 2743 2804 2807 Romano

255 2824 372 2895 dat
422 2825 646 2894 itineri
698 2849 855 2895 cum
907 2825 1273 2916 discipulis
1329 2825 1625 2901 duobus,
1667 2823 1947 2893 Adelino
1996 2837 2059 2893 et
2114 2826 2515 2904 Domitiano,
2574 2826 2694 2912 qui
2743 2828 2805 2895 ei

246 2914 394 2999 jam
428 2913 694 2983 dudum
749 2916 814 2983 in
859 2915 1042 2983 verbi
1095 2916 1206 2983 Dei
1291 2914 1749 2983 raedicatione
1806 2913 2308 2983 adhaeserant:
2364 2915 2806 3001 adoratisque

253 3003 727 3092 Apostolorum
785 3003 1168 3081 liminibuS,
1232 2938 1519 3072 feliciter
1583 3003 1756 3070 redit
1812 3003 1899 3071 ad
1947 3026 2113 3072 sua:
2173 3005 2539 3093 petitaque·
2562 3019 2626 3072 et
2678 3006 2805 3071 im-

254 3105 514 3180 petrata
562 3093 759 3179 copia
808 3105 872 3160 et
924 3093 1393 3161 benedictione
1442 3115 1481 3160 a
1545 3092 1740 3161 beato
1795 3092 2135 3169 Autberto‚
2191 3092 2275 3160 ad
2316 3115 2569 3182 pagum
2622 3098 2803 3181 Hay-

257 3202 505 3249 navum
555 3181 919 3269 (Hainaut)
968 3181 1195 3250 locum
1253 3180 1416 3261 adit,
1459 3181 1667 3249 fluvio
1716 3181 2039 3250 Sambrae
2088 3181 2540 3270 adjacentem,
2595 3183 2716 3267 qui
2765 3206 2806 3251 a

254 3269 472 3338 rivulo
521 3270 591 3337 in
646 3270 830 3338 hunc
883 3271 1110 3358 ipsum
1163 3270 1451 3338 fluvium
1495 3270 1926 3347 decurrente,
1984 3270 2341 3339 Laubacus
2386 3272 2644 3359 (Lobes)
2695 3294 2804 3340 vo—

252 3368 469 3438 catur,
523 3360 727 3445 atque
763 3357 902 3426 illic
952 3358 1085 3427 sibi
1132 3372 1197 3427 et
1243 3357 1609 3447 discipulis
1647 3360 2022 3427 monastica
2075 3359 2429 3428 domicilia
2479 3372 2803 3459 consqu—

251 3446 367 3515 xit.
409 3448 602 3530 Quod
654 3469 808 3515 vero
838 3446 953 3515 ille
1005 3461 1189 3525 tunc,
1240 3451 1367 3516 Deo
1416 3448 1814 3526 auxiliante,
1854 3447 2139 3517 feliciter
2173 3470 2372 3516 orsus
2405 3462 2527 3527 est,
2568 3470 2608 3515 a
2640 3472 2802 3517 suc-

250 3536 640 3605 cessoribus
679 3538 853 3625 ejus,
899 3558 1073 3622 quos
1125 3535 1237 3605 ille
1276 3558 1354 3606 eo
1398 3537 1464 3604 in
1520 3536 1665 3605 loco
1715 3548 2272 3627 congregaverat,
2316 3537 2665 3626 praeclare
2699 3551 2803 3606 est

248 3636 831 3694 consummatum.
889 3624 1084 3694 Aliud
1143 3647 1418 3712 quoque
1467 3626 1966 3696 monasterium
2017 3625 2406 3694 aedificavit
2463 3626 2549 3693 in*
2580 3648 2793 3781 lpag0,

247 3735 454 3799 quem
497 3713 734 3784 Alnam
785 3714 1028 3803 (Aune')
1078 3714 1340 3793 dicunt,
1375 3715 1498 3799 qui
1538 3738 1576 3783 a
1619 3714 1929 3786 Laubaco
1979 3714 2200 3783 tribus
2249 3714 2439 3783 abest
2479 3713 2574 3781 mi
2608 3714 2802 3782 liari-

247 3801 401 3882 bu5‚
455 3803 639 3890 quod
691 3803 1183 3874 monasterium
1238 3803 1572 3893 principis
1622 3803 2097 3893 Apostolorum
2135 3825 2329 3872 sacra
2380 3816 2632 3873 ornam
2696 3804 2797 3891 pi-

245 3914 488 3980 gnora,
544 3906 608 3961 et
660 3892 1049 3981 praeclarae
1096 3893 1245 3981 ejus
1279 3893 1561 3961 virtutes
1611 3892 2118 3960 communiunt.
2168 3892 2469 3961 Tertium
2520 3913 2799 3979 quoque

243 3981 554 4050 condidit
604 3982 1098 4055 monasterium
1170 3981 1239 4049 in
1314 3980 1783 4069 Templutensi
1858 4003 1939 4069 pa
1993 4002 2032 4048 o
2073 4036 2087 4060 ‚
2141 4002 2345 4066 quem
2417 3981 2796 4050 Guaflarim

240 4070 559 4159 (Wastar)
589 4082 854 4150 vocant,
911 4071 1169 4157 quique
1216 4081 1367 4139 octo
1416 4068 1623 4138 distat
1675 4069 1954 4136 milliari
1986 4092 2094 4138 *us
2125 4093 2163 4137 a
2205 4070 2518 4140 Laubac'o
2554 4070 2796 4158 'primo

243 4181 369 4227 suo
425 4160 865 4238 monasteriO,
920 4159 1162 4245 idque,
1213 4160 1409 4228 lsicut
1458 4171 1522 4225 et
1575 4160 1957 4247 superiora,
2014 4159 2081 4226 in
2137 4163 2201 4226 S.
2259 4159 2427 4227 Petri
2483 4159 2797 4228 coelestis

241 4248 567 4338 clavigeri
615 4248 942 4318 honorem
1011 4247 1561 4317 consecrandum
1615 4248 1904 4316 curavit.
1962 4252 2040 4315 Et
2098 4246 2267 4320 haec
2315 4247 2596 4334 quidem
2655 4248 2795 4315 duo

242 4349 587 4427 postrema
635 4335 1048 4407 monasteria
1096 4336 1368 4427 egregie
1438 4335 1720 4405 ditavit:
1779 4336 2075 4407 Laubias
2125 4358 2279 4405 vero
2337 4337 2546 4424 regiis
2606 4336 2796 4403 auxit

241 4425 692 4507 muneribus,
745 4439 810 4496 et
860 4424 1178 4496 villarum
1251 4437 1455 4514 atque
1523 4446 1881 4496 servorum
1942 4446 2197 4515 magna
2251 4425 2451 4515 copia
2521 4422 2786 4493 extulit.
