<?xml version="1.0" encoding="UTF-8"?>
<!DOCTYPE html PUBLIC "-//W3C//DTD XHTML 1.0 Transitional//EN"
    "http://www.w3.org/TR/xhtml1/DTD/xhtml1-transitional.dtd">
<html xmlns="http://www.w3.org/1999/xhtml" xml:lang="en" lang="en">
 <head>
  <title>
</title>
<meta http-equiv="Content-Type" content="text/html;charset=utf-8" />
  <meta name='ocr-system' content='tesseract 3.04.00' />
  <meta name='ocr-capabilities' content='ocr_page ocr_carea ocr_par ocr_line ocrx_word'/>
</head>
<body>
  <div class='ocr_page' id='page_1' title='image "./historiaeseuvit02lippgoog_0270.png"; bbox 0 0 3357 4995; ppageno 0'>
   <div class='ocr_carea' id='block_1_1' title="bbox 638 330 3091 398">
    <p class='ocr_par' dir='ltr' id='par_1_1' title="bbox 638 330 3091 398">
     <span class='ocr_line' id='line_1_1' title="bbox 638 330 3091 398; baseline 0.002 -6"><span class='ocrx_word' id='word_1_1' title='bbox 638 330 766 393; x_wconf 70' lang='lat'>254</span> <span class='ocrx_word' id='word_1_2' title='bbox 1377 349 1454 393; x_wconf 77' lang='lat' dir='ltr'>ns</span> <span class='ocrx_word' id='word_1_3' title='bbox 1502 348 1556 394; x_wconf 90' lang='lat' dir='ltr'>s.</span> <span class='ocrx_word' id='word_1_4' title='bbox 1615 344 1906 394; x_wconf 75' lang='lat' dir='ltr'>BARNABA</span> <span class='ocrx_word' id='word_1_5' title='bbox 1953 346 2268 398; x_wconf 71' lang='lat' dir='ltr'>ArosroLo</span> <span class='ocrx_word' id='word_1_6' title='bbox 2748 333 2965 397; x_wconf 80' lang='lat' dir='ltr'>JUNH</span> <span class='ocrx_word' id='word_1_7' title='bbox 3019 335 3091 397; x_wconf 76' lang='lat' dir='ltr'>tt</span> 
     </span>
    </p>
   </div>
   <div class='ocr_carea' id='block_1_2' title="bbox 515 431 3103 3984">
    <p class='ocr_par' dir='ltr' id='par_1_2' title="bbox 545 431 3103 1493">
     <span class='ocr_line' id='line_1_2' title="bbox 549 431 3103 523; baseline 0.001 -23"><span class='ocrx_word' id='word_1_8' title='bbox 549 452 870 520; x_wconf 85' lang='lat' dir='ltr'>egressus</span> <span class='ocrx_word' id='word_1_9' title='bbox 902 445 1100 510; x_wconf 85' lang='lat' dir='ltr'>esset,</span> <span class='ocrx_word' id='word_1_10' title='bbox 1140 431 1346 500; x_wconf 89' lang='lat' dir='ltr'>urbes</span> <span class='ocrx_word' id='word_1_11' title='bbox 1379 453 1620 501; x_wconf 90' lang='lat' dir='ltr'>omnes</span> <span class='ocrx_word' id='word_1_12' title='bbox 1670 433 2089 522; x_wconf 73' lang='lat' dir='ltr'>aeregiones</span> <span class='ocrx_word' id='word_1_13' title='bbox 2142 434 2549 523; x_wconf 81' lang='lat' dir='ltr'>peragravit,</span> <span class='ocrx_word' id='word_1_14' title='bbox 2590 434 2841 504; x_wconf 81' lang='lat' dir='ltr'>Christi</span> <span class='ocrx_word' id='word_1_15' title='bbox 2878 441 3103 504; x_wconf 87' lang='lat' dir='ltr'>Evan-</span> 
     </span>
     <span class='ocr_line' id='line_1_3' title="bbox 549 518 3098 610; baseline 0.002 -22"><span class='ocrx_word' id='word_1_16' title='bbox 549 520 803 608; x_wconf 86' lang='lat' dir='ltr'>gelium</span> <span class='ocrx_word' id='word_1_17' title='bbox 860 521 1060 610; x_wconf 89' lang='lat' dir='ltr'>longe</span> <span class='ocrx_word' id='word_1_18' title='bbox 1103 518 1370 606; x_wconf 91' lang='lat' dir='ltr'>lateque</span> <span class='ocrx_word' id='word_1_19' title='bbox 1416 521 1839 599; x_wconf 56' lang='lat' dir='ltr'>diffundens</span> <span class='ocrx_word' id='word_1_20' title='bbox 1897 543 2120 607; x_wconf 90' lang='lat' dir='ltr'>neque</span> <span class='ocrx_word' id='word_1_21' title='bbox 2160 522 2355 610; x_wconf 88' lang='lat' dir='ltr'>prius</span> <span class='ocrx_word' id='word_1_22' title='bbox 2403 522 2684 602; x_wconf 80' lang='lat' dir='ltr'>destitit,</span> <span class='ocrx_word' id='word_1_23' title='bbox 2738 546 2949 609; x_wconf 90' lang='lat' dir='ltr'>quam</span> <span class='ocrx_word' id='word_1_24' title='bbox 3009 526 3098 594; x_wconf 93' lang='lat' dir='ltr'>ad</span> 
     </span>
     <span class='ocr_line' id='line_1_4' title="bbox 548 608 3101 690; baseline 0.003 -14"><span class='ocrx_word' id='word_1_25' title='bbox 548 608 788 676; x_wconf 89' lang='lat' dir='ltr'>urbem</span> <span class='ocrx_word' id='word_1_26' title='bbox 853 613 1137 677; x_wconf 83' lang='lat' dir='ltr'>Romam</span> <span class='ocrx_word' id='word_1_27' title='bbox 1205 609 1516 678; x_wconf 89' lang='lat' dir='ltr'>omnium</span> <span class='ocrx_word' id='word_1_28' title='bbox 1572 610 1943 678; x_wconf 83' lang='lat' dir='ltr'>maximam</span> <span class='ocrx_word' id='word_1_29' title='bbox 2002 611 2286 690; x_wconf 53' lang='lat' dir='ltr'>,veneria</span> <span class='ocrx_word' id='word_1_30' title='bbox 2360 615 2445 678; x_wconf 81' lang='lat' dir='ltr'>Ex</span> <span class='ocrx_word' id='word_1_31' title='bbox 2496 612 2866 680; x_wconf 82' lang='lat' dir='ltr'>universis</span> <span class='ocrx_word' id='word_1_32' title='bbox 2912 616 3101 682; x_wconf 83' lang='lat' dir='ltr'>enim</span> 
     </span>
     <span class='ocr_line' id='line_1_5' title="bbox 549 696 3093 788; baseline 0.002 -24"><span class='ocrx_word' id='word_1_33' title='bbox 549 696 914 786; x_wconf 81' lang='lat' dir='ltr'>discipulis</span> <span class='ocrx_word' id='word_1_34' title='bbox 946 698 1218 766; x_wconf 77' lang='lat' dir='ltr'>Christi.</span> <span class='ocrx_word' id='word_1_35' title='bbox 1277 699 1495 767; x_wconf 90' lang='lat' dir='ltr'>rimus</span> <span class='ocrx_word' id='word_1_36' title='bbox 1527 698 1973 788; x_wconf 84' lang='lat' dir='ltr'>Evangelium</span> <span class='ocrx_word' id='word_1_37' title='bbox 2034 699 2103 766; x_wconf 91' lang='lat' dir='ltr'>in</span> <span class='ocrx_word' id='word_1_38' title='bbox 2147 698 2315 767; x_wconf 90' lang='lat' dir='ltr'>urbe</span> <span class='ocrx_word' id='word_1_39' title='bbox 2376 705 2591 768; x_wconf 87' lang='lat' dir='ltr'>Roma</span> <span class='ocrx_word' id='word_1_40' title='bbox 2699 701 3093 772; x_wconf 89' lang='lat' dir='ltr'>raedicavit.</span> 
     </span>
     <span class='ocr_line' id='line_1_6' title="bbox 549 786 3090 878; baseline 0.002 -24"><span class='ocrx_word' id='word_1_41' title='bbox 549 790 853 872; x_wconf 83' lang='lat' dir='ltr'>Cumque</span> <span class='ocrx_word' id='word_1_42' title='bbox 904 786 1105 855; x_wconf 88' lang='lat' dir='ltr'>multi</span> <span class='ocrx_word' id='word_1_43' title='bbox 1160 809 1199 854; x_wconf 90' lang='lat' dir='ltr'>a</span> <span class='ocrx_word' id='word_1_44' title='bbox 1297 787 1544 855; x_wconf 81' lang='lat' dir='ltr'>Christi</span> <span class='ocrx_word' id='word_1_45' title='bbox 1617 787 1825 854; x_wconf 90' lang='lat' dir='ltr'>fidem</span> <span class='ocrx_word' id='word_1_46' title='bbox 1878 788 2254 864; x_wconf 90' lang='lat' dir='ltr'>venissent,</span> <span class='ocrx_word' id='word_1_47' title='bbox 2310 801 2373 854; x_wconf 92' lang='lat' dir='ltr'>et</span> <span class='ocrx_word' id='word_1_48' title='bbox 2426 794 2642 856; x_wconf 75' lang='lat' dir='ltr'>Barna</span> <span class='ocrx_word' id='word_1_49' title='bbox 2694 812 2807 858; x_wconf 90' lang='lat' dir='ltr'>am</span> <span class='ocrx_word' id='word_1_50' title='bbox 2860 792 3090 878; x_wconf 91' lang='lat' dir='ltr'>ipsum</span> 
     </span>
     <span class='ocr_line' id='line_1_7' title="bbox 547 875 3097 977; baseline 0.002 -35"><span class='ocrx_word' id='word_1_51' title='bbox 547 895 820 943; x_wconf 86' lang='lat' dir='ltr'>summe</span> <span class='ocrx_word' id='word_1_52' title='bbox 866 875 1306 954; x_wconf 87' lang='lat' dir='ltr'>honorarent,</span> <span class='ocrx_word' id='word_1_53' title='bbox 1363 875 1671 943; x_wconf 90' lang='lat' dir='ltr'>humana</span> <span class='ocrx_word' id='word_1_54' title='bbox 1706 875 1921 964; x_wconf 75' lang='lat' dir='ltr'>gloria</span> <span class='ocrx_word' id='word_1_55' title='bbox 1975 877 2243 964; x_wconf 89' lang='lat' dir='ltr'>rejecta,</span> <span class='ocrx_word' id='word_1_56' title='bbox 2298 876 2476 946; x_wconf 90' lang='lat' dir='ltr'>clam</span> <span class='ocrx_word' id='word_1_57' title='bbox 2541 875 2841 977; x_wconf 79' lang='lat' dir='ltr'>fugiens,</span> <span class='ocrx_word' id='word_1_58' title='bbox 2883 884 3097 948; x_wconf 76' lang='lat' dir='ltr'>Roma</span> 
     </span>
     <span class='ocr_line' id='line_1_8' title="bbox 545 963 3094 1052; baseline 0.002 -22"><span class='ocrx_word' id='word_1_59' title='bbox 545 963 705 1031; x_wconf 81' lang='lat' dir='ltr'>exiit</span> <span class='ocrx_word' id='word_1_60' title='bbox 736 964 862 1051; x_wconf 86' lang='lat' dir='ltr'>(a).</span> <span class='ocrx_word' id='word_1_61' title='bbox 896 964 1160 1033; x_wconf 82' lang='lat' dir='ltr'>Etenim</span> <span class='ocrx_word' id='word_1_62' title='bbox 1213 964 1451 1032; x_wconf 87' lang='lat' dir='ltr'>beatus</span> <span class='ocrx_word' id='word_1_63' title='bbox 1486 964 1599 1032; x_wconf 89' lang='lat' dir='ltr'>ille</span> <span class='ocrx_word' id='word_1_64' title='bbox 1632 965 1743 1031; x_wconf 88' lang='lat' dir='ltr'>vir·</span> <span class='ocrx_word' id='word_1_65' title='bbox 1768 965 1860 1033; x_wconf 92' lang='lat' dir='ltr'>ita</span> <span class='ocrx_word' id='word_1_66' title='bbox 1886 987 2126 1033; x_wconf 90' lang='lat' dir='ltr'>omnes</span> <span class='ocrx_word' id='word_1_67' title='bbox 2154 965 2493 1043; x_wconf 87' lang='lat' dir='ltr'>homines,</span> <span class='ocrx_word' id='word_1_68' title='bbox 2535 988 2655 1052; x_wconf 80' lang='lat' dir='ltr'>qul</span> <span class='ocrx_word' id='word_1_69' title='bbox 2697 979 2891 1035; x_wconf 90' lang='lat' dir='ltr'>erant</span> <span class='ocrx_word' id='word_1_70' title='bbox 2923 983 3094 1036; x_wconf 92' lang='lat' dir='ltr'>tem-</span> 
     </span>
     <span class='ocr_line' id='line_1_9' title="bbox 595 1051 3093 1143; baseline 0.001 -22"><span class='ocrx_word' id='word_1_71' title='bbox 595 1052 833 1122; x_wconf 83' lang='lat' dir='ltr'>oribus</span> <span class='ocrx_word' id='word_1_72' title='bbox 897 1051 1056 1130; x_wconf 82' lang='lat' dir='ltr'>illis,</span> <span class='ocrx_word' id='word_1_73' title='bbox 1124 1053 1338 1120; x_wconf 90' lang='lat' dir='ltr'>animi</span> <span class='ocrx_word' id='word_1_74' title='bbox 1389 1053 1852 1121; x_wconf 85' lang='lat' dir='ltr'>submissione</span> <span class='ocrx_word' id='word_1_75' title='bbox 1902 1076 1979 1121; x_wconf 89' lang='lat' dir='ltr'>ac</span> <span class='ocrx_word' id='word_1_76' title='bbox 2031 1053 2359 1122; x_wconf 77' lang='lat' dir='ltr'>modestia</span> <span class='ocrx_word' id='word_1_77' title='bbox 2436 1059 2829 1143; x_wconf 89' lang='lat' dir='ltr'>superabat,</span> <span class='ocrx_word' id='word_1_78' title='bbox 2886 1069 2959 1124; x_wconf 93' lang='lat' dir='ltr'>ut</span> <span class='ocrx_word' id='word_1_79' title='bbox 3007 1057 3093 1124; x_wconf 89' lang='lat' dir='ltr'>ad</span> 
     </span>
     <span class='ocr_line' id='line_1_10' title="bbox 547 1073 3098 1233; baseline 0.003 -26"><span class='ocrx_word' id='word_1_80' title='bbox 547 1073 758 1228; x_wconf 59' lang='lat' dir='ltr'>liujus</span> <span class='ocrx_word' id='word_1_81' title='bbox 806 1141 1077 1210; x_wconf 87' lang='lat' dir='ltr'>virtutis</span> <span class='ocrx_word' id='word_1_82' title='bbox 1124 1141 1398 1209; x_wconf 89' lang='lat' dir='ltr'>culmen</span> <span class='ocrx_word' id='word_1_83' title='bbox 1462 1143 1861 1229; x_wconf 85' lang='lat' dir='ltr'>perveniret.</span> <span class='ocrx_word' id='word_1_84' title='bbox 1922 1143 1989 1209; x_wconf 90' lang='lat' dir='ltr'>ld</span> <span class='ocrx_word' id='word_1_85' title='bbox 2062 1142 2243 1227; x_wconf 91' lang='lat' dir='ltr'>quod</span> <span class='ocrx_word' id='word_1_86' title='bbox 2312 1142 2617 1211; x_wconf 79' lang='lat' dir='ltr'>declarat</span> <span class='ocrx_word' id='word_1_87' title='bbox 2684 1145 2836 1233; x_wconf 82' lang='lat' dir='ltr'>ejus</span> <span class='ocrx_word' id='word_1_88' title='bbox 2887 1145 3098 1214; x_wconf 88' lang='lat' dir='ltr'>histo-</span> 
     </span>
     <span class='ocr_line' id='line_1_11' title="bbox 545 1229 3096 1322; baseline 0.002 -26"><span class='ocrx_word' id='word_1_89' title='bbox 545 1229 672 1297; x_wconf 90' lang='lat' dir='ltr'>ria.</span> <span class='ocrx_word' id='word_1_90' title='bbox 729 1235 893 1297; x_wconf 83' lang='lat' dir='ltr'>Cum</span> <span class='ocrx_word' id='word_1_91' title='bbox 946 1231 1129 1298; x_wconf 87' lang='lat' dir='ltr'>enim</span> <span class='ocrx_word' id='word_1_92' title='bbox 1181 1230 1453 1296; x_wconf 90' lang='lat' dir='ltr'>divinae</span> <span class='ocrx_word' id='word_1_93' title='bbox 1505 1230 1736 1298; x_wconf 87' lang='lat' dir='ltr'>literae</span> <span class='ocrx_word' id='word_1_94' title='bbox 1790 1232 2046 1316; x_wconf 90' lang='lat' dir='ltr'>ubique</span> <span class='ocrx_word' id='word_1_95' title='bbox 2102 1232 2321 1299; x_wconf 89' lang='lat' dir='ltr'>virum</span> <span class='ocrx_word' id='word_1_96' title='bbox 2378 1231 2563 1299; x_wconf 90' lang='lat' dir='ltr'>hunc</span> <span class='ocrx_word' id='word_1_97' title='bbox 2625 1255 2784 1300; x_wconf 87' lang='lat' dir='ltr'>cum</span> <span class='ocrx_word' id='word_1_98' title='bbox 2851 1235 3096 1322; x_wconf 89' lang='lat' dir='ltr'>primis</span> 
     </span>
     <span class='ocr_line' id='line_1_12' title="bbox 547 1317 3094 1412; baseline 0.002 -27"><span class='ocrx_word' id='word_1_99' title='bbox 547 1319 902 1385; x_wconf 88' lang='lat' dir='ltr'>nominent</span> <span class='ocrx_word' id='word_1_100' title='bbox 951 1341 1030 1385; x_wconf 89' lang='lat' dir='ltr'>ac</span> <span class='ocrx_word' id='word_1_101' title='bbox 1074 1317 1376 1396; x_wconf 90' lang='lat' dir='ltr'>laudent,</span> <span class='ocrx_word' id='word_1_102' title='bbox 1432 1319 1578 1407; x_wconf 91' lang='lat' dir='ltr'>ipse</span> <span class='ocrx_word' id='word_1_103' title='bbox 1614 1320 1875 1409; x_wconf 88' lang='lat' dir='ltr'>primas</span> <span class='ocrx_word' id='word_1_104' title='bbox 1906 1320 2059 1388; x_wconf 89' lang='lat' dir='ltr'>aliis</span> <span class='ocrx_word' id='word_1_105' title='bbox 2109 1320 2515 1399; x_wconf 76' lang='lat' dir='ltr'>concedenS‚</span> <span class='ocrx_word' id='word_1_106' title='bbox 2564 1321 2908 1390; x_wconf 87' lang='lat' dir='ltr'>secundas</span> <span class='ocrx_word' id='word_1_107' title='bbox 2937 1344 3094 1412; x_wconf 88' lang='lat' dir='ltr'>par-</span> 
     </span>
     <span class='ocr_line' id='line_1_13' title="bbox 545 1407 1219 1493; baseline 0 -20"><span class='ocrx_word' id='word_1_108' title='bbox 545 1418 643 1473; x_wconf 91' lang='lat' dir='ltr'>tes</span> <span class='ocrx_word' id='word_1_109' title='bbox 691 1407 1051 1493; x_wconf 86' lang='lat' dir='ltr'>amplexus</span> <span class='ocrx_word' id='word_1_110' title='bbox 1097 1421 1219 1474; x_wconf 87' lang='lat' dir='ltr'>est.</span> 
     </span>
    </p>

    <p class='ocr_par' dir='ltr' id='par_1_3' title="bbox 515 1496 3095 3442">
     <span class='ocr_line' id='line_1_14' title="bbox 633 1496 3095 1586; baseline -0.001 -18"><span class='ocrx_word' id='word_1_111' title='bbox 633 1498 668 1578; x_wconf 62' lang='lat' dir='ltr'>,Q</span> <span class='ocrx_word' id='word_1_112' title='bbox 716 1499 873 1568; x_wconf 73' lang='lat' dir='ltr'>lo.</span> <span class='ocrx_word' id='word_1_113' title='bbox 915 1500 1149 1565; x_wconf 84' lang='lat' dir='ltr'>Postea</span> <span class='ocrx_word' id='word_1_114' title='bbox 1197 1519 1355 1564; x_wconf 91' lang='lat' dir='ltr'>cum</span> <span class='ocrx_word' id='word_1_115' title='bbox 1421 1496 1600 1566; x_wconf 87' lang='lat' dir='ltr'>idem</span> <span class='ocrx_word' id='word_1_116' title='bbox 1661 1497 2004 1565; x_wconf 85' lang='lat' dir='ltr'>Barnabas</span> <span class='ocrx_word' id='word_1_117' title='bbox 2053 1497 2137 1565; x_wconf 93' lang='lat' dir='ltr'>ad</span> <span class='ocrx_word' id='word_1_118' title='bbox 2182 1499 2462 1586; x_wconf 77' lang='lat' dir='ltr'>Aegypti</span> <span class='ocrx_word' id='word_1_119' title='bbox 2516 1499 2757 1566; x_wconf 91' lang='lat' dir='ltr'>urbem</span> <span class='ocrx_word' id='word_1_120' title='bbox 2808 1499 3095 1566; x_wconf 81' lang='lat' dir='ltr'>Alexan—</span> 
     </span>
     <span class='ocr_line' id='line_1_15' title="bbox 541 1583 3085 1675; baseline 0.002 -25"><span class='ocrx_word' id='word_1_121' title='bbox 541 1583 763 1650; x_wconf 91' lang='lat' dir='ltr'>driam</span> <span class='ocrx_word' id='word_1_122' title='bbox 825 1584 1136 1662; x_wconf 83' lang='lat' dir='ltr'>venisset,</span> <span class='ocrx_word' id='word_1_123' title='bbox 1191 1599 1255 1652; x_wconf 90' lang='lat' dir='ltr'>et</span> <span class='ocrx_word' id='word_1_124' title='bbox 1307 1584 1416 1651; x_wconf 90' lang='lat' dir='ltr'>Dei</span> <span class='ocrx_word' id='word_1_125' title='bbox 1469 1607 1853 1655; x_wconf 90' lang='lat' dir='ltr'>sermonem</span> <span class='ocrx_word' id='word_1_126' title='bbox 1924 1587 2015 1653; x_wconf 89' lang='lat' dir='ltr'>ibi</span> <span class='ocrx_word' id='word_1_127' title='bbox 2069 1586 2575 1675; x_wconf 86' lang='lat' dir='ltr'>praedicasset,</span> <span class='ocrx_word' id='word_1_128' title='bbox 2634 1587 2825 1656; x_wconf 91' lang='lat' dir='ltr'>illinc</span> <span class='ocrx_word' id='word_1_129' title='bbox 2886 1589 3085 1669; x_wconf 85' lang='lat' dir='ltr'>exiit,</span> 
     </span>
     <span class='ocr_line' id='line_1_16' title="bbox 544 1673 3092 1763; baseline 0.002 -23"><span class='ocrx_word' id='word_1_130' title='bbox 544 1677 921 1763; x_wconf 82' lang='lat' dir='ltr'>peragrans</span> <span class='ocrx_word' id='word_1_131' title='bbox 953 1673 1277 1761; x_wconf 83' lang='lat' dir='ltr'>deinceps</span> <span class='ocrx_word' id='word_1_132' title='bbox 1314 1674 1518 1742; x_wconf 90' lang='lat' dir='ltr'>urbes</span> <span class='ocrx_word' id='word_1_133' title='bbox 1549 1696 1811 1754; x_wconf 87' lang='lat' dir='ltr'>omnes,</span> <span class='ocrx_word' id='word_1_134' title='bbox 1841 1674 2065 1760; x_wconf 89' lang='lat' dir='ltr'>quoad</span> <span class='ocrx_word' id='word_1_135' title='bbox 2122 1675 2303 1742; x_wconf 91' lang='lat' dir='ltr'>venit</span> <span class='ocrx_word' id='word_1_136' title='bbox 2336 1675 2861 1762; x_wconf 69' lang='lat' dir='ltr'>‚lerosolymam</span> <span class='ocrx_word' id='word_1_137' title='bbox 2904 1678 3092 1745; x_wconf 85' lang='lat' dir='ltr'>Unde</span> 
     </span>
     <span class='ocr_line' id='line_1_17' title="bbox 515 1759 3089 1854; baseline 0.001 -23"><span class='ocrx_word' id='word_1_138' title='bbox 515 1759 744 1831; x_wconf 67' lang='lat' dir='ltr'>&#39;etiam</span> <span class='ocrx_word' id='word_1_139' title='bbox 796 1782 1137 1848; x_wconf 80' lang='lat' dir='ltr'>egressu5‚</span> <span class='ocrx_word' id='word_1_140' title='bbox 1195 1784 1505 1830; x_wconf 88' lang='lat' dir='ltr'>reversus</span> <span class='ocrx_word' id='word_1_141' title='bbox 1553 1778 1653 1831; x_wconf 88' lang='lat' dir='ltr'>est</span> <span class='ocrx_word' id='word_1_142' title='bbox 1702 1764 2152 1832; x_wconf 75' lang='lat' dir='ltr'>Antiochiam.</span> <span class='ocrx_word' id='word_1_143' title='bbox 2197 1769 2268 1831; x_wconf 90' lang='lat' dir='ltr'>ln</span> <span class='ocrx_word' id='word_1_144' title='bbox 2308 1785 2446 1849; x_wconf 90' lang='lat' dir='ltr'>qua</span> <span class='ocrx_word' id='word_1_145' title='bbox 2494 1786 2654 1833; x_wconf 91' lang='lat' dir='ltr'>cum</span> <span class='ocrx_word' id='word_1_146' title='bbox 2707 1766 2817 1832; x_wconf 90' lang='lat' dir='ltr'>Dei</span> <span class='ocrx_word' id='word_1_147' title='bbox 2866 1768 3089 1854; x_wconf 70' lang='lat' dir='ltr'>gratia</span> 
     </span>
     <span class='ocr_line' id='line_1_18' title="bbox 538 1849 3089 1941; baseline 0.001 -22"><span class='ocrx_word' id='word_1_148' title='bbox 538 1849 909 1919; x_wconf 88' lang='lat' dir='ltr'>Ecclesiam</span> <span class='ocrx_word' id='word_1_149' title='bbox 963 1851 1410 1938; x_wconf 87' lang='lat' dir='ltr'>copiosiorem</span> <span class='ocrx_word' id='word_1_150' title='bbox 1466 1850 1710 1920; x_wconf 88' lang='lat' dir='ltr'>factam</span> <span class='ocrx_word' id='word_1_151' title='bbox 1785 1852 2107 1929; x_wconf 88' lang='lat' dir='ltr'>vidisset,</span> <span class='ocrx_word' id='word_1_152' title='bbox 2167 1852 2359 1929; x_wconf 86' lang='lat' dir='ltr'>valde</span> <span class='ocrx_word' id='word_1_153' title='bbox 2410 1854 2686 1941; x_wconf 82' lang='lat' dir='ltr'>gavisus</span> <span class='ocrx_word' id='word_1_154' title='bbox 2733 1867 2856 1920; x_wconf 90' lang='lat' dir='ltr'>est.</span> <span class='ocrx_word' id='word_1_155' title='bbox 2927 1854 3089 1922; x_wconf 80' lang='lat' dir='ltr'>Inde</span> 
     </span>
     <span class='ocr_line' id='line_1_19' title="bbox 536 1939 3090 2026; baseline 0.002 -19"><span class='ocrx_word' id='word_1_156' title='bbox 536 1952 766 2008; x_wconf 88' lang='lat' dir='ltr'>autem</span> <span class='ocrx_word' id='word_1_157' title='bbox 819 1939 1202 2018; x_wconf 78' lang='lat' dir='ltr'>discedenS‚</span> <span class='ocrx_word' id='word_1_158' title='bbox 1257 1945 1540 2008; x_wconf 88' lang='lat' dir='ltr'>Tarsum</span> <span class='ocrx_word' id='word_1_159' title='bbox 1582 1943 1785 2018; x_wconf 82' lang='lat' dir='ltr'>venit,</span> <span class='ocrx_word' id='word_1_160' title='bbox 1828 1939 2113 2009; x_wconf 84' lang='lat' dir='ltr'>Paulum</span> <span class='ocrx_word' id='word_1_161' title='bbox 2166 1963 2541 2026; x_wconf 82' lang='lat' dir='ltr'>quaerens:</span> <span class='ocrx_word' id='word_1_162' title='bbox 2596 1963 2800 2026; x_wconf 88' lang='lat' dir='ltr'>quem</span> <span class='ocrx_word' id='word_1_163' title='bbox 2854 1942 3090 2011; x_wconf 91' lang='lat' dir='ltr'>inven-</span> 
     </span>
     <span class='ocr_line' id='line_1_20' title="bbox 535 2027 3078 2120; baseline 0.002 -24"><span class='ocrx_word' id='word_1_164' title='bbox 535 2043 707 2103; x_wconf 70' lang='lat' dir='ltr'>tum²</span> <span class='ocrx_word' id='word_1_165' title='bbox 764 2028 1186 2096; x_wconf 80' lang='lat' dir='ltr'>Antiochiam</span> <span class='ocrx_word' id='word_1_166' title='bbox 1239 2027 1577 2117; x_wconf 86' lang='lat' dir='ltr'>perduxit.</span> <span class='ocrx_word' id='word_1_167' title='bbox 1632 2031 1729 2096; x_wconf 92' lang='lat' dir='ltr'>lbi</span> <span class='ocrx_word' id='word_1_168' title='bbox 1766 2052 1925 2097; x_wconf 89' lang='lat' dir='ltr'>cum</span> <span class='ocrx_word' id='word_1_169' title='bbox 1980 2044 2194 2097; x_wconf 89' lang='lat' dir='ltr'>totum</span> <span class='ocrx_word' id='word_1_170' title='bbox 2238 2052 2499 2097; x_wconf 88' lang='lat' dir='ltr'>annum</span> <span class='ocrx_word' id='word_1_171' title='bbox 2560 2032 3078 2120; x_wconf 83' lang='lat' dir='ltr'>transegissent,</span> 
     </span>
     <span class='ocr_line' id='line_1_21' title="bbox 534 2116 3085 2205; baseline 0.002 -21"><span class='ocrx_word' id='word_1_172' title='bbox 534 2129 598 2185; x_wconf 90' lang='lat' dir='ltr'>et</span> <span class='ocrx_word' id='word_1_173' title='bbox 648 2116 949 2185; x_wconf 81' lang='lat' dir='ltr'>multum&#39;</span> <span class='ocrx_word' id='word_1_174' title='bbox 997 2117 1330 2205; x_wconf 89' lang='lat' dir='ltr'>populum</span> <span class='ocrx_word' id='word_1_175' title='bbox 1382 2116 1464 2183; x_wconf 92' lang='lat' dir='ltr'>ad</span> <span class='ocrx_word' id='word_1_176' title='bbox 1519 2119 1766 2185; x_wconf 83' lang='lat' dir='ltr'>Christi</span> <span class='ocrx_word' id='word_1_177' title='bbox 1811 2117 2252 2205; x_wconf 85' lang='lat' dir='ltr'>disciplinam</span> <span class='ocrx_word' id='word_1_178' title='bbox 2322 2119 2835 2187; x_wconf 85' lang='lat' dir='ltr'>transtulissent</span> <span class='ocrx_word' id='word_1_179' title='bbox 2886 2141 3085 2188; x_wconf 87' lang='lat' dir='ltr'>cum·-</span> 
     </span>
     <span class='ocr_line' id='line_1_22' title="bbox 535 2205 3085 2294; baseline 0.001 -20"><span class='ocrx_word' id='word_1_180' title='bbox 535 2227 667 2291; x_wconf 90' lang='lat' dir='ltr'>que</span> <span class='ocrx_word' id='word_1_181' title='bbox 713 2206 806 2274; x_wconf 93' lang='lat' dir='ltr'>ibi</span> <span class='ocrx_word' id='word_1_182' title='bbox 867 2206 1166 2294; x_wconf 88' lang='lat' dir='ltr'>primum</span> <span class='ocrx_word' id='word_1_183' title='bbox 1230 2205 1476 2274; x_wconf 89' lang='lat' dir='ltr'>Christi</span> <span class='ocrx_word' id='word_1_184' title='bbox 1530 2205 1910 2294; x_wconf 89' lang='lat' dir='ltr'>discipulos</span> <span class='ocrx_word' id='word_1_185' title='bbox 1960 2207 2379 2275; x_wconf 86' lang='lat' dir='ltr'>Christianos</span> <span class='ocrx_word' id='word_1_186' title='bbox 2421 2221 2823 2288; x_wconf 87' lang='lat' dir='ltr'>vocassent,</span> <span class='ocrx_word' id='word_1_187' title='bbox 2880 2213 3085 2294; x_wconf 84' lang='lat' dir='ltr'>atqu&#39;e</span> 
     </span>
     <span class='ocr_line' id='line_1_23' title="bbox 538 2294 3077 2384; baseline 0.002 -23"><span class='ocrx_word' id='word_1_188' title='bbox 538 2294 726 2362; x_wconf 91' lang='lat' dir='ltr'>illinc</span> <span class='ocrx_word' id='word_1_189' title='bbox 769 2295 1231 2382; x_wconf 69' lang='lat' dir='ltr'>‘accepissent</span> <span class='ocrx_word' id='word_1_190' title='bbox 1298 2295 1383 2362; x_wconf 92' lang='lat' dir='ltr'>ab</span> <span class='ocrx_word' id='word_1_191' title='bbox 1436 2294 1759 2374; x_wconf 84' lang='lat' dir='ltr'>Ecclesia,</span> <span class='ocrx_word' id='word_1_192' title='bbox 1842 2317 2018 2379; x_wconf 90' lang='lat' dir='ltr'>quae</span> <span class='ocrx_word' id='word_1_193' title='bbox 2071 2298 2493 2384; x_wconf 84' lang='lat' dir='ltr'>pauperibus</span> <span class='ocrx_word' id='word_1_194' title='bbox 2542 2297 3077 2376; x_wconf 81' lang='lat' dir='ltr'>distribuerent,</span> 
     </span>
     <span class='ocr_line' id='line_1_24' title="bbox 535 2382 3083 2472; baseline 0.002 -23"><span class='ocrx_word' id='word_1_195' title='bbox 535 2382 992 2451; x_wconf 87' lang='lat' dir='ltr'>ascenderunt</span> <span class='ocrx_word' id='word_1_196' title='bbox 1058 2405 1300 2452; x_wconf 88' lang='lat' dir='ltr'>rursus</span> <span class='ocrx_word' id='word_1_197' title='bbox 1352 2383 1853 2470; x_wconf 62' lang='lat' dir='ltr'>lerosolymam</span> <span class='ocrx_word' id='word_1_198' title='bbox 1906 2384 2421 2469; x_wconf 88' lang='lat' dir='ltr'>quartodecimo</span> <span class='ocrx_word' id='word_1_199' title='bbox 2478 2407 2660 2452; x_wconf 90' lang='lat' dir='ltr'>anno</span> <span class='ocrx_word' id='word_1_200' title='bbox 2721 2399 3083 2472; x_wconf 83' lang='lat' dir='ltr'>postquam</span> 
     </span>
     <span class='ocr_line' id='line_1_25' title="bbox 539 2472 3076 2561; baseline 0.002 -22"><span class='ocrx_word' id='word_1_201' title='bbox 539 2472 867 2540; x_wconf 86' lang='lat' dir='ltr'>Dominus</span> <span class='ocrx_word' id='word_1_202' title='bbox 913 2477 1116 2541; x_wconf 82' lang='lat' dir='ltr'>Jesus</span> <span class='ocrx_word' id='word_1_203' title='bbox 1149 2477 1428 2541; x_wconf 86' lang='lat' dir='ltr'>Crucem</span> <span class='ocrx_word' id='word_1_204' title='bbox 1488 2472 1765 2561; x_wconf 90' lang='lat' dir='ltr'>pertulit</span> <span class='ocrx_word' id='word_1_205' title='bbox 1795 2473 1852 2549; x_wconf 72' lang='lat'>*,</span> <span class='ocrx_word' id='word_1_206' title='bbox 1887 2473 2472 2560; x_wconf 88' lang='lat' dir='ltr'>quemadmodum</span> <span class='ocrx_word' id='word_1_207' title='bbox 2522 2475 2761 2544; x_wconf 85' lang='lat' dir='ltr'>scribit</span> <span class='ocrx_word' id='word_1_208' title='bbox 2802 2474 3076 2554; x_wconf 86' lang='lat' dir='ltr'>Paulus,</span> 
     </span>
     <span class='ocr_line' id='line_1_26' title="bbox 533 2561 3076 2650; baseline 0.001 -22"><span class='ocrx_word' id='word_1_209' title='bbox 533 2584 691 2629; x_wconf 88' lang='lat' dir='ltr'>cum</span> <span class='ocrx_word' id='word_1_210' title='bbox 736 2561 901 2629; x_wconf 87' lang='lat' dir='ltr'>dicit</span> <span class='ocrx_word' id='word_1_211' title='bbox 934 2585 946 2626; x_wconf 74' lang='grc' dir='ltr'><em>ε</em></span> <span class='ocrx_word' id='word_1_212' title='bbox 979 2561 1514 2641; x_wconf 76' lang='lat' dir='ltr'>Quatuordecim</span> <span class='ocrx_word' id='word_1_213' title='bbox 1570 2564 1773 2629; x_wconf 90' lang='lat' dir='ltr'>annis</span> <span class='ocrx_word' id='word_1_214' title='bbox 1811 2578 2035 2650; x_wconf 89' lang='lat' dir='ltr'>postea</span> <span class='ocrx_word' id='word_1_215' title='bbox 2069 2564 2570 2650; x_wconf 84' lang='lat' dir='ltr'>Jerosolymam</span> <span class='ocrx_word' id='word_1_216' title='bbox 2608 2563 2885 2633; x_wconf 89' lang='lat' dir='ltr'>ascendi</span> <span class='ocrx_word' id='word_1_217' title='bbox 2919 2586 3076 2632; x_wconf 90' lang='lat' dir='ltr'>cum</span> 
     </span>
     <span class='ocr_line' id='line_1_27' title="bbox 535 2651 3080 2741; baseline 0.002 -25"><span class='ocrx_word' id='word_1_218' title='bbox 535 2651 865 2718; x_wconf 86' lang='lat' dir='ltr'>Barnaba.</span> <span class='ocrx_word' id='word_1_219' title='bbox 921 2654 1086 2718; x_wconf 90' lang='lat' dir='ltr'>Cum</span> <span class='ocrx_word' id='word_1_220' title='bbox 1137 2673 1289 2718; x_wconf 83' lang='lat' dir='ltr'>vero</span> <span class='ocrx_word' id='word_1_221' title='bbox 1339 2651 1802 2720; x_wconf 88' lang='lat' dir='ltr'>ministerium</span> <span class='ocrx_word' id='word_1_222' title='bbox 1839 2651 2389 2741; x_wconf 79' lang='lat' dir='ltr'>complevissent,</span> <span class='ocrx_word' id='word_1_223' title='bbox 2430 2665 2494 2719; x_wconf 86' lang='lat' dir='ltr'>et</span> <span class='ocrx_word' id='word_1_224' title='bbox 2544 2652 2749 2721; x_wconf 83' lang='lat' dir='ltr'>sidem</span> <span class='ocrx_word' id='word_1_225' title='bbox 2792 2675 2869 2719; x_wconf 92' lang='lat' dir='ltr'>ac</span> <span class='ocrx_word' id='word_1_226' title='bbox 2918 2652 3080 2721; x_wconf 87' lang='lat' dir='ltr'>dex-</span> 
     </span>
     <span class='ocr_line' id='line_1_28' title="bbox 535 2739 3071 2830; baseline 0.001 -23"><span class='ocrx_word' id='word_1_227' title='bbox 535 2752 745 2808; x_wconf 86' lang='lat' dir='ltr'>teram</span> <span class='ocrx_word' id='word_1_228' title='bbox 798 2740 884 2807; x_wconf 91' lang='lat' dir='ltr'>ab</span> <span class='ocrx_word' id='word_1_229' title='bbox 933 2740 1269 2827; x_wconf 74' lang='lat' dir='ltr'>Apostolis</span> <span class='ocrx_word' id='word_1_230' title='bbox 1295 2739 1524 2807; x_wconf 92' lang='lat' dir='ltr'>datam</span> <span class='ocrx_word' id='word_1_231' title='bbox 1563 2740 2010 2827; x_wconf 86' lang='lat' dir='ltr'>accepissent,</span> <span class='ocrx_word' id='word_1_232' title='bbox 2062 2756 2136 2808; x_wconf 90' lang='lat' dir='ltr'>ut</span> <span class='ocrx_word' id='word_1_233' title='bbox 2186 2741 2315 2828; x_wconf 89' lang='lat' dir='ltr'>ipsi</span> <span class='ocrx_word' id='word_1_234' title='bbox 2347 2740 2429 2807; x_wconf 92' lang='lat' dir='ltr'>ad</span> <span class='ocrx_word' id='word_1_235' title='bbox 2478 2754 2713 2830; x_wconf 84' lang='lat' dir='ltr'>gentes</span> <span class='ocrx_word' id='word_1_236' title='bbox 2763 2740 3071 2830; x_wconf 86' lang='lat' dir='ltr'>profecti,</span> 
     </span>
     <span class='ocr_line' id='line_1_29' title="bbox 535 2827 3081 2917; baseline 0.002 -24"><span class='ocrx_word' id='word_1_237' title='bbox 535 2827 577 2893; x_wconf 88' lang='lat' dir='ltr'>ii</span> <span class='ocrx_word' id='word_1_238' title='bbox 637 2848 814 2905; x_wconf 89' lang='lat' dir='ltr'>ver0,</span> <span class='ocrx_word' id='word_1_239' title='bbox 868 2828 988 2912; x_wconf 86' lang='lat' dir='ltr'>qui</span> <span class='ocrx_word' id='word_1_240' title='bbox 1034 2848 1191 2895; x_wconf 91' lang='lat' dir='ltr'>cum</span> <span class='ocrx_word' id='word_1_241' title='bbox 1231 2832 1423 2895; x_wconf 89' lang='lat' dir='ltr'>Petro</span> <span class='ocrx_word' id='word_1_242' title='bbox 1472 2842 1689 2907; x_wconf 89' lang='lat' dir='ltr'>erant,</span> <span class='ocrx_word' id='word_1_243' title='bbox 1745 2828 2176 2897; x_wconf 86' lang='lat' dir='ltr'>circumcisis</span> <span class='ocrx_word' id='word_1_244' title='bbox 2228 2829 2739 2917; x_wconf 84' lang='lat' dir='ltr'>praedicarent,</span> <span class='ocrx_word' id='word_1_245' title='bbox 2795 2829 3081 2898; x_wconf 84' lang='lat' dir='ltr'>descen-</span> 
     </span>
     <span class='ocr_line' id='line_1_30' title="bbox 530 2915 3081 2996; baseline 0.002 -15"><span class='ocrx_word' id='word_1_246' title='bbox 530 2915 781 2983; x_wconf 91' lang='lat' dir='ltr'>derunt</span> <span class='ocrx_word' id='word_1_247' title='bbox 830 2915 1281 2996; x_wconf 78' lang='lat' dir='ltr'>Antiochiam,</span> <span class='ocrx_word' id='word_1_248' title='bbox 1340 2916 1666 2986; x_wconf 89' lang='lat' dir='ltr'>habentes</span> <span class='ocrx_word' id='word_1_249' title='bbox 1702 2922 2001 2985; x_wconf 86' lang='lat' dir='ltr'>Marcum</span> <span class='ocrx_word' id='word_1_250' title='bbox 2066 2918 2486 2987; x_wconf 87' lang='lat' dir='ltr'>ministrum.</span> <span class='ocrx_word' id='word_1_251' title='bbox 2547 2918 2730 2987; x_wconf 88' lang='lat' dir='ltr'>Missi</span> <span class='ocrx_word' id='word_1_252' title='bbox 2772 2931 2998 2986; x_wconf 89' lang='lat' dir='ltr'>autem</span> <span class='ocrx_word' id='word_1_253' title='bbox 3037 2942 3081 2987; x_wconf 85' lang='lat' dir='ltr'>a</span> 
     </span>
     <span class='ocr_line' id='line_1_31' title="bbox 532 3003 3079 3096; baseline 0.002 -27"><span class='ocrx_word' id='word_1_254' title='bbox 532 3003 790 3093; x_wconf 88' lang='lat' dir='ltr'>Spiritu</span> <span class='ocrx_word' id='word_1_255' title='bbox 842 3008 1085 3072; x_wconf 90' lang='lat' dir='ltr'>Sancto</span> <span class='ocrx_word' id='word_1_256' title='bbox 1118 3025 1196 3072; x_wconf 90' lang='lat' dir='ltr'>ex</span> <span class='ocrx_word' id='word_1_257' title='bbox 1249 3005 1419 3074; x_wconf 89' lang='lat' dir='ltr'>urbe</span> <span class='ocrx_word' id='word_1_258' title='bbox 1477 3006 1854 3085; x_wconf 87' lang='lat' dir='ltr'>Antiochia,</span> <span class='ocrx_word' id='word_1_259' title='bbox 1904 3019 2229 3074; x_wconf 89' lang='lat' dir='ltr'>venerunt</span> <span class='ocrx_word' id='word_1_260' title='bbox 2280 3008 2346 3074; x_wconf 89' lang='lat' dir='ltr'>in</span> <span class='ocrx_word' id='word_1_261' title='bbox 2404 3012 2728 3096; x_wconf 83' lang='lat' dir='ltr'>Cyprum,</span> <span class='ocrx_word' id='word_1_262' title='bbox 2769 3020 2834 3074; x_wconf 90' lang='lat' dir='ltr'>et</span> <span class='ocrx_word' id='word_1_263' title='bbox 2869 3019 3079 3076; x_wconf 85' lang='lat' dir='ltr'>totam</span> 
     </span>
     <span class='ocr_line' id='line_1_32' title="bbox 529 3091 3079 3185; baseline 0.002 -26"><span class='ocrx_word' id='word_1_264' title='bbox 529 3091 831 3161; x_wconf 88' lang='lat' dir='ltr'>insulam</span> <span class='ocrx_word' id='word_1_265' title='bbox 879 3107 1351 3182; x_wconf 84' lang='lat' dir='ltr'>peragrarunt,</span> <span class='ocrx_word' id='word_1_266' title='bbox 1395 3094 1745 3163; x_wconf 75' lang='lat' dir='ltr'>Salamina</span> <span class='ocrx_word' id='word_1_267' title='bbox 1782 3096 2089 3183; x_wconf 88' lang='lat' dir='ltr'>Paphum</span> <span class='ocrx_word' id='word_1_268' title='bbox 2124 3117 2365 3181; x_wconf 89' lang='lat' dir='ltr'>usque,</span> <span class='ocrx_word' id='word_1_269' title='bbox 2401 3095 2846 3185; x_wconf 88' lang='lat' dir='ltr'>Evangelium</span> <span class='ocrx_word' id='word_1_270' title='bbox 2886 3117 3079 3184; x_wconf 90' lang='lat' dir='ltr'>prae-</span> 
     </span>
     <span class='ocr_line' id='line_1_33' title="bbox 528 3181 3072 3272; baseline 0.001 -24"><span class='ocrx_word' id='word_1_271' title='bbox 528 3181 860 3260; x_wconf 88' lang='lat' dir='ltr'>dicantes,</span> <span class='ocrx_word' id='word_1_272' title='bbox 915 3195 977 3249; x_wconf 89' lang='lat' dir='ltr'>et</span> <span class='ocrx_word' id='word_1_273' title='bbox 1029 3181 1366 3249; x_wconf 88' lang='lat' dir='ltr'>miracula</span> <span class='ocrx_word' id='word_1_274' title='bbox 1417 3181 1777 3253; x_wconf 85' lang='lat' dir='ltr'>facientes:</span> <span class='ocrx_word' id='word_1_275' title='bbox 1854 3206 1990 3269; x_wconf 92' lang='lat' dir='ltr'>quo</span> <span class='ocrx_word' id='word_1_276' title='bbox 2041 3197 2344 3272; x_wconf 91' lang='lat' dir='ltr'>tempore</span> <span class='ocrx_word' id='word_1_277' title='bbox 2394 3184 2707 3272; x_wconf 66' lang='lat' dir='ltr'>Elymam</span> <span class='ocrx_word' id='word_1_278' title='bbox 2754 3204 3072 3252; x_wconf 83' lang='lat' dir='ltr'>excaeca-</span> 
     </span>
     <span class='ocr_line' id='line_1_34' title="bbox 531 3270 3069 3361; baseline 0.001 -24"><span class='ocrx_word' id='word_1_279' title='bbox 531 3285 713 3347; x_wconf 83' lang='lat' dir='ltr'>runt,</span> <span class='ocrx_word' id='word_1_280' title='bbox 767 3282 831 3338; x_wconf 91' lang='lat' dir='ltr'>et</span> <span class='ocrx_word' id='word_1_281' title='bbox 885 3270 1362 3339; x_wconf 88' lang='lat' dir='ltr'>Proconsulem</span> <span class='ocrx_word' id='word_1_282' title='bbox 1416 3272 1731 3361; x_wconf 88' lang='lat' dir='ltr'>Sergium</span> <span class='ocrx_word' id='word_1_283' title='bbox 1792 3273 2077 3341; x_wconf 89' lang='lat' dir='ltr'>Paulum</span> <span class='ocrx_word' id='word_1_284' title='bbox 2129 3272 2262 3340; x_wconf 81' lang='lat' dir='ltr'>side</span> <span class='ocrx_word' id='word_1_285' title='bbox 2312 3271 2801 3341; x_wconf 89' lang='lat' dir='ltr'>illuminarunt</span> <span class='ocrx_word' id='word_1_286' title='bbox 2846 3273 2875 3359; x_wconf 90' lang='lat'>(</span> <span class='ocrx_word' id='word_1_287' title='bbox 2914 3274 3069 3340; x_wconf 78' lang='lat' dir='ltr'>l‘e‘de</span> 
     </span>
     <span class='ocr_line' id='line_1_35' title="bbox 527 3364 993 3442; baseline 0.002 -17"><span class='ocrx_word' id='word_1_288' title='bbox 527 3364 669 3426; x_wconf 77' lang='lat' dir='ltr'>Act.</span> <span class='ocrx_word' id='word_1_289' title='bbox 709 3381 846 3438; x_wconf 83' lang='lat' dir='ltr'>xm,</span> <span class='ocrx_word' id='word_1_290' title='bbox 901 3365 993 3442; x_wconf 87' lang='lat'>8).</span> 
     </span>
    </p>

    <p class='ocr_par' dir='ltr' id='par_1_4' title="bbox 525 3448 3070 3984">
     <span class='ocr_line' id='line_1_36' title="bbox 614 3448 3070 3539; baseline -0.002 -19"><span class='ocrx_word' id='word_1_291' title='bbox 614 3449 650 3533; x_wconf 67' lang='grc' dir='ltr'><strong>ξ</strong></span> <span class='ocrx_word' id='word_1_292' title='bbox 698 3453 830 3522; x_wconf 80' lang='lat'>11.</span> <span class='ocrx_word' id='word_1_293' title='bbox 880 3454 1112 3517; x_wconf 87' lang='lat' dir='ltr'>Postea</span> <span class='ocrx_word' id='word_1_294' title='bbox 1131 3469 1301 3515; x_wconf 88' lang='lat' dir='ltr'>-vero</span> <span class='ocrx_word' id='word_1_295' title='bbox 1342 3469 1550 3534; x_wconf 89' lang='lat' dir='ltr'>quam</span> <span class='ocrx_word' id='word_1_296' title='bbox 1595 3448 1850 3517; x_wconf 90' lang='lat' dir='ltr'>multos</span> <span class='ocrx_word' id='word_1_297' title='bbox 1899 3449 1981 3517; x_wconf 92' lang='lat' dir='ltr'>ad</span> <span class='ocrx_word' id='word_1_298' title='bbox 2021 3449 2268 3518; x_wconf 83' lang='lat' dir='ltr'>Christi</span> <span class='ocrx_word' id='word_1_299' title='bbox 2307 3449 2752 3539; x_wconf 90' lang='lat' dir='ltr'>disciplinam</span> <span class='ocrx_word' id='word_1_300' title='bbox 2788 3470 3070 3518; x_wconf 87' lang='lat' dir='ltr'>conver-</span> 
     </span>
     <span class='ocr_line' id='line_1_37' title="bbox 527 3536 3067 3627; baseline 0.001 -24"><span class='ocrx_word' id='word_1_301' title='bbox 527 3548 778 3615; x_wconf 86' lang='lat' dir='ltr'>terunt,</span> <span class='ocrx_word' id='word_1_302' title='bbox 834 3559 869 3605; x_wconf 90' lang='lat' dir='ltr'>e</span> <span class='ocrx_word' id='word_1_303' title='bbox 917 3542 1134 3627; x_wconf 78' lang='lat' dir='ltr'>Cypro</span> <span class='ocrx_word' id='word_1_304' title='bbox 1204 3536 1669 3617; x_wconf 87' lang='lat' dir='ltr'>discedentes,</span> <span class='ocrx_word' id='word_1_305' title='bbox 1727 3551 2059 3609; x_wconf 79' lang='lat' dir='ltr'>venerunt</span> <span class='ocrx_word' id='word_1_306' title='bbox 2124 3538 2626 3627; x_wconf 84' lang='lat' dir='ltr'>Pamphyliam.</span> <span class='ocrx_word' id='word_1_307' title='bbox 2690 3542 2855 3607; x_wconf 88' lang='lat' dir='ltr'>Cum</span> <span class='ocrx_word' id='word_1_308' title='bbox 2910 3558 3067 3606; x_wconf 88' lang='lat' dir='ltr'>vero</span> 
     </span>
     <span class='ocr_line' id='line_1_38' title="bbox 527 3624 3067 3717; baseline 0 -25"><span class='ocrx_word' id='word_1_309' title='bbox 527 3631 796 3694; x_wconf 83' lang='lat' dir='ltr'>Marcus</span> <span class='ocrx_word' id='word_1_310' title='bbox 842 3626 988 3715; x_wconf 90' lang='lat' dir='ltr'>ipse</span> <span class='ocrx_word' id='word_1_311' title='bbox 1036 3624 1387 3716; x_wconf 89' lang='lat' dir='ltr'>Apostolos</span> <span class='ocrx_word' id='word_1_312' title='bbox 1436 3625 1718 3695; x_wconf 90' lang='lat' dir='ltr'>vidisset</span> <span class='ocrx_word' id='word_1_313' title='bbox 1752 3649 1872 3715; x_wconf 91' lang='lat' dir='ltr'>pro</span> <span class='ocrx_word' id='word_1_314' title='bbox 1922 3626 2268 3717; x_wconf 87' lang='lat' dir='ltr'>Evangelii</span> <span class='ocrx_word' id='word_1_315' title='bbox 2328 3626 2834 3716; x_wconf 89' lang='lat' dir='ltr'>praedicatione</span> <span class='ocrx_word' id='word_1_316' title='bbox 2885 3627 3067 3715; x_wconf 90' lang='lat' dir='ltr'>peri-</span> 
     </span>
     <span class='ocr_line' id='line_1_39' title="bbox 525 3714 3067 3800; baseline 0 -18"><span class='ocrx_word' id='word_1_317' title='bbox 525 3714 683 3783; x_wconf 90' lang='lat' dir='ltr'>cula</span> <span class='ocrx_word' id='word_1_318' title='bbox 718 3714 1111 3793; x_wconf 89' lang='lat' dir='ltr'>subeuntes,</span> <span class='ocrx_word' id='word_1_319' title='bbox 1156 3737 1374 3800; x_wconf 90' lang='lat' dir='ltr'>neque</span> <span class='ocrx_word' id='word_1_320' title='bbox 1422 3715 1665 3784; x_wconf 91' lang='lat' dir='ltr'>honori</span> <span class='ocrx_word' id='word_1_321' title='bbox 1717 3716 2091 3793; x_wconf 87' lang='lat' dir='ltr'>studentes,</span> <span class='ocrx_word' id='word_1_322' title='bbox 2132 3716 2247 3784; x_wconf 91' lang='lat' dir='ltr'>sed</span> <span class='ocrx_word' id='word_1_323' title='bbox 2299 3716 2572 3784; x_wconf 91' lang='lat' dir='ltr'>brevem</span> <span class='ocrx_word' id='word_1_324' title='bbox 2616 3727 2680 3784; x_wconf 86' lang='lat' dir='ltr'>et</span> <span class='ocrx_word' id='word_1_325' title='bbox 2729 3714 3067 3784; x_wconf 88' lang='lat' dir='ltr'>caducam</span> 
     </span>
     <span class='ocr_line' id='line_1_40' title="bbox 526 3794 3067 3904; baseline 0 -34"><span class='ocrx_word' id='word_1_326' title='bbox 526 3803 703 3872; x_wconf 91' lang='lat' dir='ltr'>hanc</span> <span class='ocrx_word' id='word_1_327' title='bbox 753 3804 1043 3904; x_wconf 87' lang='lat' dir='ltr'>gloriam</span> <span class='ocrx_word' id='word_1_328' title='bbox 1079 3803 1652 3890; x_wconf 86' lang='lat' dir='ltr'>derelinquentes,</span> <span class='ocrx_word' id='word_1_329' title='bbox 1708 3804 1791 3873; x_wconf 93' lang='lat' dir='ltr'>ad</span> <span class='ocrx_word' id='word_1_330' title='bbox 1831 3804 2088 3874; x_wconf 90' lang='lat' dir='ltr'>bellum</span> <span class='ocrx_word' id='word_1_331' title='bbox 2125 3794 2362 3873; x_wconf 74' lang='lat' dir='ltr'>c⁸ontra</span> <span class='ocrx_word' id='word_1_332' title='bbox 2394 3804 2711 3873; x_wconf 87' lang='lat' dir='ltr'>infideles</span> <span class='ocrx_word' id='word_1_333' title='bbox 2751 3804 3067 3872; x_wconf 87' lang='lat' dir='ltr'>homines</span> 
     </span>
     <span class='ocr_line' id='line_1_41' title="bbox 525 3892 3068 3984; baseline 0 -25"><span class='ocrx_word' id='word_1_334' title='bbox 525 3892 1043 3984; x_wconf 81' lang='lat' dir='ltr'>susciplendum</span> <span class='ocrx_word' id='word_1_335' title='bbox 1109 3914 1495 3983; x_wconf 88' lang='lat' dir='ltr'>properare,</span> <span class='ocrx_word' id='word_1_336' title='bbox 1550 3894 1701 3982; x_wconf 90' lang='lat' dir='ltr'>ipse</span> <span class='ocrx_word' id='word_1_337' title='bbox 1765 3893 1849 3961; x_wconf 89' lang='lat' dir='ltr'>ad</span> <span class='ocrx_word' id='word_1_338' title='bbox 1904 3894 2205 3982; x_wconf 82' lang='lat' dir='ltr'>pericula</span> <span class='ocrx_word' id='word_1_339' title='bbox 2258 3892 2629 3963; x_wconf 87' lang='lat' dir='ltr'>subeunda</span> <span class='ocrx_word' id='word_1_340' title='bbox 2678 3892 3068 3961; x_wconf 89' lang='lat' dir='ltr'>claudicare</span> 
     </span>
    </p>
   </div>
   <div class='ocr_carea' id='block_1_3' title="bbox 519 4036 3073 4518">
    <p class='ocr_par' dir='ltr' id='par_1_5' title="bbox 519 4036 3073 4461">
     <span class='ocr_line' id='line_1_42' title="bbox 579 4036 3072 4085; baseline -0.003 -4"><span class='ocrx_word' id='word_1_341' title='bbox 579 4042 639 4085; x_wconf 77' lang='grc' dir='ltr'>(α)</span> <span class='ocrx_word' id='word_1_342' title='bbox 669 4040 783 4079; x_wconf 73' lang='lat' dir='ltr'>Inde</span> <span class='ocrx_word' id='word_1_343' title='bbox 811 4040 1127 4079; x_wconf 67' lang='lat' dir='ltr'>Mediolanum</span> <span class='ocrx_word' id='word_1_344' title='bbox 1157 4040 1269 4079; x_wconf 84' lang='lat' dir='ltr'>tunc</span> <span class='ocrx_word' id='word_1_345' title='bbox 1299 4039 1472 4078; x_wconf 69' lang='lat' dir='ltr'>Romae</span> <span class='ocrx_word' id='word_1_346' title='bbox 1502 4038 1687 4078; x_wconf 70' lang='lat' dir='ltr'>tantum</span> <span class='ocrx_word' id='word_1_347' title='bbox 1719 4036 1766 4077; x_wconf 88' lang='lat' dir='ltr'>in</span> <span class='ocrx_word' id='word_1_348' title='bbox 1796 4038 1932 4077; x_wconf 72' lang='lat' dir='ltr'>Italia</span> <span class='ocrx_word' id='word_1_349' title='bbox 1961 4039 2213 4078; x_wconf 74' lang='lat' dir='ltr'>secundam</span> <span class='ocrx_word' id='word_1_350' title='bbox 2234 4038 2423 4078; x_wconf 83' lang='lat' dir='ltr'>venisse</span> <span class='ocrx_word' id='word_1_351' title='bbox 2444 4039 2493 4077; x_wconf 83' lang='lat' dir='ltr'>et</span> <span class='ocrx_word' id='word_1_352' title='bbox 2512 4038 2631 4077; x_wconf 77' lang='lat' dir='ltr'>hanc</span> <span class='ocrx_word' id='word_1_353' title='bbox 2650 4037 2972 4085; x_wconf 78' lang='lat' dir='ltr'>pet-illustrem</span> <span class='ocrx_word' id='word_1_354' title='bbox 2991 4036 3072 4075; x_wconf 78' lang='lat' dir='ltr'>Ec-</span> 
     </span>
     <span class='ocr_line' id='line_1_43' title="bbox 522 4090 3073 4141; baseline -0.002 -9"><span class='ocrx_word' id='word_1_355' title='bbox 522 4091 731 4137; x_wconf 72' lang='lat' dir='ltr'>clesiam,</span> <span class='ocrx_word' id='word_1_356' title='bbox 761 4094 884 4132; x_wconf 73' lang='lat' dir='ltr'>circs</span> <span class='ocrx_word' id='word_1_357' title='bbox 913 4102 1086 4132; x_wconf 73' lang='lat' dir='ltr'>annum</span> <span class='ocrx_word' id='word_1_358' title='bbox 1114 4093 1222 4133; x_wconf 84' lang='lat' dir='ltr'>Chr.</span> <span class='ocrx_word' id='word_1_359' title='bbox 1251 4102 1332 4131; x_wconf 77' lang='lat' dir='ltr'>mu</span> <span class='ocrx_word' id='word_1_360' title='bbox 1362 4092 1435 4131; x_wconf 83' lang='lat' dir='ltr'>vel</span> <span class='ocrx_word' id='word_1_361' title='bbox 1466 4093 1626 4140; x_wconf 72' lang='lat' dir='ltr'>paullo</span> <span class='ocrx_word' id='word_1_362' title='bbox 1655 4094 1763 4140; x_wconf 73' lang='lat' dir='ltr'>post</span> <span class='ocrx_word' id='word_1_363' title='bbox 1804 4093 2069 4131; x_wconf 70' lang='lat' dir='ltr'>instituisse</span> <span class='ocrx_word' id='word_1_364' title='bbox 2102 4092 2239 4140; x_wconf 71' lang='lat' dir='ltr'>plura</span> <span class='ocrx_word' id='word_1_365' title='bbox 2279 4101 2448 4141; x_wconf 66' lang='lat' dir='ltr'>gracco</span> <span class='ocrx_word' id='word_1_366' title='bbox 2478 4101 2623 4140; x_wconf 71' lang='lat' dir='ltr'>neque</span> <span class='ocrx_word' id='word_1_367' title='bbox 2657 4100 2708 4129; x_wconf 72' lang='lat' dir='ltr'>ac</span> <span class='ocrx_word' id='word_1_368' title='bbox 2737 4090 2884 4130; x_wconf 72' lang='lat' dir='ltr'>latins</span> <span class='ocrx_word' id='word_1_369' title='bbox 2911 4099 3073 4129; x_wconf 82' lang='lat' dir='ltr'>monu-</span> 
     </span>
     <span class='ocr_line' id='line_1_44' title="bbox 522 4143 3071 4192; baseline -0.001 -6"><span class='ocrx_word' id='word_1_370' title='bbox 522 4148 680 4186; x_wconf 73' lang='lat' dir='ltr'>menta</span> <span class='ocrx_word' id='word_1_371' title='bbox 708 4149 955 4185; x_wconf 65' lang='lat' dir='ltr'>testentur.</span> <span class='ocrx_word' id='word_1_372' title='bbox 987 4145 1100 4186; x_wconf 70' lang='lat' dir='ltr'>Vide</span> <span class='ocrx_word' id='word_1_373' title='bbox 1130 4147 1215 4186; x_wconf 80' lang='lat' dir='ltr'>hsc</span> <span class='ocrx_word' id='word_1_374' title='bbox 1245 4147 1303 4185; x_wconf 84' lang='lat' dir='ltr'>de</span> <span class='ocrx_word' id='word_1_375' title='bbox 1333 4156 1383 4185; x_wconf 85' lang='lat' dir='ltr'>re</span> <span class='ocrx_word' id='word_1_376' title='bbox 1412 4147 1683 4185; x_wconf 76' lang='lat' dir='ltr'>Sermonem</span> <span class='ocrx_word' id='word_1_377' title='bbox 1707 4146 1815 4185; x_wconf 82' lang='lat' dir='ltr'>Vcn.</span> <span class='ocrx_word' id='word_1_378' title='bbox 1838 4146 1987 4185; x_wconf 71' lang='lat' dir='ltr'>Bedne</span> <span class='ocrx_word' id='word_1_379' title='bbox 2009 4143 2057 4184; x_wconf 89' lang='lat' dir='ltr'>in</span> <span class='ocrx_word' id='word_1_380' title='bbox 2081 4146 2267 4186; x_wconf 71' lang='lat' dir='ltr'>laudem</span> <span class='ocrx_word' id='word_1_381' title='bbox 2288 4146 2331 4183; x_wconf 84' lang='lat' dir='ltr'>S.</span> <span class='ocrx_word' id='word_1_382' title='bbox 2356 4146 2596 4185; x_wconf 66' lang='lat' dir='ltr'>Barnabae</span> <span class='ocrx_word' id='word_1_383' title='bbox 2615 4154 2714 4191; x_wconf 76' lang='lat' dir='ltr'>cap.</span> <span class='ocrx_word' id='word_1_384' title='bbox 2733 4144 2771 4187; x_wconf 78' lang='lat'>9.</span> <span class='ocrx_word' id='word_1_385' title='bbox 2790 4146 2931 4192; x_wconf 67' lang='lat' dir='ltr'>atque</span> <span class='ocrx_word' id='word_1_386' title='bbox 2949 4144 3071 4184; x_wconf 84' lang='lat' dir='ltr'>Hist.</span> 
     </span>
     <span class='ocr_line' id='line_1_45' title="bbox 521 4194 3072 4249; baseline -0.002 -10"><span class='ocrx_word' id='word_1_387' title='bbox 521 4201 767 4240; x_wconf 68' lang='lat' dir='ltr'>Datisnam</span> <span class='ocrx_word' id='word_1_388' title='bbox 796 4199 983 4249; x_wconf 69' lang='lat' dir='ltr'>passim.</span> <span class='ocrx_word' id='word_1_389' title='bbox 1014 4201 1231 4249; x_wconf 81' lang='lat' dir='ltr'>Quinque</span> <span class='ocrx_word' id='word_1_390' title='bbox 1261 4199 1336 4238; x_wconf 79' lang='lat' dir='ltr'>vel</span> <span class='ocrx_word' id='word_1_391' title='bbox 1367 4199 1424 4238; x_wconf 66' lang='lat' dir='ltr'>ed</span> <span class='ocrx_word' id='word_1_392' title='bbox 1454 4208 1695 4238; x_wconf 87' lang='lat' dir='ltr'>summum</span> <span class='ocrx_word' id='word_1_393' title='bbox 1722 4200 1903 4247; x_wconf 78' lang='lat' dir='ltr'>septem</span> <span class='ocrx_word' id='word_1_394' title='bbox 1933 4208 2078 4239; x_wconf 81' lang='lat' dir='ltr'>snnos</span> <span class='ocrx_word' id='word_1_395' title='bbox 2106 4199 2295 4238; x_wconf 77' lang='lat' dir='ltr'>videtur</span> <span class='ocrx_word' id='word_1_396' title='bbox 2325 4199 2367 4238; x_wconf 79' lang='lat' dir='ltr'>S.</span> <span class='ocrx_word' id='word_1_397' title='bbox 2390 4199 2647 4246; x_wconf 74' lang='lat' dir='ltr'>Apostolus</span> <span class='ocrx_word' id='word_1_398' title='bbox 2667 4194 2715 4236; x_wconf 88' lang='lat' dir='ltr'>in</span> <span class='ocrx_word' id='word_1_399' title='bbox 2734 4197 2954 4236; x_wconf 73' lang='lat' dir='ltr'>Insubris</span> <span class='ocrx_word' id='word_1_400' title='bbox 2973 4206 3072 4235; x_wconf 82' lang='lat' dir='ltr'>ver·</span> 
     </span>
     <span class='ocr_line' id='line_1_46' title="bbox 520 4247 3066 4302; baseline -0.002 -10"><span class='ocrx_word' id='word_1_401' title='bbox 520 4255 652 4293; x_wconf 72' lang='lat' dir='ltr'>satus</span> <span class='ocrx_word' id='word_1_402' title='bbox 681 4254 894 4293; x_wconf 79' lang='lat' dir='ltr'>diversos</span> <span class='ocrx_word' id='word_1_403' title='bbox 922 4254 1141 4294; x_wconf 83' lang='lat' dir='ltr'>erudiens</span> <span class='ocrx_word' id='word_1_404' title='bbox 1172 4251 1578 4293; x_wconf 74' lang='lat' dir='ltr'>circumsistentes</span> <span class='ocrx_word' id='word_1_405' title='bbox 1607 4253 1821 4302; x_wconf 80' lang='lat' dir='ltr'>populos,</span> <span class='ocrx_word' id='word_1_406' title='bbox 1850 4253 1927 4293; x_wconf 81' lang='lat' dir='ltr'>vel</span> <span class='ocrx_word' id='word_1_407' title='bbox 1956 4262 2037 4301; x_wconf 84' lang='lat' dir='ltr'>per</span> <span class='ocrx_word' id='word_1_408' title='bbox 2068 4261 2117 4291; x_wconf 78' lang='lat' dir='ltr'>se</span> <span class='ocrx_word' id='word_1_409' title='bbox 2155 4253 2231 4292; x_wconf 81' lang='lat' dir='ltr'>vel</span> <span class='ocrx_word' id='word_1_410' title='bbox 2274 4261 2356 4300; x_wconf 83' lang='lat' dir='ltr'>per</span> <span class='ocrx_word' id='word_1_411' title='bbox 2394 4250 2583 4292; x_wconf 83' lang='lat' dir='ltr'>idoncos</span> <span class='ocrx_word' id='word_1_412' title='bbox 2638 4247 2892 4291; x_wconf 75' lang='lat' dir='ltr'>ministros.</span> <span class='ocrx_word' id='word_1_413' title='bbox 2921 4248 3066 4289; x_wconf 80' lang='lat' dir='ltr'>Primi</span> 
     </span>
     <span class='ocr_line' id='line_1_47' title="bbox 519 4303 3069 4355; baseline -0.002 -10"><span class='ocrx_word' id='word_1_414' title='bbox 519 4310 633 4346; x_wconf 78' lang='lat' dir='ltr'>tunc</span> <span class='ocrx_word' id='word_1_415' title='bbox 663 4304 770 4355; x_wconf 73' lang='lat' dir='ltr'>post</span> <span class='ocrx_word' id='word_1_416' title='bbox 797 4307 1169 4348; x_wconf 72' lang='lat' dir='ltr'>Mediolanenses</span> <span class='ocrx_word' id='word_1_417' title='bbox 1200 4306 1457 4345; x_wconf 80' lang='lat' dir='ltr'>creduntur</span> <span class='ocrx_word' id='word_1_418' title='bbox 1485 4306 1574 4345; x_wconf 76' lang='lat' dir='ltr'>fide</span> <span class='ocrx_word' id='word_1_419' title='bbox 1604 4307 1787 4349; x_wconf 80' lang='lat' dir='ltr'>imbuti.</span> <span class='ocrx_word' id='word_1_420' title='bbox 1817 4308 2187 4347; x_wconf 70' lang='lat' dir='ltr'>Cenomanorum</span> <span class='ocrx_word' id='word_1_421' title='bbox 2217 4306 2418 4349; x_wconf 75' lang='lat' dir='ltr'>colonis,</span> <span class='ocrx_word' id='word_1_422' title='bbox 2439 4305 2721 4348; x_wconf 81' lang='lat' dir='ltr'>Brixienses,</span> <span class='ocrx_word' id='word_1_423' title='bbox 2742 4304 2799 4343; x_wconf 72' lang='lat' dir='ltr'>ad</span> <span class='ocrx_word' id='word_1_424' title='bbox 2820 4312 2940 4352; x_wconf 81' lang='lat' dir='ltr'>quos</span> <span class='ocrx_word' id='word_1_425' title='bbox 2959 4303 3069 4342; x_wconf 78' lang='lat' dir='ltr'>Bar-</span> 
     </span>
     <span class='ocr_line' id='line_1_48' title="bbox 521 4356 3069 4409; baseline -0.002 -10"><span class='ocrx_word' id='word_1_426' title='bbox 521 4361 666 4400; x_wconf 73' lang='lat' dir='ltr'>nabas</span> <span class='ocrx_word' id='word_1_427' title='bbox 695 4360 1032 4402; x_wconf 71' lang='lat' dir='ltr'>Anathslonem</span> <span class='ocrx_word' id='word_1_428' title='bbox 1060 4362 1192 4401; x_wconf 77' lang='lat' dir='ltr'>misit</span> <span class='ocrx_word' id='word_1_429' title='bbox 1219 4359 1540 4409; x_wconf 66' lang='lat' dir='ltr'>evangelicum</span> <span class='ocrx_word' id='word_1_430' title='bbox 1568 4356 1727 4399; x_wconf 76' lang='lat' dir='ltr'>virum</span> <span class='ocrx_word' id='word_1_431' title='bbox 1755 4369 1894 4407; x_wconf 88' lang='lat' dir='ltr'>quem</span> <span class='ocrx_word' id='word_1_432' title='bbox 1929 4369 1954 4399; x_wconf 92' lang='lat' dir='ltr'>e</span> <span class='ocrx_word' id='word_1_433' title='bbox 1975 4360 2169 4399; x_wconf 71' lang='lat' dir='ltr'>Graecis</span> <span class='ocrx_word' id='word_1_434' title='bbox 2187 4367 2347 4399; x_wconf 82' lang='lat' dir='ltr'>seeum</span> <span class='ocrx_word' id='word_1_435' title='bbox 2368 4358 2586 4399; x_wconf 69' lang='lat' dir='ltr'>diuet-st:</span> <span class='ocrx_word' id='word_1_436' title='bbox 2615 4358 2699 4406; x_wconf 86' lang='lat' dir='ltr'>qui</span> <span class='ocrx_word' id='word_1_437' title='bbox 2717 4356 2957 4397; x_wconf 65' lang='lat' dir='ltr'>Barnabae</span> <span class='ocrx_word' id='word_1_438' title='bbox 2975 4358 3069 4405; x_wconf 82' lang='lat' dir='ltr'>ipsi</span> 
     </span>
     <span class='ocr_line' id='line_1_49' title="bbox 521 4411 2260 4461; baseline -0.001 -8"><span class='ocrx_word' id='word_1_439' title='bbox 521 4415 572 4454; x_wconf 86' lang='lat' dir='ltr'>in</span> <span class='ocrx_word' id='word_1_440' title='bbox 589 4414 930 4455; x_wconf 77' lang='lat' dir='ltr'>Mediolanensi</span> <span class='ocrx_word' id='word_1_441' title='bbox 950 4415 1070 4454; x_wconf 79' lang='lat' dir='ltr'>Sede</span> <span class='ocrx_word' id='word_1_442' title='bbox 1090 4411 1359 4454; x_wconf 73' lang='lat' dir='ltr'>immediate</span> <span class='ocrx_word' id='word_1_443' title='bbox 1380 4413 1612 4453; x_wconf 77' lang='lat' dir='ltr'>successit</span> <span class='ocrx_word' id='word_1_444' title='bbox 1631 4413 1754 4459; x_wconf 75' lang='lat' dir='ltr'>(vide</span> <span class='ocrx_word' id='word_1_445' title='bbox 1777 4413 1833 4452; x_wconf 70' lang='lat' dir='ltr'>ad</span> <span class='ocrx_word' id='word_1_446' title='bbox 1854 4413 1976 4453; x_wconf 85' lang='lat' dir='ltr'>diem</span> <span class='ocrx_word' id='word_1_447' title='bbox 1999 4421 2093 4452; x_wconf 79' lang='lat' dir='ltr'>xxv</span> <span class='ocrx_word' id='word_1_448' title='bbox 2113 4415 2260 4461; x_wconf 54' lang='lat' dir='ltr'>nepa).</span> 
     </span>
    </p>

    <p class='ocr_par' dir='ltr' id='par_1_6' title="bbox 573 4461 2827 4518">
     <span class='ocr_line' id='line_1_50' title="bbox 573 4461 2827 4518; baseline -0.004 -8"><span class='ocrx_word' id='word_1_449' title='bbox 573 4468 596 4489; x_wconf 70' lang='lat'><strong>⁹</strong></span> <span class='ocrx_word' id='word_1_450' title='bbox 627 4468 730 4510; x_wconf 78' lang='lat' dir='ltr'>Non</span> <span class='ocrx_word' id='word_1_451' title='bbox 750 4479 776 4509; x_wconf 83' lang='lat' dir='ltr'>a</span> <span class='ocrx_word' id='word_1_452' title='bbox 795 4466 1013 4518; x_wconf 70' lang='lat' dir='ltr'>passione</span> <span class='ocrx_word' id='word_1_453' title='bbox 1032 4467 1218 4511; x_wconf 82' lang='lat' dir='ltr'>Domini</span> <span class='ocrx_word' id='word_1_454' title='bbox 1238 4468 1349 4508; x_wconf 81' lang='lat' dir='ltr'>sunt</span> <span class='ocrx_word' id='word_1_455' title='bbox 1372 4467 1425 4508; x_wconf 72' lang='lat'>14</span> <span class='ocrx_word' id='word_1_456' title='bbox 1445 4467 1555 4507; x_wconf 67' lang='lat' dir='ltr'>enni</span> <span class='ocrx_word' id='word_1_457' title='bbox 1576 4466 1894 4516; x_wconf 66' lang='lat' dir='ltr'>computandi,</span> <span class='ocrx_word' id='word_1_458' title='bbox 1913 4467 1998 4508; x_wconf 81' lang='lat' dir='ltr'>sed</span> <span class='ocrx_word' id='word_1_459' title='bbox 2018 4476 2045 4506; x_wconf 75' lang='lat' dir='ltr'>s</span> <span class='ocrx_word' id='word_1_460' title='bbox 2063 4466 2219 4507; x_wconf 84' lang='lat' dir='ltr'>reditu</span> <span class='ocrx_word' id='word_1_461' title='bbox 2243 4464 2395 4516; x_wconf 80' lang='lat' dir='ltr'>ipsius</span> <span class='ocrx_word' id='word_1_462' title='bbox 2417 4464 2552 4506; x_wconf 71' lang='lat' dir='ltr'>Pauli</span> <span class='ocrx_word' id='word_1_463' title='bbox 2571 4473 2628 4505; x_wconf 76' lang='lat' dir='ltr'>ex</span> <span class='ocrx_word' id='word_1_464' title='bbox 2647 4461 2827 4504; x_wconf 66' lang='lat' dir='ltr'>Arabis.</span> 
     </span>
    </p>
   </div>
  </div>
 </body>
</html>
