3357 4995
718 312 846 377 650
1491 329 1570 376 ως
1608 328 1664 375 s,
1719 327 1920 376 muno
1966 327 2281 377 Arosroto
2802 309 3021 377 JUNII
3073 312 3164 377 29

629 413 1075 503 aspiciebant,
1116 411 1233 483 sed
1280 411 1609 500 quoniam
1639 412 2056 504 cogitabant,
2092 435 2304 502 quam
2338 411 2591 483 multos
2617 411 2733 482 ille
2763 425 2942 483 esset
2982 412 3164 483 edu-

627 512 869 573 cturus
915 523 953 572 e
990 500 1311 571 tenebris.

716 592 754 679 §
800 596 894 663 θ.
948 595 1308 680 Propterea
1330 611 1456 681 ego
1485 611 1761 678 quoque
1808 590 1964 662 aliis
1995 589 2322 661 omnibus
2360 587 2693 671 dimissis
2736 589 2822 659 ad
2859 590 3157 661 Paulum

627 678 863 770 exilire
909 677 1271 749 contend0.
1325 678 1580 749 Paulus
1643 679 1856 760 enim,
1912 691 1979 748 et
2028 677 2224 750 Pauli
2285 677 2707 748 desiderium
2758 679 2983 770 coegit
3031 701 3162 749 nos

629 768 816 838 hunc
865 767 1086 837 facere
1134 766 1413 839 saltum.
1475 767 1637 847 Quis
1700 772 2008 860 loquetur
2061 769 2392 858 potentias
2454 778 2631 847 tuas,
2680 768 3016 857 Domine(
3051 773 3165 838 Em

626 859 810 927 Psal.
850 862 978 926 ⁴06
1010 855 1059 944 ).
1113 855 1452 938 Quoniam
1502 877 1636 926 non
1687 856 1905 925 sivisti
1940 855 2230 927 Paulum
2282 854 2517 938 latere,
2568 855 2895 943 quoniam
2950 856 3163 927 talem

630 946 852 1016 virum
903 944 1261 1015 ostendisti
1307 944 1456 1015 orbi
1501 957 1744 1015 terrae.
1797 944 2275 1015 Laudaverunt
2327 957 2390 1014 te
2437 966 2677 1016 omnes
2725 944 2965 1035 Angcli
3014 967 3161 1016 uno

627 1034 884 1115 animo,
938 1033 1217 1120 quando
1264 1046 1449 1104 astra
1495 1033 1740 1115 fecisti,
1800 1046 1867 1103 et
1911 1032 2190 1122 quando
2239 1032 2500 1103 Solem:
2553 1031 2672 1103 sed
2710 1055 2844 1102 non
2896 1035 3020 1116 sic,
3079 1045 3162 1104 ut

675 1122 907 1193 uando
936 1121 1228 1192 Paulum
1283 1121 1640 1193 ostendisti
1692 1122 2014 1194 universo
2059 1121 2210 1192 orbi
2260 1135 2498 1192 terrae.
2552 1127 2906 1212 Propterea
2979 1136 3165 1193 terra

653 1211 756 1281 uit
801 1211 989 1282 coelo
1036 1209 1297 1290 laetior,
1348 1210 1676 1298 quoniam
1727 1210 1839 1281 hic
1871 1224 1973 1281 est
2000 1210 2238 1282 laetior
2284 1210 2491 1280 solari
2526 1210 2704 1280 luce.
2740 1216 2817 1280 Et
2860 1211 2974 1282 hic
3005 1212 3166 1299 qui-

627 1300 783 1369 dem
827 1299 937 1370 Sol
985 1299 1165 1369 cedit
1196 1299 1420 1369 nocti:
1474 1298 1591 1369 ille
1636 1311 1867 1370 autem
1918 1299 2266 1390 superavit
2296 1298 2678 1370 diabolum.
2718 1304 2795 1368 Et
2841 1300 2954 1369 hic
3000 1301 3161 1387 qui-

632 1388 789 1458 dem
826 1388 891 1457 in
944 1388 1081 1458 alto
1129 1386 1365 1469 fertur,
1429 1400 1494 1457 et
1541 1386 1862 1458 deorsum
1914 1387 2222 1458 immittit
2270 1386 2544 1459 radios:
2598 1387 2715 1457 ille
2775 1400 3004 1459 autem
3057 1390 3167 1457 in-

627 1476 815 1547 ferne
861 1476 1114 1557 oriens,
1170 1497 1304 1546 non
1342 1476 1646 1546 medium
1682 1476 1855 1547 coeli
1883 1489 1949 1547 et
1988 1489 2206 1548 terrae
2237 1475 2389 1546 luce
2429 1475 2777 1566 implevit:
2817 1476 2934 1546 sed
2986 1489 3163 1546 etos

628 1566 943 1656 aperuit,
996 1576 1062 1635 et
1098 1564 1388 1655 Angelos
1436 1587 1691 1666 magna
1737 1565 2046 1656 implevit
2102 1564 2470 1656 voluptate.
2517 1565 2586 1634 Si
2640 1564 2829 1635 enim
2888 1578 3169 1655 propter

627 1676 850 1754 unum
902 1666 1327 1755 peccatorem
1368 1654 1857 1756 poenitentiam
1915 1666 2228 1745 agentem
2278 1668 2379 1755 est
2412 1653 2747 1755 gaudium
2798 1655 2869 1723 in
2918 1655 3169 1755 coeli5,·

639 1764 788 1832 ipse
835 1763 992 1811 vero
1029 1763 1107 1811 ex
1137 1763 1360 1831 pr1ma
1398 1764 1726 1813 concione
1759 1756 2041 1814 venatus
2079 1755 2181 1813 est
2217 1764 2526 1830 qumque
2566 1764 2869 1812 v1rorum
2904 1766 3168 1832 myria-

628 1831 772 1911 deS,
825 1830 1411 1917 quemadmodum
1448 1831 1838 1922 superiores
1887 1832 2168 1902 virtutes
2200 1830 2457 1922 gaudio
2492 1852 2628 1901 non
2679 1829 2995 1921 implebit
3053 1833 3167 1901 in-

630 1919 874 1989 finito?
906 1919 1082 2002 Quid
1116 1932 1340 1989 autem
1381 1920 1581 1989 dico?
1611 1919 1876 1992 Sufficit
1923 1920 2177 1991 Paulus
2215 1919 2649 1991 solummodo
2672 1919 3040 2007 loquend0‚
3074 1921 3166 1990 ad

631 2006 1070 2079 efficiendum
1122 2020 1199 2078 ut
1243 2007 1413 2078 coeli
1446 2008 1750 2079 exultent
1808 2022 1874 2079 et
1919 2009 2274 2079 laetentur.
2329 2008 2506 2092 Quid
2555 2010 2737 2078 enim
2793 2021 2897 2079 est
2951 2009 3169 2102 hujus

502 2160 516 2171 .
634 2096 1015 2167 visceribus
1064 2096 1456 2179 ferventiuS,
1493 2098 1614 2184 qui
1661 2109 1878 2166 totum
1929 2098 2162 2168 orbem
2215 2112 2430 2167 terrae
2479 2097 2819 2188 percurrit
2873 2111 3162 2181 tractuS,

630 2184 979 2343 {iapidiburs
1025 2186 1391 2276 appetituS,
1443 2199 1521 2256 ut
1572 2186 1844 2257 vinctus
1874 2199 1938 2257 et
1971 2187 2231 2255 vinctos
2282 2185 2590 2266 solveret,
2647 2198 2713 2255 et
2761 2186 2846 2256 ad
2897 2208 2971 2258 se
3031 2201 3171 2257 tra-

680 2286 910 2344 uceret

719 2371 756 2444 5
801 2367 875 2433 ⁸².
934 2367 1162 2449 Neque
1208 2362 1391 2432 enim
1429 2377 1757 2451 tanquam
1810 2384 2131 2453 pugnans
2179 2362 2278 2432 sic
2328 2385 2434 2433 res
2475 2362 2789 2444 confecit,
2845 2364 2966 2434 sed
3007 2377 3164 2435 tan-

630 2474 835 2540 quam
888 2451 970 2521 ad
1027 2463 1413 2542 promptam
1475 2462 1540 2521 et
1616 2464 1923 2543 paratam
2003 2452 2280 2522 veniens
2341 2452 2733 2535 victoriam,
2787 2452 2886 2523 sic
2950 2455 3160 2524 erexit

633 2541 978 2631 trophaea,
1031 2539 1431 2622 destruenS,
1500 2540 1833 2621 diruens,
1899 2540 2229 2631 dejiciens
2277 2541 2533 2612 diaboli
2597 2542 3046 2625 munitiones,
3099 2553 3161 2613 et

634 2629 992 2700 machinas
1039 2628 1479 2698 daemonum.
1534 2634 1611 2698 Et
1661 2651 1880 2716 neque
1932 2653 2178 2720 parum
2236 2630 2517 2718 quidem
2574 2632 3004 2721 respirabat,
3076 2632 3162 2701 ab

635 2718 741 2789 his
788 2717 870 2786 ad
904 2717 1080 2799 illos,
1118 2730 1183 2786 et
1233 2739 1474 2788 rursus
1502 2720 1590 2789 ab
1636 2717 1778 2787 illis
1804 2718 1890 2787 ad
1939 2719 2111 2788 alios
2163 2717 2577 2799 transiliens,
2619 2731 2950 2807 tanquam
2982 2722 3165 2810 opti-

633 2828 789 2875 mus
837 2806 1089 2893 aliquis
1138 2811 1560 2895 Imperator,
1612 2807 1921 2894 quotidie
1970 2807 2292 2908 trophaea
2354 2808 2626 2898 erigens
2670 2821 2738 2878 et
2794 2809 3114 2879 victorias
3143 2864 3159 2889 ,

634 2894 737 2963 vel
775 2895 1003 2983 potius
1051 2895 1240 2964 horis
1302 2895 1621 2986 singulis.
1676 2896 1935 2966 Tunica
1981 2917 2164 2965 enim
2216 2894 2363 2965 sola
2419 2894 2706 2966 indutus
2753 2898 3036 2967 veniens
3091 2898 3163 2967 in

632 2983 875 3065 aciem,
927 3006 1088 3053 cum
1139 2983 1313 3073 ipsis
1360 2984 1523 3054 viris
1561 2984 1875 3073 capiebat
1908 2984 2114 3054 urbes
2161 2984 2739 3066 adversariorum,
2797 2986 3069 3073 telaque
3098 2999 3166 3055 et

633 3070 931 3142 lanceas.
986 3077 1062 3142 Et
1108 3072 1342 3141 omnia
1368 3072 1608 3173 lingua
1654 3072 1872 3142 Pauli.
1907 3073 2139 3142 Solum
2173 3073 2356 3142 enim
2400 3073 2832 3160 loquebatur,
2871 3088 2934 3144 et
2971 3074 3166 3143 illius

636 3162 862 3240 verba,
898 3161 1096 3249 quasi
1130 3161 1312 3250 ignis
1346 3162 1685 3231 fluxiones
1718 3161 1786 3230 in
1817 3162 2044 3230 hostes
2074 3161 2479 3241 incidentes,
2515 3160 2849 3263 fugabant
2878 3161 3166 3251 quidem

636 3247 1029 3330 daemoneS,
1063 3262 1129 3318 et
1173 3271 1311 3330 eos,
1364 3249 1484 3337 qui
1531 3250 1618 3319 ab
1667 3249 1839 3340 ipsis
1886 3249 2390 3331 detinebantur,
2428 3251 2745 3321 homines
2793 3252 2878 3321 ad
2925 3251 3165 3342 ipsum

639 3336 1091 3408 deducebant.
1146 3339 1431 3421 Quando
1463 3339 1647 3408 enim
1694 3338 1953 3408 malurn
1998 3337 2194 3407 illum
2245 3339 2440 3429 ejecit
2486 3337 2918 3421 daemonem,
2956 3340 3169 3428 quin-

635 3445 769 3513 que
803 3426 1394 3517 praestigiatorum
1444 3441 1509 3497 et
1558 3425 2028 3497 maleficorum
2074 3427 2435 3497 hominum
2485 3428 2968 3498 convenientes
3017 3450 3170 3518 my-

640 3513 885 3596 riadeS,
938 3516 1466 3586 combusserunt
1504 3515 1719 3586 libros
1748 3515 1914 3586 artis
1964 3516 2293 3605 magicae,
2347 3529 2414 3584 et
2447 3517 2868 3588 transierunt
2898 3517 2986 3586 ad
3046 3539 3164 3587 ve-

641 3602 929 3672 ritatem.
984 3608 1060 3673 Et
1105 3604 1450 3692 quomodo
1504 3627 1664 3674 cum
1738 3604 1807 3672 in
1861 3603 2037 3674 bello
2098 3604 2307 3675 turris
2353 3603 2624 3686 cecidit,
2677 3618 2798 3675 aut
2860 3606 3170 3695 dejectus

636 3690 767 3760 fuit
799 3706 1160 3781 tyrannus,
1198 3693 1317 3780 qui
1347 3715 1507 3763 cum
1543 3692 1660 3763 illo
1699 3705 1915 3772 erant,
1951 3714 2189 3763 omnes
2227 3692 2512 3783 abjectis
2541 3694 2754 3765 armis
2789 3705 3171 3764 accurrunt

637 3778 724 3848 ad
756 3785 1267 3871 Imperatorem:
1313 3782 1405 3851 ita
1428 3781 1631 3850 etiam
1675 3793 1840 3851 tunc
1874 3779 2128 3851 factum
2164 3794 2287 3852 est.
2327 3781 2554 3868 Ejecto
2578 3782 2766 3852 enim
2802 3782 3166 3864 daemone,

641 3868 902 3940 obsessi
968 3889 1210 3938 omnes
1267 3892 1426 3940 cum
1479 3870 1690 3939 libros
1737 3869 2167 3959 abjecissent,
2213 3868 2313 3940 vel
2367 3871 2593 3960 potius
2651 3870 3167 3954 dissolvissent,

640 3955 722 4027 ad
775 3956 967 4027 Pauli
1019 3957 1224 4047 pedes
1261 3958 1790 4028 concurrebant.

726 4049 764 4133 ξ
810 4050 889 4118 8.
945 4046 1067 4116 Ille
1112 4059 1340 4116 autem
1373 4059 1699 4134 tanquam
1728 4068 1868 4117 uno
1896 4047 2195 4116 exercitu
2222 4046 2531 4139 dirigens
2577 4048 2794 4118 aciem
2836 4048 3173 4121 adversus

641 4136 874 4206 orbem
927 4149 1174 4216 terrae,
1228 4157 1568 4223 nusquam
1637 4135 2095 4217 consistebat,
2155 4135 2275 4204 sed
2339 4148 2665 4225 tanquam
2714 4135 2940 4208 alatus
2988 4150 3172 4210 esset

640 4223 986 4314 quispiam
1035 4223 1267 4294 omnia
1314 4223 1626 4294 faciebat.
1681 4228 1759 4294 Et
1798 4245 1983 4294 nunc
2016 4222 2296 4311 quidem
2346 4224 2674 4295 claudum
2728 4225 3167 4317 corrigebat:

642 4329 828 4382 nunc
856 4324 1081 4382 autem
1116 4311 1332 4382 alium
1381 4312 1690 4394 orbabat,
1747 4334 1856 4382 rna
1909 4333 2054 4391 um,
2108 4312 2418 4400 inquam.
2471 4318 2548 4383 Et
2598 4335 2720 4384 nec
2769 4313 2840 4383 in
2889 4336 3173 4387 carcere

641 4401 921 4489 quidem
956 4401 1269 4473 inclusus
1315 4401 1732 4490 quiescebat,
1778 4423 1850 4473 se
1955 4399 2096 4471 illic
2141 4423 2414 4488 quoque
2461 4401 2814 4472 custodem
2864 4406 3176 4477 carceris
