3357 4995
252 306 474 372 JUNII
525 307 607 370 ⁴5
860 324 938 369 nr„
985 322 1078 371 ss.
1129 322 1298 383 vnn,
1351 322 1731 372 CRESCENTIA
1778 326 1854 372 m·
1900 322 2182 372 uonnsro
2586 308 2715 374 345

254 409 472 503 patris
501 409 602 478 tui
650 407 982 478 hactenus
1032 429 1142 477 me
1200 409 1681 489 retinuerunt,
1739 431 1825 480 ne
1874 409 1941 478 in
1996 423 2060 480 te
2102 410 2303 500 J'ussa
2354 409 2801 500 Principum,

250 500 356 570 uti
406 499 476 567 in
521 497 960 588 sacrilegum,
1023 498 1417 583 exequerer.
1471 503 1547 567 At
1595 520 1784 569 nunc
1850 499 2015 586 quia
2071 510 2135 568 te
2186 498 2531 568 obstinata
2582 511 2810 569 mente

251 588 453 657 video
496 587 574 655 in
624 599 739 656 tua
780 586 1116 656 sententia
1148 585 1316 655 velle
1369 608 1797 676 permanere,
1852 587 2238 678 periculum
2291 586 2582 668 faciam,
2636 610 2810 657 num

254 676 702 766 castigatione
741 674 964 776 possis
998 696 1037 743 a
1061 674 1420 831 proposito
1452 675 1771 745 deduci.»
2220 761 2225 768 ι

345 769 383 854 ξ
429 769 520 837 8.
572 765 786 833 JuSSIt
832 785 994 854 ergo
1087 764 1360 833 ustlbus
1410 765 1697 833 mactari
1776 766 2052 835 beatum
2105 786 2397 855 puerum
2441 788 2453 832 :
2508 779 2811 853 cumque

254 854 522 925 diutius
555 853 622 922 id
673 852 928 922 sactum
979 865 1178 934 esset,
1232 852 1403 922 dixit
1450 853 1511 922 ei
1548 859 1867 923 Praeses:
1906 854 2317 940 «Aequiesce
2370 876 2579 934 nunc,
2610 865 2676 922 et
2702 876 2812 922 sa·

259 944 498 1014 crifica
546 942 754 1012 diis.»
816 946 1059 1011 Beatus
1113 942 1303 1010 Vitus
1352 942 1754 1032 respondit:
1810 964 1845 1008 «
1878 943 2097 1011 Semel
2146 942 2295 1011 dixi
2327 942 2448 1011 tibi
2484 948 2803 1012 Praeses:

256 1033 599 1103 Christum
635 1031 844 1101 adoro
877 1029 1098 1099 filium
1132 1031 1317 1098 Dei.»
1333 1035 1518 1099 Tunc
1555 1032 1772 1100 iratus
1792 1030 2217 1112 ValerianuS,
2257 1031 2606 1131 praecepit
2638 1053 2804 1122 pue-

253 1144 412 1192 rum
448 1132 713 1191 catomo
750 1118 856 1210 (a)
883 1118 1013 1208 (sic
1052 1119 1234 1187 enim
1272 1118 1525 1188 habent
1555 1119 1755 1189 multi
1795 1119 2065 1189 codices
2106 1120 2556 1209 mSS.)caed1.
2607 1121 2810 1189 Mitti-²

256 1210 640 1281 stritautern
679 1229 832 1277 mox
881 1220 955 1277 ut
988 1207 1053 1276 in
1091 1229 1244 1275 eum
1278 1229 1529 1277 manus
1558 1208 1844 1298 injicere
1876 1221 2330 1288 tentaverunt,
2366 1209 2649 1279 brachia
2680 1231 2809 1278 sua

255 1299 563 1374 arefacta⁴
601 1318 896 1376 sensere,
959 1308 1024 1365 et
1082 1295 1421 1367 Praesidis
1458 1318 1731 1384 quoque
1800 1319 2049 1366 manus
2095 1298 2401 1389 exaruit:
2459 1304 2626 1382 Turn
2686 1297 2806 1366 ille

260 1387 716 1459 exclamavit:
771 1390 918 1454 Heu
973 1407 1253 1453 manum
1300 1384 1593 1475 perdidi,
1650 1398 1716 1455 et
1763 1385 1996 1456 dolore
2045 1399 2388 1473 torqueor.
2454 1388 2809 1457 Advocans

256 1491 485 1547 autem
529 1475 773 1563 Hylam
815 1485 1069 1562 patrem
1105 1473 1325 1564 pueri,
1361 1474 1531 1542 dixit
1560 1476 1644 1544 ei:
1683 1479 1810 1544 «Ut
1857 1474 2077 1556 video,
2114 1474 2302 1545 filius
2361 1487 2523 1546 tuus
2562 1497 2807 1566 magus

256 1578 429 1636 est.»
472 1569 537 1634 S.
583 1565 772 1633 Vitus
806 1563 921 1632 ait:
960 1585 994 1628 «
1020 1568 1163 1632 Non
1195 1585 1348 1631 sum
1377 1584 1500 1652 ego
1532 1584 1799 1654 maguS,
1838 1563 1955 1633 sed
1987 1585 2224 1633 servus
2258 1563 2501 1634 Christi
2534 1565 2805 1633 Domini

258 1654 418 1736 mei,
472 1653 590 1741 qui
623 1675 729 1721 me
774 1651 1008 1720 docuit
1051 1651 1372 1720 mandata
1424 1675 1586 1722 sua:
1622 1653 1827 1742 cujus
1859 1652 2175 1722 doctrina
2221 1666 2286 1722 et
2325 1675 2530 1743 opere
2583 1653 2803 1743 reple-

260 1755 373 1814 tus
405 1764 589 1822 sum,
632 1741 754 1829 qui
793 1739 1108 1809 excitavit
1157 1752 1484 1820 mortuoS‚
1538 1753 1603 1809 et
1638 1741 1930 1830 pedibus
1987 1763 2196 1831 super
2252 1763 2436 1811 mare
2484 1741 2805 1811 ambula-

260 1832 378 1914 vit,
415 1830 912 1921 imperavitque
944 1828 1030 1908 ei,
1084 1840 1149 1897 et
1178 1830 1464 1898 cessavit
1493 1851 1531 1897 a
1581 1828 1810 1899 surore
1852 1852 2013 1900 suo:
2052 1830 2238 1921 Ejus,
2296 1831 2579 1918 inquam
2616 1852 2809 1921 ,ego

260 1943 416 1990 sum
468 1941 728 1999 servm,
783 1929 848 1986 et
874 1919 1024 2007 ejus
1074 1918 1318 1987 virtute
1351 1940 1631 2008 possum
1685 1940 1927 1989 curare
1970 1941 2254 1988 manum
2308 1933 2571 1988 tuam.»
2615 1919 2808 1989 Vale-

257 2010 501 2079 rianus
533 2008 743 2076 dixit:
784 2012 955 2075 «Fac
987 2018 1065 2075 ut
1092 2018 1152 2076 te
1204 2029 1335 2075 non
1376 2029 1682 2097 magum,
1723 2008 1838 2078 sed
1890 2008 2030 2076 veri
2081 2009 2235 2088 Dei,
2271 2021 2348 2077 ut
2379 2008 2656 2087 asseris,
2712 2008 2809 2076 sa-

258 2098 527 2167 mulum
552 2118 701 2184 esse
722 2094 1238 2185 comprobem.»
1269 2100 1333 2165 S.
1371 2094 1560 2165 Vitus
1589 2094 1863 2166 elevans
1890 2097 1975 2165 ad
2005 2097 2273 2167 coelum
2307 2096 2569 2173 oculos,
2606 2095 2798 2166 dixit:

263 2191 602 2276 «Propter
660 2207 777 2255 eos
823 2184 940 2271 qui
1001 2196 1245 2265 astant,
1309 2185 1611 2264 Domine,
1668 2199 1746 2254 ut
1794 2186 2164 2256 videantet
2214 2186 2498 2255 credant
2544 2187 2613 2254 in
2678 2191 2802 2254 Do-

266 2275 529 2343 minum
582 2287 890 2343 nostrum
941 2278 1178 2341 Jesum
1222 2272 1563 2342 Christum
1600 2273 1825 2343 filium
1886 2289 2115 2354 tuum,
2170 2296 2405 2344 verum
2458 2286 2523 2343 et
2582 2275 2827 2343 omni-.

266 2375 601 2462 potentem
635 2361 873 2441 Deum,
916 2362 981 2428 in
1034 2362 1294 2430 unitate
1337 2361 1632 2462 Spiritus
1686 2364 1916 2432 Sancti
1947 2375 2197 2432 tecum
2254 2375 2680 2452 regnantem,
2736 2366 2805 2432 in

262 2452 487 2543 lpsius
516 2458 683 2521 Jesu
732 2449 978 2520 Christi
1037 2450 1315 2520 nomine
1349 2463 1437 2521 stt
1469 2472 1656 2520 nunc
1720 2462 1986 2522 manus
2031 2452 2372 2522 Praesidis
2421 2473 2677 2524 sana.»
2731 2458 2807 2521 Et

261 2541 488 2611 statim
528 2542 832 2609 restituta
884 2552 984 2609 est
1020 2561 1270 2611 manus
1307 2540 1517 2608 illius.

346 2633 383 2718 ξ
435 2635 519 2703 ιι.
578 2629 899 2699 'rumille
939 2640 1256 2698 sanctum
1311 2651 1603 2719 puerum
1667 2628 1951 2700 tradidit
2006 2629 2185 2720 patri
2232 2629 2432 2717 ejus,
2508 2628 2799 2699 dicens:

257 2718 504 2799 «Vade,
542 2730 606 2789 et
634 2717 927 2787 emenda
955 2718 1140 2785 hunc
1173 2716 1394 2786 filium
1425 2731 1640 2797 tuum,
1675 2733 1751 2787 ut
1773 2718 2163 2805 acquiescat
2191 2718 2798 2799 etsacrificetdiiS,

259 2829 348 2876 ne
389 2819 689 2899 pereat.»
727 2811 963 2894 Itaque
993 2818 1185 2896 pater
1216 2807 1367 2897 ejus
1398 2807 1670 2875 beatum
1707 2807 1931 2876 Vitum
1984 2808 2395 2898 suscipiens,
2428 2806 2804 2876 introduxit

259 2919 418 2966 eum
455 2897 523 2965 in
579 2896 865 2965 domum
912 2916 1135 2976 suam,
1198 2894 1570 2982 multisque
1622 2895 1954 2966 adhibitis
2017 2895 2359 2967 illecebris
2411 2907 2475 2965 et
2532 2895 2805 2964 blandi-

260 2985 514 3055 mentis
562 2983 896 3054 suadebat
928 2984 1032 3052 ei:
1093 3005 1215 3052 nec
1267 2985 1552 3054 aberant
1599 2985 1913 3072 cymbala
1963 2996 2028 3053 et
2053 3008 2336 3076 organa,
2393 2983 2651 3073 quibus
2692 2985 2806 3053 de-

256 3073 701 3152 mulceretur;
759 3071 1052 3142 ancillae
1098 3093 1236 3159 quo
1288 3095 1373 3141 ue
1427 3094 1658 3143 coram
1720 3073 1840 3142 illo
1903 3073 2152 3145 saltare
2204 3074 2665 3154 'ubebantur,
2730 3086 2807 3143 ut

253 3185 333 3231 ea
361 3184 433 3231 re
478 3162 953 3242 delectaretur,
1005 3174 1071 3230 et
1123 3159 1255 3229 saci
1289 3162 1398 3230 ius
1447 3163 1976 3252 persuaderetur
2021 3184 2169 3233 rece
2221 3184 2333 3232 ere
2363 3184 2399 3231 a
2450 3161 2644 3232 cultu
2689 3164 2805 3232 Dei

255 3252 389 3322 sui.
429 3255 505 3320 At
551 3253 792 3321 beatus
825 3271 997 3341 puer
1028 3248 1296 3319 coelum
1346 3251 1771 3320 incessanter
1818 3250 2210 3342 suspiciens
2237 3307 2252 3335 ‚
2306 3251 2577 3321 dicebat
2628 3251 2804 3321 intra

252 3362 366 3411 se:
425 3345 547 3411 Cor
594 3341 948 3409 contritum
981 3349 1041 3408 et
1070 3340 1508 3408 humiliatum
1531 3345 1706 3409 Deus
1730 3363 1859 3410 non
1892 3342 2234 3432 despicz'eS.
2273 3340 2617 3409 Mandavit
2649 3360 2806 3410 vero

255 3441 449 3518 pater
496 3429 646 3529 ejus
705 3427 1108 3498 cubiculum
1158 3429 1485 3497 omnibus
1546 3429 1802 3516 quibus
1852 3441 2113 3519 poterat
2175 3428 2442 3498 deliciis
2502 3429 2799 3510 instrui,

255 3517 501 3608 tapetis
532 3517 818 3586 insterni
865 3528 930 3586 et
976 3516 1208 3586 ornari
1268 3518 1602 3606 gemmis,
1659 3517 2174 3605 introduxitque
2229 3518 2296 3586 in
2350 3516 2527 3587 illud
2577 3517 2802 3587 filium

254 3628 488 3686 suum,
527 3618 591 3675 et
630 3605 842 3695 jussit
888 3604 1183 3675 occludi.
1238 3610 1482 3682 Beatus
1521 3618 1747 3675 autem
1785 3628 1959 3697 puer
2006 3606 2199 3676 flexis
2239 3607 2535 3697 genibus
2566 3628 2805 3696 preca-

249 3694 458 3765 batur
507 3694 921 3775 Dominum,
976 3694 1260 3764 dicens:
1308 3718 1342 3760 «
1373 3698 1550 3764 Deus
1599 3694 1962 3777 Abraham,
2016 3699 2193 3764 Deus
2243 3699 2461 3775 Isaac,
2514 3707 2579 3764 et
2628 3700 2805 3765 Deus

247 3783 493 3864 Jacob,
534 3788 711 3853 Deus
753 3796 942 3874 pater
973 3782 1206 3852 dilecti
1240 3783 1436 3873 pueri
1470 3783 1569 3853 tui
1600 3789 1767 3853 Jesu
1802 3784 2074 3853 Domini
2100 3783 2258 3865 mei,
2294 3783 2560 3874 respice
2588 3785 2656 3852 in
2696 3805 2807 3852 me

255 3886 322 3942 et
371 3872 695 3942 miserere
733 3871 888 3952 mei,
941 3883 1006 3940 et
1052 3871 1385 3941 confirma
1439 3894 1548 3940 me
1580 3872 1827 3941 virtute
1861 3884 1998 3952 tua,
2040 3885 2114 3941 ut
2155 3894 2287 3941 non
2331 3872 2547 3962 possit
2593 3872 2803 3941 draco

253 3960 407 4041 iste,
465 3960 916 4052 malignitatis
954 3973 1018 4031 et
1065 3960 1451 4048 iniquitatis
1477 3982 1643 4031 suae
1676 3974 1829 4031 voto
1880 3961 2081 4050 potiri
2133 3962 2202 4029 in
2256 3982 2364 4029 me
2413 3982 2606 4031 servo
2658 3975 2797 4042 tuo,

252 4071 342 4119 ne
390 4049 982 4150 insultentgentes
1031 4049 1354 4119 fidelibus
1404 4050 1566 4131 tuiS,
1597 4048 1942 4132 etdicant‚
1985 4049 2109 4119 Ubi
2145 4061 2247 4119 est
2277 4054 2453 4119 Deus
2486 4054 2804 4120 eorum?»

255 4139 539 4210 Interim
619 4137 1021 4209 cubiculum
1090 4137 1260 4209 illud
1348 4137 1840 4221 inaestimabili
1952 4138 2259 4208 claritate
2328 4137 2675 4229 fulgebat,
2741 4151 2807 4208 et

308 4307 376 4360 ca)
413 4307 588 4350 cathmo
617 4309 696 4349 vel
724 4306 914 4349 catomis
940 4309 1204 4353 verberare.
1233 4319 1327 4350 non
1356 4309 1528 4349 absone
1555 4309 1979 4359 interpretandum.
1997 4310 2145 4359 virgis
2163 4311 2409 4359 percutere
2429 4313 2488 4350 aa
2518 4314 2721 4351 humeros
2748 4318 2803 4348 ex

252 4371 398 4423 κατὰ
427 4376 476 4414 et
502 4368 657 4441 55³⁰&
687 4373 829 4425 idque
858 4385 952 4415 non
980 4378 1166 4416 tantum
1184 4387 1291 4417 cum
1312 4378 1358 4416 δη
1374 4378 1579 4416 humeros
1611 4376 1837 4424 pauentis
1857 4377 1981 4418 ictus
2001 4374 2341 4428 infligerentur,
2361 4379 2445 4418 sed
2467 4378 2664 4417 maxime
2684 4386 2805 4420 cum,

249 4445 308 4482 ut
333 4442 497 4493 pueris
526 4444 584 4484 ad
612 4438 942 4484 verecundiam
975 4440 1076 4485 neri
1109 4443 1305 4491 solebat.
1323 4445 1368 4484 in
1384 4445 1590 4484 humero:
1607 4442 1805 4484 alterius
1825 4430 2003 4486 sublati
2022 4445 2080 4486 nd
2100 4445 2300 4486 nudatas
2321 4446 2456 4485 nates
2476 4444 2804 4505 caedebantur.
