3357 4995
268 332 489 397 JUNII
537 333 621 397 22
955 351 1035 397 na
1081 350 1267 399 oen-u
1315 353 1373 400 s.
1425 351 1682 400 mcum
1728 350 1871 399 Nor..
1925 347 2124 399 muse.
2594 330 2724 396 487

269 434 590 520 exequias
638 446 1129 504 convenerunt.
1185 441 1509 526 Ereptum
1560 436 1694 506 sibi
1751 446 2146 526 patronum,
2192 433 2647 513 defensorem,
2706 445 2812 503 tu-

270 534 483 592 torem
532 545 676 593 una
721 544 960 593 omnes
1008 524 1374 597 nobiscum
1408 547 1570 596 voce
1620 524 2055 615 planxerunt.

356 613 394 698 ξ
439 614 517 680 ⁸2.
571 616 647 681 Et
696 633 848 681 vere
897 611 1053 681 talis
1100 625 1266 694 erat,
1324 627 1400 682 ut
1459 614 1548 683 ab
1602 614 1930 683 omnibus
1979 623 2351 682 amaretur.
2416 610 2591 680 Vixit
2623 610 2810 680 enim

268 701 537 770 cunctis
584 700 654 768 in
704 700 1097 791 exemplum
1132 702 1595 790 acquirendae
1628 702 1896 783 salutiS,
1950 713 2014 770 et
2064 701 2133 768 in
2176 698 2613 787 refrigerium
2649 721 2814 768 con-

272 789 649 858 solationis.
715 793 941 875 Neque
996 791 1182 860 enim
1252 791 1470 862 solius
1527 791 1697 861 haec
1756 813 1907 861 mea
1970 811 2094 859 vox
2142 802 2266 859 est.
2329 795 2556 858 Testes
2603 788 2811 857 etiam

271 877 604 947 barbarae
654 879 963 949 nationes
997 892 1182 960 sunt,
1216 879 1300 949 ad
1331 903 1507 969 quas
1533 880 1719 950 sama
1767 879 2032 949 domini
2081 876 2349 947 Paulini
2430 889 2805 947 ervenerat.

272 971 401 1036 Nec
441 967 784 1036 immerito
833 969 920 1037 ab
968 969 1296 1039 omnibus
1329 969 1718 1051 amabatur,
1755 969 1875 1055 qui
1922 967 2157 1037 aderat
2187 966 2376 1036 omni
2434 989 2537 1037 us.
2592 972 2810 1049 Quem

272 1056 453 1124 enim
495 1056 838 1157 jacentem
873 1078 1009 1126 non
1060 1079 1186 1127 sua
1216 1058 1492 1129 dextera
1529 1058 1788 1127 erexit?
1836 1062 2049 1139 Quem
2101 1055 2649 1144 interpellantem
2708 1077 2804 1138 se,

274 1164 408 1213 non
448 1166 561 1234 pla
610 1166 770 1215 voce
817 1144 1161 1216 cosolatus
1209 1151 1357 1218 est?
1387 1152 1545 1217 Erat
1589 1147 1776 1217 enim
1826 1146 2010 1235 pius,
2051 1145 2466 1224 misericors,
2520 1143 2809 1213 humilis

271 1244 336 1301 et
375 1233 741 1323 benignus,
787 1233 1061 1304 nullum
1112 1257 1469 1325 spernens,
1526 1235 1800 1305 nullum
1850 1234 2263 1323 despiciens.
2298 1232 2638 1303 Omnibus
2687 1232 2808 1301 tri-

268 1320 565 1401 buebat,
619 1322 944 1392 omnibus
996 1322 1420 1415 indulgebat.
1460 1324 1822 1394 Animabat
1870 1322 2196 1413 trepidos,
2262 1321 2621 1412 mitigabat
2668 1321 2807 1390 vio-

271 1409 513 1480 lentos.
551 1416 687 1481 Hos
712 1412 961 1492 verbis,
995 1411 1150 1482 illos
1199 1413 1608 1484 aedificabat
1651 1411 1987 1502 exemplo,
2042 1411 2222 1481 Alios
2254 1409 2586 1499 epistolis,
2634 1409 2808 1482 alios

275 1500 672 1590 sumptibus
704 1499 1096 1591 adjuvabat.
1133 1501 1369 1572 Nullas
1408 1523 1595 1592 opeS‚
1648 1500 1881 1571 nullas
1914 1500 2212 1580 divitiaS‚
2266 1498 2401 1569 nisi
2438 1519 2612 1585 quas
2648 1520 2806 1568 san-

269 1589 398 1657 ctis
430 1589 576 1658 suis
617 1588 924 1659 Christus
958 1590 1385 1678 promiserat,
1427 1591 1830 1660 mirabatur.
1871 1593 2127 1658 Aurum
2170 1600 2373 1675 atque
2411 1598 2802 1677 argentum,

269 1689 335 1745 et
362 1689 625 1746 caetera
647 1678 744 1746 sic
774 1677 1170 1758 definiebat,
1226 1693 1303 1749 ut
1332 1702 1413 1748 ea
1444 1680 1577 1750 sibi
1626 1679 1711 1748 ad
1755 1677 2192 1768 largiendum
2239 1675 2635 1755 liberalitaS‚
2669 1697 2806 1743 non

270 1765 357 1834 ad
407 1766 838 1835 retinendum
892 1766 1239 1857 cupiditas
1283 1766 1695 1838 vendicaret.
1742 1773 1821 1836 Et
1851 1780 1929 1836 ut
1967 1765 2260 1836 breviter
2288 1765 2541 1845 dicam,
2574 1765 2811 1833 omnia

269 1854 449 1923 bona
500 1856 566 1922 in
624 1876 696 1923 se
746 1854 1008 1934 habuit,
1062 1857 1227 1942 quia
1275 1857 1620 1926 Christum
1677 1855 1954 1925 amavit.
2010 1854 2265 1924 Habuit
2313 1854 2500 1922 enim
2565 1852 2800 1932 fidem,

272 1943 908 2024 mansuetudinem,
966 1965 1206 2014 curam
1261 1946 1755 2035 proximorum,
1803 1945 2044 2043 jugem
2079 1964 2203 2031 pro
2253 1941 2526 2012 miseris
2576 1941 2810 2012 solici-

270 2031 610 2111 tudinem,
644 2033 1193 2132 compassionem
1232 2056 1354 2124 pro
1404 2034 1728 2114 infirmis,
1785 2032 1957 2101 nitnl
1992 2031 2182 2101 aliud
2235 2031 2634 2120 respicienS‚
2671 2029 2809 2100 nisi

270 2142 507 2209 pacem
535 2133 601 2189 et
626 2120 1053 2190 charitatem.
1092 2122 1289 2192 Solus
1324 2144 1622 2210 namque
1651 2121 2149 2200 medicabatur,
2187 2133 2263 2188 ut
2293 2140 2531 2189 omnes
2559 2139 2807 2187 emun-

269 2208 482 2276 daret.
554 2209 856 2296 Denique
924 2210 1082 2298 quis
1148 2211 1342 2281 locus
1387 2223 1490 2281 est
1536 2211 1606 2279 in
1656 2211 1821 2280 orbe
1852 2222 2214 2288 terrarum,
2252 2229 2430 2294 quae
2477 2206 2800 2290 solitud0,

269 2318 447 2382 quae
512 2298 752 2378 maria,
819 2320 996 2386 quae
1053 2304 1117 2369 S.
1180 2300 1451 2368 Paulini
1505 2299 1840 2369 beneficia
1902 2319 2037 2367 non
2104 2295 2507 2367 senserunt?
2553 2298 2806 2365 Omnes

270 2407 431 2453 eum
489 2407 860 2475 agnoscere
908 2388 1303 2476 cupiebant,
1367 2410 1607 2458 omnes
1653 2388 1883 2456 videre
1942 2386 2448 2456 desiderabant.
2501 2384 2668 2466 Quis
2716 2384 2801 2454 ad

271 2472 471 2544 illum
539 2496 676 2545 non
742 2475 961 2546 laetus
1028 2477 1347 2547 advenit?
1407 2489 1527 2546 aut
1581 2477 1742 2564 quis
1790 2476 1876 2546 ab
1928 2475 2046 2546 illo
2095 2497 2232 2545 non
2283 2472 2803 2545 desideraturus

270 2563 651 2633 abscessit?
698 2570 864 2635 Nam
919 2566 1042 2653 qui
1096 2587 1379 2657 corpore
1421 2589 1580 2635 eum
1652 2566 1881 2635 videre
1951 2587 2086 2635 non
2140 2575 2489 2655 poterant,
2563 2562 2803 2633 saltem

264 2651 592 2742 epistolas
638 2654 789 2744 ejus
823 2654 1220 2745 contingere
1273 2655 1670 2744 cupiebant.
1727 2660 1884 2724 Erat
1916 2654 2101 2723 enim
2158 2653 2414 2733 suavis,
2472 2650 2795 2731 blandus,

264 2741 337 2810 in
397 2741 610 2811 literis
667 2742 917 2825 dulcis,
971 2756 1035 2812 et
1084 2746 1255 2814 bene
1304 2744 1536 2815 suavis
1611 2744 1681 2812 in
1747 2744 2081 2813 versibus
2137 2741 2313 2824 Quid
2387 2741 2638 2830 plura?
2679 2740 2803 2809 Vix

265 2851 747 2917 quaecumque
793 2832 878 2901 de
928 2831 1045 2901 illo
1097 2833 1471 2912 dicuntur,
1525 2832 1914 2902 admitteret
1976 2829 2351 2902 credulitas
2416 2829 2614 2911 fidei,
2669 2828 2804 2897 nisi

267 2918 727 3009 propellerent
760 2943 888 2990 sua
916 2920 1091 2990 facta
1127 2919 1595 2990 mendacium.
1633 2927 2011 2991 Taceamus
2041 2919 2311 3011 generis
2346 2917 2796 2999 nobilitatem,

266 3009 592 3097 paternis,
630 3009 1095 3098 maternisque
1130 3009 1478 3080 natalibus
1513 3010 1581 3078 in
1615 3023 2011 3080 senatorum
2047 3029 2358 3099 purpura
2396 3005 2804 3076 mirabiliter

264 3097 699 3166 rutilantem:
736 3110 1082 3188 praeterea
1106 3112 1171 3168 et
1195 3098 1583 3187 opulentias
1608 3098 2032 3180 divitiarum,
2077 3118 2251 3184 quas
2278 3107 2556 3187 propter
2587 3101 2801 3165 Deum

264 3186 691 3274 pauperibus
756 3187 1081 3277 erogavit.
1136 3193 1328 3258 Nunc
1374 3187 1736 3259 veniamus
1783 3187 1869 3257 ad
1921 3209 2001 3256 ea
2047 3208 2225 3274 quae
2279 3185 2364 3254 de
2409 3184 2604 3255 obitu
2650 3185 2801 3274 ejus

265 3272 493 3343 dicere
539 3295 1012 3364 coeperamus,

352 3364 388 3448 ξ
435 3366 517 3433 S.
571 3365 791 3454 Igitur
817 3386 979 3434 cum
1014 3369 1080 3433 S.
1119 3363 1452 3434 Paulinus
1498 3364 1809 3434 debitum
1838 3369 1970 3433 Deo
2001 3364 2322 3454 spiritum
2359 3360 2795 3441 reddidisset,

176 3494 180 3499 -
265 3448 359 3519 ita
407 3451 600 3521 niveo
647 3452 946 3523 candore
1011 3452 1244 3523 vultus
1291 3454 1442 3543 eJus
1504 3465 1568 3522 et
1615 3475 1822 3523 omne
1867 3474 2121 3542 corpus
2170 3452 2492 3520 affectum
2545 3461 2670 3530 est,
2722 3463 2801 3519 ut

262 3560 502 3610 omnes
552 3541 728 3610 inter
765 3542 869 3611 sin
929 3541 1115 3611 ultus
1145 3552 1209 3611 et
1258 3539 1602 3631 lacrymas
1635 3540 2116 3612 benedicerent
2165 3539 2534 3609 Dominum
2587 3543 2797 3608 Deum

260 3640 599 3710 nostrum,
652 3630 772 3717 qui
833 3564 1065 3700 egucit
1098 3643 1368 3701 sanctos
1417 3652 1581 3700 suos
1630 3630 1701 3699 in
1762 3629 2299 3720 magnificentia,
2354 3641 2430 3699 ut
2487 3626 2801 3717 ostendat

263 3716 478 3787 servis
526 3718 697 3800 suiS,
749 3719 915 3805 quia
968 3719 1136 3788 haec
1182 3732 1284 3787 est
1330 3718 1550 3809 gloria
1598 3719 1926 3789 omnibus
1974 3717 2231 3787 sanctis
2294 3716 2465 3787 suis.
2524 3720 2601 3785 Et
2649 3715 2801 3785 ideo

264 3803 585 3876 laudetur
617 3807 688 3875 in
725 3812 856 3876 Deo
903 3808 1136 3877 anima
1166 3808 1340 3897 ejuS‚
1384 3820 1451 3877 et
1503 3807 1887 3877 revelentur
1917 3826 2125 3896 opera
2155 3806 2305 3895 ejus
2353 3805 2424 3873 in
2475 3803 2802 3873 omnibus

264 3892 667 3966 timentibus
708 3901 956 3966 Deum:
991 3897 1156 3984 quia
1202 3897 1601 3986 concupivit
1649 3896 1719 3964 in
1755 3894 2099 3964 mandatis
2136 3894 2250 3963 Dei
2300 3893 2435 3973 sui,
2487 3905 2552 3962 et
2602 3892 2801 3963 intel-

264 3978 424 4079 lexit
453 4006 661 4074 super
706 3986 1003 4086 egenum
1052 3996 1116 4054 et
1164 4006 1564 4075 pauperem,
1618 3996 1695 4054 ut
1745 3997 1984 4074 potens
2012 3995 2188 4056 esset
2234 3982 2522 4052 interra
2567 4002 2801 4051 semen

262 4089 435 4155 ejus,
485 4085 550 4141 et
585 4074 857 4163 justitia
885 4075 1036 4164 ejus
1067 4084 1373 4143 maneret
1420 4074 1491 4142 in
1548 4073 1861 4143 seculum
1921 4071 2161 4142 seculi.
2207 4076 2690 4141 Verumtamen
2740 4083 2807 4139 et

259 4156 412 4238 hoc,
454 4162 637 4246 quod
686 4162 770 4231 ad
824 4163 1145 4233 meritum
1195 4167 1260 4232 S.
1315 4162 1587 4232 Paulini
1638 4161 1993 4252 pertinet‚*
2047 4160 2391 4230 veneratio
2433 4172 2550 4229 tua
2599 4157 2800 4227 debet

261 4266 654 4336 agnoscere,
688 4252 871 4338 quod
920 4252 1124 4320 etiam
1162 4262 1444 4322 sanctus
1489 4256 1816 4332 «Ioannes,
1869 4249 2354 4340 Neapolitanae
2400 4247 2596 4318 urbis
2645 4247 2803 4346 Elpi-

263 4355 539 4424 scopus,
595 4360 635 4407 a
683 4340 972 4410 Domino
1028 4339 1315 4410 Paulino
1374 4339 1458 4410 de
1512 4340 1642 4409 hac
1692 4340 1825 4409 vita
1873 4338 1960 4408 ad
2011 4338 2359 4408 Christum
2426 4349 2801 4406 accersitus

306 4458 332 4484 ¹·
356 4458 480 4498 Haec
503 4456 784 4510 interpolat:
801 4464 1070 4504 creduntur.
1090 4461 1207 4503 Vide
1226 4463 1510 4505 Mam-utor..
1532 4464 1753 4504 Inncsrn.
1774 4462 1833 4502 ιᾱ
1852 4461 1972 4504 hanc
1986 4462 2111 4503 diem
2129 4462 2186 4503 de
2215 4462 2258 4502 S.
2278 4461 2459 4501 Joanna
2474 4459 2626 4508 Epioe.
2658 4457 2801 4507 Hesp.
