3357 4995
273 371 497 436 JUNII
547 369 628 434 ⁴7
882 386 962 433 m:
1008 386 1101 434 ss.
1154 387 1271 434 uu.
1324 387 1603 447 unua,
1659 387 1855 435 sanni
1900 388 1977 435 m·
2024 389 2253 436 IsuAEL
2617 373 2748 439 443

275 484 356 543 ut
425 472 646 575 ipsius
715 492 988 559 quoque
1016 526 1032 553 ,
1108 493 1319 559 quam
1395 472 1784 556 habebant,
1864 483 2151 544 naturae
2227 473 2830 547 obliviscerentur.

284 560 414 632 Sed
458 573 581 631 1ste
619 560 811 652 gravi
841 560 1046 630 corde
1077 572 1143 630 et
1177 560 1407 630 furore
1455 561 1782 652 percituS‚
1824 560 2110 663 perinde
2147 585 2226 632 ac
2255 563 2314 634 si
2349 563 2522 635 nihil
2560 565 2841 638 vidisset

283 672 520 720 eorum
569 672 746 736 quae
780 647 959 719 facta
1007 649 1301 719 fuerant:
1357 673 1393 717 «
1423 655 1563 720 Non
1616 651 1909 733 sentitffi,
1965 673 2210 721 rursus
2259 651 2431 723 dixit
2479 653 2646 725 viris
2700 654 2841 727 illis

285 739 578 831 egregiis
607 794 624 820 ,
676 759 797 808 vos
846 738 1160 809 nondum
1210 761 1247 807 a
1297 737 1432 809 diis
1472 740 1758 809 omnino
1807 740 2048 810 haberi
2110 740 2270 810 odio
2299 796 2315 823 ,
2367 742 2488 829 qui
2537 756 2836 814 vestram

285 841 640 918 expectant
685 828 1250 907 conversionem,
1308 829 1431 916 qui
1478 830 1682 899 etiam
1738 841 2098 919 propterea
2155 851 2272 902 vos
2319 829 2634 902 efficiunt
2691 855 2841 902 ma—

281 918 505 987 lorum
570 915 960 999 tolerantes,
1017 938 1195 1004 quae
1242 930 1406 987 sunt
1454 918 1525 986 in
1580 917 1938 987 doloribus
2000 917 2344 988 laboriosa
2391 933 2456 989 et
2494 919 2832 1002 difficilia,

280 1009 682 1076 mutantes?
713 1028 748 1071 »
801 1005 929 1076 Sed
979 1006 1108 1075 hoc
1155 1005 1363 1107 plane
1400 1028 1549 1078 esse
1598 1006 1972 1077 ridiculum
2004 1017 2070 1076 et
2118 1006 2606 1079 stultissimum
2657 1009 2840 1080 beati

280 1094 381 1164 illi
432 1095 891 1164 arbitrantes:
951 1118 986 1161 «
1018 1093 1195 1164 Nihil
1249 1096 1449 1165 nobis
1505 1097 1602 1165 rei
1649 1117 1811 1164 curn
1887 1096 2026 1165 tuis
2075 1095 2211 1165 diis
2255 1097 2544 1187 (magna
2593 1120 2840 1168 rursus

280 1205 442 1253 voce
490 1183 1016 1273 clamaverunt),
1070 1206 1109 1253 o
1142 1181 1640 1255 infelicissime:
1682 1185 2023 1254 babemus
2057 1197 2369 1255 nostrum
2421 1199 2835 1256 servatorem

275 1285 340 1342 et
390 1274 784 1353 Dominum,
829 1294 1034 1359 quem
1086 1272 1158 1341 in
1194 1273 1521 1342 omnibus
1555 1273 1940 1361 adjutorem
1990 1273 2309 1354 fatemur,
2347 1286 2414 1344 et
2460 1276 2809 1345 scimus»

364 1364 402 1448 ἓ
448 1367 600 1434 16.
654 1360 922 1431 Veritus
984 1382 1147 1451 ergo
1206 1372 1675 1451 transgressor
1705 1419 1721 1443 ,
1768 1384 1877 1442 ne,
1932 1362 2102 1432 dum
2151 1384 2268 1432 eos
2319 1364 2542 1453 magis
2581 1364 2842 1433 exami-

280 1463 493 1532 naret,
542 1451 835 1539 majores
884 1449 1223 1540 acciperet
1271 1451 1756 1532 contumelias,
1796 1450 1954 1523 illos
2001 1451 2310 1539 quidem,
2366 1463 2442 1520 ut
2491 1474 2667 1539 quos
2718 1452 2839 1521 de-

281 1554 623 1630 sperasset
651 1561 724 1608 se
770 1539 1055 1608 omnino
1107 1561 1646 1629 persuasurum,
1704 1540 1989 1610 omnino
2039 1540 2364 1627 reliquit:
2417 1541 2841 1610 convertitur

277 1641 505 1698 autem
569 1650 815 1698 rursus
862 1628 946 1698 ad
1000 1628 1435 1709 Manuelem,
1491 1628 1822 1718 deceptus
1873 1627 2164 1709 stultuS,
2218 1640 2296 1699 ut
2343 1630 2465 1715 qui
2536 1629 2842 1700 crederet

280 1716 421 1786 fore
461 1728 538 1786 ut
571 1716 627 1786 is
675 1717 760 1786 ad
814 1719 1046 1808 ipsum
1079 1716 1476 1798 declinaret,
1512 1718 1574 1786 ei
1616 1718 1844 1789 minas
1884 1730 1948 1786 et
1980 1740 2225 1787 rursus
2275 1718 2538 1808 majora
2590 1741 2840 1819 propo-

279 1827 451 1876 nens
500 1806 847 1896 supplicia
906 1806 1276 1896 prioribus.
1336 1806 1462 1875 Sed
1515 1828 1639 1876 nec
1689 1806 1805 1875 ille
1856 1806 1960 1875 vir
2012 1807 2335 1896 egregius
2398 1818 2502 1877 est
2548 1828 2836 1876 omnino

276 1915 647 1964 conversus
704 1894 789 1963 ad
839 1917 919 1964 ea
967 1916 1142 1982 quae
1200 1894 1478 2053 iamdiu
1525 1906 1684 1964 ante
1742 1906 2296 1985 contempserat,
2372 1910 2437 1964 et
2503 1897 2838 1987 majorem

281 1983 578 2053 ostendit
638 1983 1097 2054 constantiam
1132 2039 1147 2064 ,
1230 1983 1418 2053 ibera
1467 1996 1533 2053 et
1583 1983 1955 2053 confidenti
2007 2006 2166 2052 voce
2228 1984 2585 2055 clamans:
2641 2009 2676 2051 «
2709 1990 2843 2054 Cur

281 2094 453 2141 vane
484 2071 813 2142 laboras?
862 2078 996 2143 Cur
1035 2085 1097 2142 te
1145 2072 1401 2144 frustra
1450 2073 1893 2162 impudenter
1940 2074 2146 2163 geris,
2201 2095 2241 2140 o
2288 2078 2637 2162 Tyranne?
2663 2074 2841 2157 Quid

281 2184 418 2230 non
461 2183 541 2229 ex
591 2162 844 2233 nostris
880 2162 1059 2231 nosti
1109 2165 1657 2253 saepenumero?
1706 2163 1938 2231 Nescis
1986 2171 2327 2248 quaenam
2392 2162 2479 2230 sit
2530 2163 2731 2233 nobis
2777 2175 2842 2232 et

286 2251 644 2330 sententia,
688 2273 846 2320 cum
884 2252 1107 2322 simus
1157 2273 1340 2321 unus
1373 2251 1500 2321 uni
1548 2249 1879 2351 colligati,
1916 2262 1979 2319 et
2029 2273 2248 2319 unum
2286 2271 2527 2320 omnes
2577 2251 2836 2320 sentia-

284 2338 490 2407 mus?
536 2344 664 2408 Aut
692 2361 856 2430 ergo
905 2353 1040 2409 tres
1089 2362 1364 2430 supera,
1420 2351 1539 2408 aut
1585 2362 1624 2408 a
1660 2340 1881 2409 tribus
1921 2338 2183 2408 recede.
2239 2344 2352 2407 Est
2402 2339 2840 2408 venerandus

284 2447 618 2496 numerus
666 2429 1050 2508 ternariuS,
1102 2450 1238 2516 quo
1297 2450 1421 2499 nos
1471 2449 1718 2497 sumus
1781 2427 2124 2497 honorati.
2200 2431 2446 2497 Sancta
2512 2428 2841 2497 Trinitate

283 2538 407 2586 nos
450 2531 584 2587 tres
610 2518 857 2588 sumus
908 2518 1183 2598 muniti,
1240 2541 1280 2587 a
1319 2539 1453 2603 qua
1484 2516 1686 2586 nobis
1711 2540 1984 2606 quoque
2024 2517 2239 2599 adest,
2280 2530 2356 2587 ut
2389 2518 2612 2587 simus
2634 2518 2837 2599 uniti,

281 2616 347 2674 et
378 2619 454 2676 ut
506 2628 915 2676 maneamus
963 2606 1261 2707 infracti,
1318 2620 1384 2675 et
1418 2605 1589 2675 nibil
1645 2606 2177 2677 reformidemus
2225 2628 2305 2675 ex
2338 2606 2423 2676 iis
2471 2629 2648 2694 quae
2680 2619 2845 2677 sunt

281 2694 658 2764 terribilia:
707 2696 854 2783 jam
912 2696 1099 2764 enim
1172 2716 1418 2764 rursus
1490 2693 1804 2764 dicemus
1872 2717 1953 2764 ea
2007 2716 2186 2782 quae
2250 2717 2453 2785 saepe
2502 2696 2833 2764 diximuS.

280 2789 467 2866 Quae
514 2785 700 2853 enim
750 2796 912 2853 sunt
950 2785 1186 2866 uniuS,
1244 2783 1453 2853 trium
1490 2804 1640 2853 esse
1687 2784 2027 2855 existima.
2089 2784 2360 2864 Fidem,
2411 2785 2480 2854 in
2532 2807 2670 2871 qua
2721 2806 2839 2852 su-

281 2895 439 2942 mus
505 2872 713 2942 simul
763 2872 1076 2953 educati,
1135 2871 1423 2942 minime
1471 2872 1999 2961 abjurabimus,
2055 2884 2210 2942 tuos
2265 2872 2639 2942 daemones
2700 2895 2836 2941 non

282 2961 617 3042 colemuS,
666 2962 1031 3031 Dominum
1075 2975 1387 3031 nostrum
1421 2973 1485 3030 et
1525 2965 1737 3030 Deum
1779 2961 2067 3030 minime
2101 2961 2602 3049 relinquemuS,
2644 2983 2841 3052 prae-

281 3051 501 3120 sentia
534 3049 790 3119 futuris
840 3071 974 3120 non
1027 3051 1481 3132 mutabimus,
1536 3072 1759 3137 neque
1796 3050 2008 3120 vitam
2059 3052 2334 3121 brevem
2366 3063 2431 3120 et
2478 3051 2830 3133 fluentem,

279 3150 575 3219 aeterna,
620 3148 685 3207 et
732 3161 909 3227 quae
957 3151 1111 3220 stat,
1166 3153 1231 3208 et
1264 3161 1536 3229 semper
1584 3139 1825 3208 eodem
1878 3139 2085 3209 modo
2133 3162 2204 3210 se
2253 3138 2530 3209 habet.»

368 3230 405 3315 ξ
453 3232 584 3300 n.
667 3231 831 3298 Cum
888 3240 1039 3319 post
1113 3229 1281 3298 haec
1336 3228 1657 3318 perplexo
1727 3241 1905 3299 esset
1970 3228 2206 3297 animo
2278 3227 2392 3297 ille
2444 3227 2723 3308 infelix,
2775 3239 2844 3297 et

281 3316 486 3407 plane
536 3338 728 3407 spem
778 3339 1055 3386 omnem
1105 3318 1490 3407 abjecisset,
1549 3316 1747 3386 valde
1797 3318 2070 3398 timens,
2121 3338 2205 3386 ne
2259 3318 2519 3407 insigni
2571 3329 2835 3387 sancto·

284 3427 438 3475 rum
492 3406 903 3487 constanti&
945 3427 1025 3474 ex
1075 3405 1160 3474 iis
1189 3427 1462 3493 quoque
1516 3407 1636 3492 qui
1677 3429 1837 3476 cum
1888 3429 1967 3476 eo
2018 3417 2236 3487 erant,
2281 3418 2842 3477 converterentur

280 3494 520 3582 aliqui,
559 3507 625 3565 et
672 3493 812 3564 illis
861 3494 1302 3576 adderentur,
1358 3508 1523 3564 tunc
1570 3494 1698 3564 fert
1730 3496 1799 3564 in
1836 3496 2025 3586 ipsos
2067 3495 2505 3576 sententiam,
2552 3495 2835 3583 jubenS,

281 3596 358 3653 ut
391 3582 605 3653 clavis
655 3584 850 3674 prius
880 3581 1114 3653 infixis
1162 3605 1399 3653 eorum
1449 3583 1820 3674 capitibuS,
1873 3596 1940 3653 et
1976 3583 2201 3652 acutis
2252 3583 2719 3652 arundinibus
2768 3584 2839 3651 in

285 3693 559 3762 ungues
605 3693 842 3740 eorum
904 3672 1263 3753 immissis,
1318 3672 1829 3741 abducerentur
1866 3685 1932 3741 et
1980 3672 2185 3740 vitam
2240 3671 2522 3741 finirent
2577 3671 2833 3771 gladio.

281 3760 539 3829 Deinde
576 3772 654 3831 ut
703 3761 931 3831 statim
976 3782 1185 3851 rogus
1218 3782 1495 3849 quoque
1542 3760 2055 3840 accenderetur,
2082 3772 2147 3829 et
2189 3782 2428 3829 eorum
2460 3759 2844 3846 abjiceren-

281 3862 393 3919 tur
419 3872 734 3940 corpora‚
779 3859 857 3919 ut
906 3871 991 3919 ne
1040 3849 1391 3941 pulverem
1432 3849 1717 3938 quidem
1767 3848 2003 3919 liceret
2032 3849 2272 3919 efferre
2304 3849 2734 3929 ChristianiS,
2784 3848 2841 3919 si

280 3937 409 4007 hoc
457 3937 679 4009 facere
727 3938 1089 4009 voluerint.
1147 3938 1375 4008 Sancti
1423 3960 1632 4029 ergo,
1710 3938 1829 4025 qui
1895 3937 2331 4008 ducebantur
2377 3961 2416 4007 a
2472 3937 2837 4018 militibus,

283 4039 737 4114 pervenerunt
769 4027 855 4096 ad
909 4027 1164 4105 locum,
1201 4026 1272 4095 in
1308 4049 1445 4114 quo
1476 4039 1671 4096 erant
1698 4027 2259 4108 consummandi,
2307 4027 2429 4115 qui
2465 4028 2837 4097 vocabatur

284 4117 731 4186 Constantini.
786 4121 944 4185 Erat
972 4128 1201 4186 autem
1234 4138 1586 4207 praecepS‚
1614 4128 1682 4185 et
1719 4137 2005 4186 accessu
2051 4115 2431 4187 admodum
2478 4115 2789 4187 difficilis
2823 4138 2837 4182 ε

286 4202 357 4271 in
410 4224 545 4290 quo
589 4205 797 4275 etiam
829 4205 1206 4286 constituti,
1267 4203 1547 4276 ultimas
1598 4226 1834 4296 preces
1885 4204 2215 4275 fuderunt
2271 4206 2586 4275 Domino.
2644 4210 2844 4274 Cum-

237 4348 241 4352 .
282 4312 418 4450 gne
469 4295 723 4381 precati
756 4306 984 4364 essent
1014 4300 1365 4384 MartyreS,
1421 4293 1651 4364 statim
1703 4292 1986 4363 fuerunt
2039 4294 2140 4364 eis
2179 4306 2538 4385 amputata
2583 4294 2837 4384 capita,

334 4379 630 4452 ecimose
685 4383 851 4452 timo
880 4383 1093 4453 Junii.
1149 4383 1469 4454 Protinus
1501 4394 1730 4451 autem
1775 4382 1969 4454 locus
2017 4383 2088 4452 in
2138 4404 2277 4469 quo
2326 4383 2621 4462 stabant,
2673 4381 2842 4452 scis-

283 4491 407 4541 sus
466 4468 537 4538 in
659 4494 782 4542 uas
846 4486 1069 4562 partes
1099 4527 1114 4553 ,
1191 4493 1428 4542 eorum
1504 4471 2030 4562 comprehendit
2106 4493 2438 4562 corpora,
2504 4483 2580 4540 ut
2654 4469 2844 4539 salva
