3357 4995
675 336 802 402 274
1411 355 1489 401 nn
1539 356 1593 400 s.
1649 354 1973 403 uonurmo
2022 354 2297 402 saxum
2779 321 2998 402 JUNII
3053 340 3136 402 ⁴2

591 434 974 505 mercedem
1015 446 1543 522 consequatur.»
1581 439 1720 525 Ego
1751 447 1981 505 autem
2011 455 2255 504 rursus
2275 435 2340 503 ei
2366 434 2548 504 dixi:
2585 440 2805 505 «Bone
2831 450 3045 526 pater,
3079 436 3139 505 si

592 547 745 594 sum
779 523 1057 612 dignuS,
1097 524 1304 612 cupio
1352 523 1664 624 habitarp
1713 523 1781 592 in
1838 524 1967 593 hoc
2008 523 2196 604 loc0,
2249 536 2615 613 postquam
2650 536 2736 594 ‚tu
2767 545 2805 592 e
2852 545 3139 615 corpore

590 612 1030 682 excesseris.»
1065 617 1129 680 Is
1158 619 1315 682 vero
1341 611 1511 680 dixit
1551 612 1748 681 mihi:
1786 636 1821 678 «
1849 613 1997 694 Fili,
2042 633 2180 681 non
2219 612 2468 681 venisti
2498 612 2583 681 ad
2620 611 2802 682 hanc
2836 613 3140 688 admini-

591 701 1029 770 strationem:
1074 700 1192 770 sed
1230 705 1408 771 Deus
1447 714 1510 771 te
1560 701 1771 782 misit,
1812 713 1886 771 ut
1919 722 2181 771 recrees
2230 721 2395 771 suos
2446 713 2744 783 sanctos,
2780 702 2902 789 qui
2943 700 3139 771 habi-

593 801 733 859 tant
781 791 851 857 in
905 789 1300 870 solitudine,
1344 802 1409 859 et
1462 791 1848 860 annuncies
1901 790 2164 860 bonum
2213 789 2493 859 odorem
2550 811 2791 859 eorum
2847 791 3019 859 vitae
3063 791 3133 858 in

590 879 817 947 medio
854 877 1164 947 fratrum.
1219 879 1341 948 Abi
1374 900 1559 979 ergo,
1607 876 1733 957 fili,
1765 880 1837 947 in
1870 883 2278 979 Aegyptum,
2313 891 2379 947 et
2431 899 2791 969 persevera
2820 879 2892 947 in
2930 879 3135 948 bonis

591 968 915 1068 operibus
947 967 1221 1036 Domini
1263 978 1475 1036 nostri
1513 968 1688 1036 Jesu
1736 967 2007 1048 Christi,
2053 965 2461 1076 praedicans
2499 967 2829 1037 omnibus
2851 989 2930 1037 ea
2959 990 3139 1054 quae

592 1056 821 1125 vidisti
862 1057 932 1123 in
965 1055 1409 1125 solitudine.»

679 1149 715 1230 ἓ
773 1149 916 1218 14.
971 1149 1149 1213 Haec
1198 1165 1358 1213 cuin
1408 1144 1693 1215 dixisset
1739 1145 2172 1214 venerandus
2221 1165 2423 1216 senex
2467 1144 2877 1226 Honosrius,
2932 1145 3132 1214 humi

594 1232 859 1324 procidi
893 1232 976 1301 ad
1006 1233 1152 1322 ejus
1188 1232 1416 1323 pedes,
1453 1232 1715 1303 dicens:
1753 1256 1789 1298 «
1819 1232 2106 1302 Benedic
2138 1233 2352 1333 igitur
2378 1233 2549 1301 mihi
2584 1244 2797 1324 pater,
2836 1246 2914 1303 ut
2943 1234 3134 1302 inve-

594 1322 784 1391 niam
817 1343 1045 1391 coram
1100 1327 1233 1390 Deo
1267 1321 1838 1401 misericordiam,
1898 1335 1963 1391 et
2001 1323 2204 1393 sicuti
2244 1322 2538 1426 dignum
2587 1343 2695 1392 me
2743 1324 3013 1393 censuit
3062 1323 3132 1390 in

594 1411 723 1480 hoc
754 1410 1015 1479 mundo
1056 1410 1359 1479 Salvator
1398 1422 1647 1491 noster,
1680 1421 1757 1479 ut
1785 1422 1848 1480 te
1886 1432 2267 1491 venerarer,
2300 1432 2540 1480 rursus
2572 1431 2845 1498 quoque
2860 1412 3127 1499 jubeat,

591 1512 669 1568 ut
702 1500 768 1566 in
809 1499 1120 1568 futurum
1158 1499 1469 1570 seculum
1499 1522 1577 1568 eo
1607 1499 1864 1588 dignus
1890 1500 2216 1569 habear.»
2266 1504 2422 1589 lpse
2452 1511 2680 1568 autem
2724 1499 2897 1567 mihi
2931 1500 3126 1569 dixit:

594 1611 630 1653 «
671 1587 793 1655 Fili
829 1587 1196 1677 Paphnuti,
1240 1587 1423 1675 quod
1472 1589 1712 1657 attinet
1758 1587 1842 1657 ad
1885 1610 1963 1657 ea
2010 1609 2185 1675 quae
2233 1588 2431 1679 petis,
2488 1588 2825 1657 Dominus
2870 1610 3133 1675 nequa-

591 1697 800 1762 quam
851 1688 913 1744 te
947 1676 1198 1746 afficiet
1223 1676 1569 1745 molestia:
1609 1676 1734 1746 tibi
1772 1699 1927 1746 vero
1953 1677 2328 1758 benedicet,
2362 1690 2428 1746 et
2454 1688 2643 1747 tuam
2693 1674 3132 1747 confirmabit
3199 1692 3204 1696 ’

591 1764 1022 1838 charitatem,
1067 1778 1130 1833 et
1161 1764 1586 1835 illuminabit
1646 1779 1801 1835 tuos
1848 1766 2083 1836 oculos
2117 1766 2202 1835 ad
2251 1767 2401 1855 eJus
2448 1764 2901 1846 divinitatem,
2955 1778 3019 1834 et
3068 1779 3133 1834 te

595 1852 916 1922 liberabit
963 1853 1050 1921 ab
1084 1854 1273 1922 omni
1331 1877 1500 1924 casu
1545 1866 1609 1923 et
1661 1855 1961 1923 vinculis
2018 1854 2415 1934 adversarii,
2468 1866 2533 1923 et
2584 1854 2653 1922 in
2718 1868 2778 1922 te
2827 1854 3132 1945 perficiet

591 1963 791 2030 opus,
838 1942 1020 2028 quod
1057 1964 1128 2011 es
1159 1965 1550 2032 aggressus.
1585 1949 1943 2043 Protegent
1981 1957 2042 2013 te
2081 1943 2265 2013 oculi
2303 1943 2479 2029 ejus,
2511 1955 2575 2011 et
2620 1942 3009 2012 custodient
3043 1945 3131 2014 ab

589 2029 865 2099 insidiis
913 2031 1202 2112 inimici,
1242 2031 1551 2118 nihilque
1592 2033 1963 2112 invenient,
2007 2033 2076 2100 in
2128 2053 2264 2119 quo
2301 2043 2363 2101 te
2400 2032 2668 2122 possint
2699 2053 3027 2101 accusare
3058 2033 3131 2100 in

589 2119 762 2188 hora
795 2119 1106 2200 terribili,
1143 2120 1210 2186 in
1263 2142 1400 2206 qua
1446 2143 1518 2188 es
1568 2120 1753 2210 apud
1810 2125 2018 2190 Deum
2080 2119 2451 2199 sistendas,
2497 2132 2563 2189 et
2607 2141 2893 2189 causam
2933 2132 3124 2188 tuam

590 2207 1074 2277 defensurus»
1125 2214 1278 2278 Post
1326 2209 1490 2277 haec
1539 2217 1771 2278 autem
1821 2231 2135 2300 surgens,
2173 2210 2388 2277 oravit
2422 2213 2635 2279 Deum
2684 2231 2846 2278 cum
2903 2210 3123 2297 lacry-

590 2297 725 2365 mis
773 2308 836 2364 et
879 2296 1113 2366 multis
1153 2297 1524 2385 gemitibus
1556 2321 1568 2363 :
1604 2310 1669 2367 et
1699 2298 1904 2388 paulo
1954 2310 2106 2389 post
2131 2320 2287 2367 cum
2325 2320 2404 2367 ea
2443 2298 2594 2387 ipsa
2624 2297 2795 2367 hora
2821 2319 2898 2367 se
2931 2297 3131 2366 humi

587 2384 969 2471 dejecisset,
1022 2398 1543 2457 consummatus
1600 2399 1701 2457 est
1756 2386 1826 2454 in
1876 2388 2198 2468 Domino,
2262 2387 2331 2455 in
2380 2387 2531 2476 ejus
2580 2407 2832 2456 manus
2880 2386 3128 2456 tradito

589 2474 839 2564 spiritu
878 2495 1036 2544 cum
1090 2474 1365 2544 laetitia.
1421 2475 1654 2545 Statim
1706 2496 1862 2547 vero
1890 2475 2125 2546 audivi
2153 2497 2383 2547 vocem
2418 2474 2867 2566 Angelorum,
2912 2480 3157 2544 Deum‘

589 2585 843 2653 magna
876 2585 1034 2632 voce
1064 2563 1494 2634 laudantium
1533 2578 1690 2634 ante
1730 2566 2035 2634 animam
2077 2566 2256 2635 beati
2314 2577 2380 2635 et
2427 2564 2850 2646 sanctissimi
2902 2568 3128 2633 Hono·

589 2651 740 2720 srii:
779 2665 1056 2739 eratque
1089 2674 1417 2743 magnum
1467 2654 1802 2743 gaudium
1862 2676 1941 2723 ea
1992 2654 2169 2723 hora
2215 2675 2353 2740 qua
2405 2654 2463 2722 is
2502 2653 2590 2722 ad
2651 2658 2864 2722 Deum
2913 2654 3119 2722 venit.

585 2744 724 2832 Ego
772 2754 997 2810 autem
1048 2763 1207 2811 cum
1259 2764 1368 2810 me
1414 2742 1754 2813 exuissem
1796 2764 1898 2823 eo,
1937 2743 2120 2829 quod
2156 2744 2534 2833 gestabam,
2587 2741 3015 2821 lebitonaria.
3061 2754 3127 2810 et

585 2829 734 2900 e'us
785 2842 1168 2899 transversa
1198 2830 1576 2910 solvissem,
1612 2852 1691 2900 ea
1740 2832 1809 2899 in
1843 2832 1985 2901 duo
2010 2832 2247 2900 divisi:
2296 2842 2362 2900 et
2408 2852 2569 2900 cum
2620 2829 2912 2898 dimidio
2965 2832 3123 2916 qui-

634 2940 740 2986 em
776 2919 926 3006 eJus
965 2940 1216 3008 corpus
1256 2918 1731 2999 involvissem,
1788 2942 1910 3009 pro
1945 2940 2132 2989 more
2179 2921 2553 3007 justorum,
2607 2940 2783 3005 quae
2832 2920 3124 2988 mortuis

587 3018 1039 3095 peraguntur,
1094 3008 1384 3077 contexi.
1446 3006 1747 3078 Alterum
1789 3021 2018 3079 autem
2078 3009 2332 3099 gestavi
2387 3007 2785 3088 dimidium,
2853 3029 2939 3075 ne
2999 3029 3127 3097 ego

587 3115 939 3163 manerem
981 3094 1241 3166 nudus.
1283 3100 1361 3163 Et
1392 3117 1548 3164 cum
1585 3108 1849 3197 petram
1899 3098 2313 3167 invenissem
2350 3118 2746 3177 concavam,
2793 3108 3121 3182 tanquam

584 3184 654 3251 in
698 3184 992 3253 cisterna
1022 3206 1273 3273 corpus
1320 3184 1470 3273 ejus
1503 3184 1643 3253 ilhc
1677 3185 1993 3274 deposui,
2033 3186 2405 3271 multisque
2434 3184 2737 3256 collectis
2771 3184 3125 3274 lapidibus

584 3273 847 3343 contexi
895 3271 1243 3358 reliquias,
1283 3277 1584 3363 Surgens
1619 3285 1871 3354 autem,
1912 3275 2109 3343 oravi
2155 3286 2231 3343 ut
2276 3274 2421 3343 illic
2465 3294 2841 3343 manerem.
2883 3274 3125 3342 Statim

583 3382 740 3429 vero
773 3361 912 3429 vidi
943 3360 1327 3450 collapsum
1360 3362 1745 3461 tugurium,
1777 3375 1841 3431 et
1871 3363 2200 3453 palmam,
2234 3384 2372 3449 qua
2404 3362 2860 3442 nutriebatur,
2897 3362 2918 3429 i
2973 3383 3123 3431 sam

582 3471 852 3535 quoque
885 3448 1598 3519 cecidisse¹similiter.
1640 3451 1834 3533 Quod
1867 3473 2027 3521 cum
2061 3451 2385 3521 vidissem
2420 3462 2559 3521 tam
2586 3452 2721 3521 cito
2760 3451 2903 3520 acci
2961 3451 3117 3530 isse,

581 3551 646 3606 et
692 3560 771 3606 ex
808 3560 887 3607 eo
934 3540 1401 3628 cognovissem
1435 3561 1587 3607 non·
1612 3562 1761 3609 esse
1809 3541 1926 3609 Dei
1957 3539 2402 3621 voluntatem,
2454 3552 2531 3609 ut
2564 3541 2632 3608 in
2674 3539 2794 3609 illo
2826 3540 2974 3609 loco
3005 3540 3125 3607 ha-

581 3627 897 3707 bitarem,
937 3628 1204 3697 comedi
1253 3627 1453 3717 panis
1491 3628 1675 3714 quod
1710 3628 2073 3718 superfuit,
2112 3643 2176 3699 et
2224 3650 2474 3716 aquam
2508 3628 2654 3698 bibi
2688 3628 3028 3698 similiter.

668 3719 705 3803 ξ
752 3721 893 3789 15.
951 3722 1214 3786 Rursus
1264 3728 1490 3785 autem
1511 3718 1823 3789 extensis
1871 3718 1940 3785 in
1973 3718 2197 3790 coelos
2247 3717 2572 3803 manibus
2604 3718 2815 3795 oravi,
2870 3727 2935 3785 et
2980 3715 3125 3783 vidi

578 3805 804 3874 virum
855 3804 1050 3874 illum
1102 3805 1185 3873 ad
1240 3826 1348 3873 me
1397 3806 1778 3890 venientem
1828 3827 1906 3876 eo
1954 3806 2193 3886 modo,
2255 3827 2391 3893 quo
2450 3805 2590 3875 vidi
2630 3805 3001 3875 ambulans
3050 3804 3123 3872 in

580 3893 972 3964 solitudine.
1011 3895 1138 3977 Qui
1181 3893 1352 3962 mihi
1389 3893 1566 3963 vires
1594 3894 1881 3975 addenS‚
1920 3894 2323 3965 ambulabat
2354 3907 2510 3964 ante
2544 3917 2675 3965 me.
2716 3899 2884 3963 Cum
2928 3892 3123 3962 illinc

577 3995 808 4053 autem
859 4003 1077 4053 essem
1127 4004 1466 4073 egressus,
1528 3996 1593 4052 ct
1639 3983 1983 4074 affligerer
2030 3996 2308 4074 propter
2360 3984 2637 4069 beatum
2690 3993 2955 4073 patrem
2982 3983 3124 4049 Ἠο-

575 4072 903 4151 nostium,
958 4093 1200 4141 rursus
1248 4072 1481 4141 animo
1514 4093 1665 4141 meo
1713 4085 2022 4143 exortum
2061 4085 2163 4142 est
2210 4072 2572 4163 gaudium,
2626 4071 2810 4159 quod
2864 4070 3123 4160 dignus

575 4162 705 4229 sim
736 4160 1039 4241 habituS‚
1092 4162 1212 4247 qui
1258 4162 1409 4231 e'us
1469 4174 1704 4231 sancto
1764 4183 1879 4231 ore
1942 4162 2404 4232 benedicerer.
2461 4166 2769 4248 Cumque
2818 4172 3119 4247 quatuor

574 4249 846 4319 dierum
899 4250 1119 4339 spatio
1167 4271 1276 4318 am
1331 4250 1631 4319 ulassem
1670 4306 1685 4331 ,
1740 4251 2001 4321 accessi
2047 4250 2132 4319 ad
2199 4251 2577 4338 quamdam
2627 4248 2874 4319 collam
2941 4268 3123 4334 quae

573 4339 644 4407 in
696 4338 833 4408 alto
880 4337 1101 4408 fuerat
1149 4338 1528 4409 aedificata.
1584 4344 1803 4421 Quam
1854 4340 2235 4429 ingressus,
2283 4340 2636 4409 neminem
2670 4337 2927 4408 inveni.
2962 4336 3118 4405 Sedi

575 4441 802 4499 autem
872 4450 1292 4519 parumper,
1364 4429 1672 4518 cogitans
1740 4440 1804 4498 et
1862 4427 2101 4499 dicens
2165 4428 2351 4519 apud
2403 4451 2547 4500 me:
2604 4431 2807 4499 Estne
2867 4424 3121 4511 aliquis
