3357 4995
231 333 446 401 JUNII
495 335 536 398 8
1067 350 1146 397 na
1194 350 1249 398 s.
1304 349 1596 399 munliaco
1644 348 1941 400 nmscoro
2550 333 2678 401 2⁴5

229 435 496 507 vetulae
528 435 721 505 illius
758 434 1076 505 brachio:
1130 446 1195 504 et
1240 456 1416 522 quae
1465 436 1660 526 prius
1693 435 2225 521 eleemosynam,
2264 446 2591 523 tanquam
2640 436 2766 507 im-

227 548 352 625 pos
384 523 771 603 laborandi,
807 521 1104 594 ostiatim
1134 524 1545 611 quaesierat,
1570 524 1889 612 jamtunc
1921 523 2156 593 effecta
2181 523 2449 606 dociliS,
2479 547 2764 595 suarum

231 637 251 682 1
303 615 449 684 sius
500 613 1005 683 laborationum
1053 612 1278 682 vivere
1324 611 1549 703 coepit
1595 611 1983 704 stipendiis.
2040 617 2285 702 Sospes
2332 612 2570 683 effecta
2598 636 2766 704 gau-

276 715 453 773 etet
503 702 815 782 laetatur,
889 701 1145 791 gratias
1205 702 1656 791 quamplures
1705 723 1830 773 suo
1896 701 2279 790 rependens
2345 703 2759 783 munerario,

232 797 446 862 Deum
512 791 751 861 adorat
814 802 879 858 et
926 803 1308 859 veneratur.
1383 790 1713 860 Similiter
1758 802 1824 859 et
1869 789 2005 858 alia
2055 789 2487 872 muliercula,
2527 789 2765 859 eodem

231 903 483 951 manus
533 879 770 949 morbo
830 878 1173 960 laboranS,
1231 891 1388 948 ante
1434 880 1651 949 sancti
1713 878 2022 970 ejusdem
2074 878 2529 968 praesentiam
2581 879 2768 947 sani-

235 972 349 1039 tati
387 969 697 1041 restituta
746 979 871 1038 est.

317 1061 353 1145 §
407 1051 556 1130 28.
610 1061 766 1126 Post
805 1055 1083 1144 aliquod
1137 1078 1288 1125 vero
1338 1068 1469 1126 tem
1526 1056 1665 1125 oris
1715 1054 2175 1135 intervallum,
2228 1076 2389 1124 cum
2428 1056 2576 1145 jam
2621 1055 2769 1146 ipse

233 1147 425 1216 locus
477 1145 733 1215 multae
778 1144 1321 1232 circumquaque
1385 1145 1470 1214 ha
1523 1158 1752 1215 eretur
1798 1143 2241 1223 venerationi,
2296 1144 2768 1215 Warinbertus

230 1235 543 1323 quidam,
581 1234 702 1321 qui
740 1234 840 1303 sic
888 1233 1400 1313 nominabatur,
1479 1245 1584 1302 ost
1615 1232 2026 1303 venerabilis
2054 1232 2357 1303 Autberti
2405 1232 2766 1303 decessum

229 1325 422 1414 regia
457 1323 934 1413 praeceptione
984 1321 1418 1412 regendumi
1472 1344 1580 1392 em
1629 1320 2027 1392 coenobiale
2073 1321 2379 1411 suscepit
2426 1333 2767 1393 monaste-

231 1414 438 1483 rium.
485 1416 632 1494 Quo
680 1432 839 1481 cum
891 1410 1154 1498 aliquot
1200 1411 1456 1501 potitus
1488 1423 1663 1482 esset
1709 1412 1937 1492 annis,
1973 1409 2421 1481 Drausionem
2458 1411 2766 1481 Suessio-

233 1503 426 1576 nicae
474 1500 770 1569 civitatis
818 1499 1232 1590 Episcopum
1280 1500 1419 1570 vita
1456 1499 1743 1590 contigit
1771 1499 2116 1581 excedere,
2156 1499 2526 1586 sedemque
2575 1498 2766 1568 illam

232 1588 645 1678 aliquandiu
680 1588 943 1675 absque
992 1601 1249 1659 rectore
1297 1610 1584 1659 vacuam
1617 1609 1916 1659 manere.
1971 1592 2129 1658 Post
2173 1588 2325 1677 ejus
2371 1599 2601 1657 autem
2662 1587 2766 1657 lu·

277 1679 486 1749 ubres
536 1677 839 1757 inferias,
891 1677 1211 1747 unanimi
1258 1677 1548 1747 consilio
1595 1678 1777 1768 regis
1814 1689 1880 1747 et
1926 1678 2206 1756 civium,
2259 1676 2767 1747 Warinbertum

232 1703 462 1846 fiune,
515 1765 880 1836 cathedrae
935 1764 1035 1835 illi
1100 1765 1502 1856 pontificali,
1572 1787 1699 1835 suo
1767 1766 1989 1867 magis
2044 1787 2252 1853 quam
2303 1766 2441 1845 Dei,
2496 1779 2572 1836 ut
2618 1777 2770 1856 post

235 1860 481 1947 patuit,
535 1855 843 1936 arbitrio,
890 1865 1219 1924 rectorem
1278 1855 1731 1926 substituunt.
1784 1858 1912 1937 Qui
1953 1855 2242 1945 adeptus
2290 1855 2594 1945 regimen
2628 1854 2771 1944 epi-

232 1968 345 2017 sco
401 1945 508 2015 ale
551 1943 767 2014 multo
823 1942 1220 2014 elaborabat
1265 1944 1518 2024 studio,
1571 1965 1657 2013 ne
1705 1944 1919 2035 priori
1963 1943 2343 2034 privaretur
2391 1941 2763 2033 dignitate:

232 2047 295 2103 et
377 2035 504 2105 icet
551 2055 711 2102 cum
762 2031 1167 2103 difficultate
1203 2055 1334 2102 non
1389 2033 1701 2114 minima,
1745 2032 2045 2103 obtinuit
2078 2044 2328 2114 tamen,
2366 2031 2550 2119 quod
2594 2030 2770 2101 male

232 2124 645 2211 quaesierat.
688 2121 878 2191 Eheu
935 2142 1167 2191 socors
1215 2121 1426 2191 nimis
1472 2133 1536 2191 et
1581 2122 1602 2189 i
1657 2143 1831 2191 nava
1870 2143 2065 2191 mens
2113 2121 2517 2191 hominuml
2572 2121 2773 2193 Miser
2848 2167 2865 2187 .

235 2212 347 2280 hic
398 2212 616 2280 nimia
673 2222 1080 2280 exaestuans
1141 2210 1537 2300 cupiditate,
1604 2146 1774 2280 gum
1843 2232 2091 2300 pravae
2145 2232 2310 2281 suae
2370 2210 2769 2279 ambitionis

233 2322 486 2391 augere
535 2319 670 2367 non
721 2311 943 2369 cessat
988 2301 1508 2379 commercium,
1560 2298 1869 2390 corporis
1903 2299 2013 2369 sui
2060 2309 2125 2368 et
2161 2298 2344 2385 quod
2390 2298 2768 2368 dolendum

233 2402 357 2471 est,
413 2388 687 2457 animae
746 2395 1022 2475 quoque
1082 2388 1216 2459 sibi
1280 2402 1638 2479 praeparat
1707 2387 2016 2459 exitium.
2069 2392 2373 2458 Attentus
2429 2387 2769 2475 siquidem

233 2489 421 2549 extra
448 2476 731 2547 modum
765 2477 1055 2569 negotiis
1087 2476 1539 2559 secularibuS,
1565 2501 1647 2549 ac
1674 2477 1821 2549 suis
1849 2476 2008 2567 plus
2017 2477 2209 2567 justo
2285 2475 2464 2546 ravis
2493 2475 2771 2546 inhians

234 2566 757 2657 cupiditatibuS,
796 2565 1026 2636 locum
1059 2565 1256 2636 illum
1286 2578 1604 2636 sanctum
1642 2566 1981 2657 neglectui
2006 2565 2229 2655 coepit
2298 2564 2522 2645 abere,
2607 2586 2770 2635 uae-

235 2677 367 2743 que
415 2655 591 2724 inibi
628 2678 668 2724 a
718 2655 997 2745 regibus
1043 2667 1109 2724 et
1155 2654 1312 2726 aliis
1342 2676 1465 2746 pro
1510 2654 2104 2744 eleemosynarum
2148 2654 2506 2743 largitione
2600 2675 2771 2744 epu-

238 2756 370 2814 tata
418 2742 714 2825 fuerant,
768 2744 914 2813 suis
949 2742 1126 2813 male
1171 2743 1419 2815 usibus
1469 2744 1780 2813 retinere.
1835 2747 2022 2826 Quae
2070 2741 2241 2812 inibi
2290 2746 2422 2812 Deo
2475 2742 2772 2835 servien-

239 2833 424 2902 tibus
460 2832 695 2902 fldeles
743 2832 1025 2919 quique,
1063 2832 1177 2901 Dei
1226 2844 1291 2902 et
1339 2837 1404 2902 S.
1459 2831 1762 2902 Medardi
1810 2832 2052 2923 gratia,
2099 2831 2766 2922 praeordinaverant,

239 2923 386 2992 suis
434 2921 582 3011 ipse
631 2921 701 2989 in
753 2920 1095 2992 thesauris
1161 2921 1611 3003 recondebat,
1670 2943 1750 2990 ac
1814 2942 2167 2991 servorum
2209 2920 2323 2989 Dei
2382 2918 2773 3010 posthabita

239 3009 700 3091 solicitudine,
755 3009 1016 3079 reditus
1062 3010 1402 3080 Ecclesiae
1432 3011 1580 3080 suis
1620 3009 2033 3081 satellitibus
2058 3010 2506 3079 irreverenter
2544 3007 2774 3077 distri-

239 3098 514 3169 buebat.
547 3099 813 3191 Quibus
863 3120 1026 3189 prae
1074 3098 1291 3168 nimia
1324 3098 1627 3189 ingluvie
1680 3098 2176 3179 eructantibuS,
2216 3097 2597 3187 spiritualis
2656 3096 2773 3166 illa

238 3208 489 3279 congre
541 3187 677 3257 atio
741 3187 1117 3258 esuriebat:
1182 3188 1329 3257 suis
1392 3187 1609 3257 multo
1672 3188 1830 3257 vino
1885 3188 2486 3267 exaestuantibuS‚
2551 3186 2772 3256 sancti

238 3282 491 3348 Praesu
524 3276 583 3345 is
617 3275 881 3345 familia
929 3297 1054 3366 pro
1103 3276 1318 3346 nimio
1366 3276 1517 3346 sitis
1565 3276 1810 3346 ardore
1854 3297 2024 3366 pene
2056 3276 2437 3361 deficiebat.
2484 3274 2661 3345 Nudi
2708 3288 2773 3344 et

238 3387 580 3456 pauperes
627 3365 805 3434 servi
854 3365 970 3435 Dei
1019 3364 1348 3455 lugebant
1376 3377 1441 3434 et
1481 3364 2073 3435 lamentabantur:
2111 3363 2489 3435 familiares
2541 3379 2770 3435 autem

239 3454 613 3524 miserrimi
662 3452 854 3523 illius
920 3454 1241 3545 Episcopi
1289 3475 1410 3544 per
1456 3452 1718 3544 plateas
1780 3454 1850 3523 in
1901 3452 2205 3523 vestibus
2259 3452 2775 3543 pretiosissimis

238 3543 738 3633 gloriabantur.
791 3542 1331 3612 Acclamationes
1378 3563 1733 3623 servorum
1783 3542 1899 3611 Dei
1948 3541 2160 3612 surda
2199 3542 2579 3632 Episcopus
2610 3562 2775 3610 aure

240 3631 723 3720 pertransibat,
777 3653 936 3701 cum
985 3632 1086 3702 eis
1137 3630 1480 3722 praelatus
1526 3642 1726 3709 esset,
1760 3651 1999 3699 eorum
2047 3629 2588 3717 querimoniam,
2626 3643 2774 3699 tan-

236 3741 448 3808 quam
498 3743 540 3789 a
580 3719 772 3790 nullo
820 3719 1232 3811 arguendos,
1289 3741 1424 3789 non
1457 3719 1609 3788 sine
1650 3718 1869 3789 multa
1901 3719 2131 3789 cordis
2168 3730 2233 3788 et
2261 3719 2401 3789 oris
2446 3739 2778 3809 arrogan-

237 3810 354 3890 tia,
412 3808 845 3880 imminentis
900 3808 1035 3879 sibi
1084 3808 1427 3878 vindictae
1473 3808 1772 3889 nesciuS,
1826 3829 1951 3898 pro
2000 3806 2216 3877 nihilo
2247 3807 2629 3898 reputabat.
2681 3806 2776 3877 Ad

240 3897 520 3968 libitum
571 3919 781 3967 suum
828 3897 1160 3968 miserum
1227 3896 1454 3977 illum,
1509 3896 1630 3984 qui
1681 3896 1975 3986 pastoris
2014 3896 2299 3997 indigne
2344 3896 2478 3965 sibi
2526 3916 2775 3966 nomen

236 3997 715 4076 usurpaverat,
764 4007 923 4057 oves
972 3986 1266 4068 Domini,
1322 4008 1456 4056 non
1493 4007 1658 4055 suas
1694 3998 1980 4056 tractare
2011 3985 2247 4055 licuit:
2287 4005 2525 4054 verum
2558 3983 2773 4064 illius,

239 4076 445 4166 quus
484 4086 678 4144 erant
707 4075 1048 4165 propriae,
1087 4096 1371 4145 manum
1405 4073 1708 4165 effugere
1756 4073 1949 4145 nullo
2000 4074 2201 4144 modo
2241 4073 2484 4164 potuit.
2536 4072 2781 4143 Audiat

240 4185 401 4263 ergo
444 4162 721 4243 intente,
759 4163 1182 4252 quicumque
1223 4163 1664 4255 praelationis
1712 4162 2226 4234 Ecclesiasticae
2274 4161 2587 4254 fungitur
2632 4160 2781 4230 offi-

241 4273 628 4409 cim-Quam
679 4251 967 4323 terribili
1003 4275 1123 4343 pro
1171 4252 1299 4323 hac
1350 4274 1705 4326 servorum
1738 4252 1854 4322 Dei
1893 4252 2377 4323 reclamatione
2409 4271 2781 4342 percussus

244 4354 330 4410 sit
367 4363 452 4431 Ju
506 4363 658 4411 icio.
