3357 4995
323 339 545 406 JUNII
596 339 677 404 ⁴7
1177 356 1256 403 nr.
1304 356 1360 403 s.
1415 356 1601 404 Av1ro
1652 358 2046 406 rassnnnao
2652 343 2782 408 445

324 440 709 521 deterritae,
749 440 1062 598 tantique
1110 439 1434 510 miraculi
1466 440 1827 532 perculsae
1863 454 2166 533 stupore,
2208 464 2344 512 non
2381 441 2637 514 fuerint
2665 465 2876 520 ausae

320 529 560 599 lumen
609 529 784 599 illud
835 551 955 599 coe
983 541 1124 600 este
1170 529 1451 602 intueri.
1500 530 1626 599 Sed
1682 531 2013 604 Dominus
2062 531 2417 622 praescius
2448 531 2869 614 futurorum,

321 640 458 688 non
498 618 829 709 ignorans
861 617 1172 689 futurum
1224 617 1425 688 illum
1474 617 1749 690 fidelem
1801 642 2075 690 servum
2125 642 2360 702 suum,
2399 619 2471 690 in
2523 620 2675 713 ipso
2719 634 2875 692 ortu

319 728 478 777 eum
514 707 990 777 sanctificavit.

410 798 447 883 §
498 800 587 866 71.
642 797 862 866 Crevit
902 795 1062 865 inde
1112 818 1307 886 puer,
1347 809 1603 867 etcum
1636 796 1968 867 infantiae
2006 797 2400 868 rudimenta
2447 799 2870 879 excessisset,

322 882 408 953 ad
458 884 902 955 Mictianense
939 885 1047 976 (a)
1100 887 1594 957 monasterium
1659 886 1946 957 devotus
1997 886 2388 970 advolavit,
2432 886 2880 977 depositaque

317 977 538 1055 coma,
593 974 1013 1043 monachum
1054 974 1402 1064 professus
1449 988 1571 1046 est.
1630 980 1797 1045 Cum
1849 986 2080 1046 autem
2133 976 2390 1046 nedum
2431 977 2698 1058 Abbati,
2758 976 2878 1048 sed

322 1061 530 1131 etiam
580 1062 908 1134 omnibus
943 1085 1118 1154 pura
1143 1064 1361 1132 animi
1397 1063 1839 1154 simplicitate
1868 1064 2199 1147 obediret,
2238 1065 2559 1135 monachi
2589 1064 2877 1154 quidam

319 1150 583 1222 invidia
619 1152 939 1243 correpti,
976 1151 1246 1222 fatuum
1279 1174 1438 1222 eum
1480 1153 1581 1222 vel
1635 1153 1920 1226 brutum
1970 1153 2439 1244 appellabant,
2479 1154 2726 1225 crebro
2776 1154 2881 1224 illi

317 1240 797 1311 obtrectantes.
851 1241 1161 1311 Habebat
1209 1262 1363 1310 vero
1439 1264 1559 1332 pro
1617 1264 1828 1324 more,
1899 1255 2161 1330 partem
2213 1243 2531 1313 ciborum
2581 1266 2879 1314 suorum

320 1327 499 1398 clam
548 1330 785 1420 egenis
815 1329 1180 1419 impartiri,
1236 1352 1440 1419 saepe
1485 1331 1690 1400 etiam
1728 1331 1863 1400 sibi
1895 1330 2220 1402 detractis
2253 1332 2558 1401 vestibus
2589 1332 2880 1402 illorum

322 1429 548 1507 tegere
574 1419 980 1488 nuditatem.
1018 1418 1242 1488 Abbas
1271 1419 1521 1506 itaque,
1560 1419 1852 1491 coeleste
1883 1420 1953 1488 in
1987 1419 2108 1489 illo
2134 1420 2371 1491 lumen
2404 1420 2876 1503 considerans,

324 1506 573 1576 tacitus
606 1507 804 1577 illum
857 1529 1088 1577 amare
1120 1509 1364 1597 coepit,
1417 1509 1940 1596 construxitque
1978 1510 2041 1577 ei
2080 1509 2405 1579 cellulam
2447 1510 2628 1579 intra
2677 1510 2885 1580 vesti-

322 1594 573 1665 bulum
609 1597 1006 1666 monasterii
1044 1596 1283 1686 procul
1319 1598 1405 1666 ab
1454 1597 1634 1679 aliis,
1691 1619 1777 1667 ne
1823 1596 1975 1687 ejus
2022 1599 2387 1688 jejunandi
2435 1611 2501 1667 et
2547 1596 2884 1689 vigilandi

323 1684 698 1755 assiduitas
747 1708 786 1755 a
835 1685 1165 1755 fratribus
1214 1686 1653 1755 ostentationi
1703 1698 1766 1755 et
1815 1687 2251 1777 arrogantiae
2298 1687 2741 1758 tribueretur.
2805 1693 2886 1757 Ut

325 1795 483 1843 vero
532 1796 773 1845 omnes
809 1773 1191 1845 manifestis
1230 1773 1508 1844 indiciis
1544 1774 1659 1844 Dei
1709 1774 2063 1844 hominem
2113 1797 2271 1847 eum
2323 1797 2472 1846 esse
2522 1778 2887 1878 perspicue

325 1873 820 1954 cognoverunt,
858 1863 1071 1934 invito
1122 1860 1390 1932 Cellarii
1421 1885 1682 1934 munus
1721 1864 2258 1934 demandarunt.
2311 1870 2454 1935 Non
2499 1879 2722 1956 potuit
2771 1865 2887 1934 ille

325 1973 646 2021 recusare
686 1951 965 2021 Abbatis
1015 1952 1411 2053 imperium:
1449 1952 1567 2021 sed
1617 1975 1780 2022 cum
1811 1974 1963 2021 eam
2004 1953 2371 2023 ministerii
2422 1954 2771 2024 sarcinam
2812 1956 2883 2024 in

327 2062 491 2110 suos
539 2041 869 2110 humeros
916 2055 1305 2131 receplsset,
1361 2041 1447 2111 ab
1479 2042 1733 2111 immiti
1782 2041 2069 2125 familia,
2124 2043 2390 2114 crebris
2438 2043 2719 2115 insidiis
2769 2044 2886 2113 ho-

328 2142 520 2199 nesta
567 2129 718 2215 ejus
768 2129 1181 2220 simplicitas
1214 2131 1520 2221 appetita
1567 2143 1632 2200 et
1681 2132 2021 2220 exagitata
2068 2144 2192 2201 est.

416 2221 453 2305 ξ
500 2222 592 2289 8.
670 2218 983 2301 Quadam
1034 2232 1262 2290 autem
1312 2232 1541 2300 nocte,
1596 2242 1758 2288 cum
1820 2241 1901 2288 ex
1952 2242 2140 2290 more
2187 2220 2431 2290 Abbati
2480 2220 2889 2290 incumbere

328 2305 580 2376 volenti
629 2307 1080 2388 inserviisset,
1134 2308 1499 2399 cingulum
1552 2329 1718 2376 cum
1779 2308 2095 2377 clavibus
2146 2307 2489 2398 colligatis
2551 2322 2752 2378 caute
2799 2309 2887 2379 ad

333 2394 484 2481 ejus
531 2409 740 2486 caput
785 2397 1151 2486 deposuit,
1222 2396 1595 2482 relictoque
1645 2394 1764 2465 illo
1811 2418 2018 2465 onere
2064 2396 2148 2465 ad
2201 2395 2568 2466 Calauniae
2615 2397 2762 2467 loca
2791 2398 2891 2487 (b)

335 2483 771 2555 abditissima
802 2486 1082 2556 secessit
1113 2511 1126 2554 :
1182 2486 1298 2556 ubi
1329 2483 1652 2555 cellulam
1689 2508 1725 2554 e
1755 2484 2010 2556 vilibus
2060 2497 2292 2557 texens
2325 2485 2667 2577 virgultis,
2705 2486 2890 2556 mul-

339 2573 425 2644 tis
475 2574 725 2644 diebus
773 2573 1083 2656 delituit,
1124 2574 1359 2644 decem
1417 2574 1576 2664 plus
1627 2574 1862 2643 minus
1906 2574 2324 2644 milliaribus
2374 2575 2614 2666 procul
2654 2598 2691 2644 a
2743 2594 2890 2644 mo-

333 2664 655 2733 nasterio.
712 2667 1017 2750 Cumque
1064 2664 1287 2733 Abbas
1312 2663 1396 2732 ad
1442 2676 1815 2733 nocturnas
1866 2662 2107 2733 laudes
2153 2663 2502 2735 canendas
2551 2686 2676 2754 pro
2724 2686 2890 2734 con-

334 2751 702 2823 suetudine
750 2764 1097 2842 surgeret,
1154 2753 1422 2822 labente
1479 2752 1805 2852 cingulO,
1860 2752 2162 2821 clavium
2213 2751 2477 2823 cellarii
2527 2753 2889 2844 strepitum

334 2842 549 2911 audit.
604 2840 1132 2930 Obstupefactus
1183 2842 1417 2942 igitur,
1472 2841 1647 2910 nihil
1691 2840 1961 2910 dubitat
2012 2840 2370 2932 aufugisse
2425 2841 2738 2924 Avitum,
2794 2841 2893 2911 ci-

334 2944 583 3018 tusque
630 2930 715 2999 ad
787 2929 1110 3000 cellulam
1172 2952 1323 3020 ejus
1374 2952 1445 2999 se
1492 2929 1901 3006 conferens,
1956 2951 2298 3017 omneque
2356 2930 2766 3000 coenobium
2829 2942 2893 3000 et

333 3018 624 3088 cellulae
675 3041 1033 3089 nemorosa
1066 3034 1257 3109 septa
1288 3018 1744 3109 perlustranS,
1778 3018 1973 3087 nulla
2005 3019 2267 3087 ratione
2298 3019 2608 3088 invenire
2639 3020 2888 3109 potuit,

333 3130 539 3195 quem
593 3109 813 3177 noctis
844 3109 1164 3178 tenebrae
1211 3107 1411 3177 facile
1458 3107 1922 3178 occultabant.
1980 3112 2125 3176 Non
2153 3107 2452 3178 multum
2502 3121 2733 3178 autem
2786 3108 2897 3176 in-

334 3197 641 3267 tercessit
689 3197 1041 3287 temporiS,
1094 3219 1256 3267 cum
1299 3197 1400 3265 vir
1449 3197 1936 3267 sanctissimus
1975 3197 2415 3278 MaximinuS‚
2468 3198 2590 3284 qui
2641 3218 2761 3286 per
2825 3196 2894 3265 id

338 3298 613 3376 tempus
660 3285 939 3356 Abbatis
990 3286 1372 3357 ministerio
1425 3286 1827 3376 perfunctus
1881 3298 2050 3367 erat,
2106 3285 2427 3376 migravit
2475 3287 2559 3355 ad
2627 3284 2890 3354 coelos:

335 3374 545 3462 cujus
595 3397 788 3444 sacro
842 3376 1126 3444 humato
1178 3397 1489 3465 corpore,
1554 3373 1879 3444 monachi
1930 3373 2015 3443 ad
2068 3374 2561 3461 inquirendum
2626 3373 2897 3443 Avitum

337 3463 548 3533 simul
598 3486 839 3533 omnes
882 3463 1164 3553 profecti
1231 3476 1436 3544 sunt,
1509 3464 1926 3550 tandemque
1975 3485 2045 3533 re
2099 3475 2348 3545 ertum,
2404 3462 2488 3532 ad
2558 3475 2900 3533 monaste-

337 3552 522 3622 rium
574 3554 897 3643 precibus
931 3553 1185 3622 flexum
1242 3552 1624 3634 adducunt,
1672 3552 1946 3639 sibique
1996 3485 2345 3633 Assbatem,
2413 3552 2739 3642 pontifice
2779 3552 2898 3642 ju-

338 3640 564 3722 bente,
603 3642 1057 3711 constituunt.

427 3733 464 3818 §
512 3735 598 3803 4.
652 3735 825 3800 Tum
855 3752 1012 3799 vero
1044 3730 1315 3821 ingrato
1346 3730 1476 3800 sub
1511 3730 1694 3799 fasce
1724 3729 2088 3800 humilitas
2127 3729 2501 3799 sublimata
2535 3729 2893 3821 gemiscit:

342 3841 764 3906 rursumque
814 3818 1048 3908 fugam
1102 3818 1441 3888 meditans
1506 3819 1610 3887 vir
1658 3820 1799 3901 Dei,
1863 3831 2131 3888 terrena
2180 3818 2453 3909 fastigia
2503 3841 2842 3909 respuens
2878 3874 2893 3899 ‚

344 3929 482 3976 uno
520 3921 785 3979 tantum
834 3930 1044 3998 puero
1078 3908 1326 3978 comite
1359 3920 1746 3990 contentuS,
1789 3921 2012 3979 vastas
2047 3907 2456 3979 solitudines
2506 3907 2901 3979 latitaturus

345 3997 615 4085 expetit.
672 4003 830 4066 Erat
876 3997 1161 4083 quidam
1212 3998 1427 4066 eremi
1492 3996 1724 4077 locus,
1785 4019 2145 4068 nemorosa
2204 3995 2447 4067 fronde
2494 4010 2894 4083 contectuS‚

348 4082 692 4173 planeque
733 4086 1215 4156 abditissimus
1263 4087 1330 4154 in
1378 4086 1710 4155 Pictiacae
1756 4086 2063 4174 (Perche)
2101 4085 2331 4176 sylvae
2384 4085 2638 4167 fundo,
2693 4107 2900 4172 quem

348 4171 514 4241 olim
570 4175 800 4265 prisca
834 4196 1084 4246 manus
1115 4188 1608 4257 construxerat,
1665 4174 2092 4263 hederaeque
2135 4173 2498 4266 complexu
2532 4174 2902 4245 horrebant

409 4368 478 4422 (a)
508 4372 645 4423 Mucy
672 4375 841 4423 postea
869 4376 1195 4415 Safar-Maeonia
1224 4387 1248 4416 o
1277 4376 1538 4426 percelebri
1568 4375 1743 4416 Abbate
1774 4378 1823 4416 et
1851 4376 2000 4416 altero
2031 4377 2134 4425 ejus
2163 4375 2419 4416 monasteri
2436 4374 2683 4415 fundatore
2704 4373 2746 4412 Β.
2764 4372 2904 4413 Maxi·

343 4424 487 4470 mino,
508 4427 589 4473 qui
609 4429 786 4467 colitur
805 4438 868 4467 xv
887 4430 987 4469 deo.

397 4474 462 4528 (b)
492 4480 680 4529 Sulmo,
701 4482 759 4521 nd
778 4484 984 4531 quinque
1005 4479 1138 4523 Illinc
1160 4480 1394 4523 mitti-ris.
