3357 4995
236 308 580 375 JUNIIM
1070 324 1148 370 nn
1196 324 1251 372 s.
1310 322 1598 371 BARNABA
1649 321 1963 370 Aros‘roto
2572 305 2701 370 257

234 410 412 481 illud
453 409 664 479 finem
717 407 1019 488 habebit,
1073 407 1193 477 sed
1244 428 1516 499 semper
1563 407 1731 488 erit,
1793 407 1960 485 his,
1995 407 2116 494 qui
2182 407 2530 497 peccando
2578 408 2788 477 vitam

234 509 743 590 transegerunt,
798 496 1258 576 immortalem
1305 519 1595 587 poenam
1646 497 1963 575 afferens,
1998 507 2063 564 et
2112 496 2321 566 finem
2354 495 2629 566 nullum
2672 497 2791 564 ha-
2876 503 2879 506 “

227 589 565 667 ἼΜιαιᾙῐη.
606 591 768 656 Date
818 586 1032 676 igitur
1069 607 1390 677 operam,
1446 596 1526 656 ut
1584 586 1735 654 sine
1781 585 1989 674 culpa
2037 598 2102 654 et
2168 584 2320 653 labe
2386 586 2455 653 in
2511 585 2623 654 die
2670 584 2791 654 illo

232 689 536 746 extremo
593 673 1090 755 inveniamini,
1159 697 1244 744 ne
1314 674 1386 743 in
1452 674 1843 765 gehennam
1894 674 2385 763 sempiternam
2428 672 2785 743 decidatis,

231 765 560 858 Memoria
609 764 916 854 repetite,
968 774 1138 851 quot
1183 764 1385 864 signa
1431 775 1497 833 et
1544 763 1866 853 prodigia
1914 785 2036 852 per
2086 784 2194 830 me
2244 783 2521 831 servum
2581 784 2789 831 suum

229 859 410 925 Deus
441 854 591 943 ipse
623 853 810 943 apud
850 874 970 950 gos
1001 853 1322 932 effecerit,
1353 863 1420 923 et
1448 874 1569 941 pro
1598 874 1709 920 me
1745 857 1958 922 Deum
1986 865 2194 921 orate.
2236 856 2373 941 Ego
2398 852 2581 921 enim
2605 851 2790 940 Jam-

220 944 369 1033 jam
419 941 890 1012 immolandus
939 964 1120 1023 sum,
1175 952 1239 1011 et
1286 954 1561 1031 tempus
1625 940 1801 1011 illud
1856 963 2070 1031 prope
2129 953 2260 1016 est,
2329 963 2467 1028 quo
2516 939 2602 1008 ab
2659 938 2787 1009 hoc

230 1054 514 1122 corpore
561 1031 1045 1101 dissolvendus
1094 1052 1274 1111 sum,
1340 1030 1519 1100 sicut
1565 1032 1900 1100 Dominus
1950 1040 2179 1099 noster
2224 1028 2434 1100 Jesus
2476 1029 2788 1099 Christus

232 1120 407 1190 mihi
455 1120 943 1211 significavit.»

319 1212 355 1295 ξ
405 1215 558 1280 16.
611 1214 789 1279 Haec
829 1232 992 1279 cum
1051 1209 1375 1288 dixisset,
1431 1231 1571 1277 una
1617 1230 1779 1278 cum
1844 1207 2172 1277 omnibus
2226 1212 2437 1277 Deum
2520 1207 2781 1276 oravit:

233 1297 654 1385 multusque·
685 1300 883 1368 fletus
925 1298 1288 1367 bominum
1350 1297 1512 1378 fuit,
1567 1319 1645 1366 eo
1693 1297 1879 1383 quod
1927 1295 2287 1386 Apostolus
2337 1296 2451 1364 ille
2500 1297 2780 1376 dixerat,

235 1399 508 1476 tempus
556 1409 770 1477 prope
807 1409 978 1467 esse,
1032 1407 1170 1474 quo
1231 1409 1272 1455 a
1317 1408 1607 1476 corpore
1653 1385 2144 1455 dissolvendus
2196 1383 2386 1453 foret.
2449 1386 2790 1454 Barnabas

231 1497 393 1544 vero
441 1498 603 1546 cum
665 1496 916 1565 panem
963 1489 1030 1544 et
1063 1475 1350 1545 calicem
1401 1475 1836 1565 sumpsisset,
1890 1485 1955 1544 et
2001 1473 2221 1542 divini
2272 1474 2641 1543 ministerii
2682 1496 2788 1542 or-

234 1564 471 1632 dinem
526 1577 739 1634 totum
782 1564 1285 1654 complevisset,
1340 1586 1482 1633 una
1531 1586 1695 1633 cum
1754 1562 2084 1632 fratribus
2132 1562 2502 1653 participes
2573 1562 2792 1631 factus

233 1666 336 1723 est
386 1654 861 1724 Eucharistiae
911 1653 1426 1743 mysteriorum.
1481 1657 1626 1735 Quo
1677 1652 1877 1731 facto,
1923 1657 2225 1721 Marcum
2266 1673 2497 1721 secum
2534 1652 2797 1721 habens

233 1742 536 1821 secessit,
594 1756 658 1812 et
690 1743 827 1832 ipsi
867 1763 1176 1812 seorsum
1229 1741 1401 1811 dixit
1436 1765 1451 1806 ε
1492 1740 1709 1812 Hodie
1739 1740 2133 1809 infidelium
2180 1741 2228 1808 J
2234 1741 2612 1809 udaeorum
2650 1762 2793 1809 ma-

232 1830 444 1901 nibus
479 1853 588 1900 me
635 1831 1109 1901 consummari
1157 1841 1456 1921 oportet:
1512 1844 1587 1900 tu
1632 1852 1790 1900 vero
1839 1842 2025 1899 extra
2078 1829 2421 1899 civitatem
2462 1828 2791 1899 Occiden-

233 1932 371 1988 tem
417 1941 656 1990 versus
688 1919 1035 2011 egredere,
1073 1931 1140 1989 et
1169 1940 1424 2008 corpus
1475 1941 1708 1989 meum
1748 1919 2097 1987 invenies:
2163 1919 2346 2004 quod
2397 1940 2555 1987 cum
2599 1940 2670 1988 se
2721 1940 2792 1986 e-

235 2007 452 2088 lieriS,
506 2010 611 2078 exi
673 2032 710 2078 e
757 2013 1021 2099 Cypro,
1078 2020 1144 2078 et
1177 2008 1264 2077 ad
1297 2008 1590 2077 Paulum
1618 2008 2077 2097 proficiscere,
2122 2020 2186 2075 et
2236 2019 2378 2076 esto
2429 2029 2586 2076 cum
2618 1941 2737 2076 illi)
2772 2061 2787 2085 ,

233 2097 468 2183 quoad
512 2099 843 2168 Dominus
873 2120 983 2167 res
1018 2110 1171 2167 tuas
1206 2097 1659 2187 disposuerit:
1701 2097 2015 2166 futurum
2046 2096 2231 2164 enim
2264 2108 2386 2175 est,
2430 2109 2506 2163 ut
2543 2117 2789 2164 nomen

239 2207 474 2254 meum
513 2207 634 2278 per
664 2198 882 2256 totum
945 2186 1180 2256 orbem
1232 2198 1569 2257 terrarum
1637 2184 2053 2276 divulgetur'.

320 2278 359 2360 ξ
403 2279 538 2348 12.
594 2281 749 2345 Post
777 2275 944 2344 haec
980 2276 1340 2365 ingressus
1387 2287 1489 2344 est
1535 2275 1883 2344 Barnabas
1934 2276 2004 2342 in
2050 2279 2509 2363 synagogam,
2566 2286 2632 2341 et
2661 2274 2791 2342 Ju-

233 2362 440 2432 daeos
492 2365 680 2455 ipsos
726 2363 1033 2443 docebat,
1090 2364 1231 2433 illis
1270 2363 1687 2454 persuadere
1749 2363 2067 2443 studenS,
2124 2363 2489 2431 Dominum
2547 2367 2786 2430 Jesum

234 2473 385 2521 essc
418 2453 760 2524 Christum
795 2453 1083 2524 viventis
1134 2452 1247 2522 Dei
1309 2452 1560 2523 filiurn.
1614 2452 1724 2522 Illi
1776 2474 1932 2522 vero
1979 2451 2272 2531 Judaei,
2342 2450 2462 2537 qui
2510 2471 2548 2518 e
2597 2450 2793 2540 Syria

234 2541 404 2611 illuc
456 2554 802 2622 venerant,
856 2542 1087 2613 furore
1134 2542 1400 2641 perciti,
1448 2564 1485 2610 e
1525 2547 1892 2632 Synagoga
1944 2553 2411 2617 surrexerunt,
2458 2552 2522 2607 et
2573 2540 2792 2608 mani-

234 2629 370 2701 bus
409 2632 484 2698 in
533 2652 691 2701 eum
733 2631 1084 2721 conjectis,
1138 2652 1212 2700 ln
1274 2631 1645 2701 obscuram
1696 2631 2071 2716 quamdam
2139 2636 2541 2718 synagogae
2606 2627 2793 2697 illius

235 2718 483 2789 cellam
518 2741 738 2806 usque
767 2719 853 2788 ad
889 2720 1181 2789 multam
1217 2731 1487 2788 noctem
1521 2720 2019 2789 custodierunt.
2058 2722 2363 2805 Cumque
2397 2717 2597 2784 illum
2628 2717 2795 2785 edu-

236 2808 520 2889 xissent,
556 2821 621 2877 et
653 2808 892 2878 multis
945 2808 1372 2879 cruciatibus
1413 2807 1824 2889 affecissent,
1882 2820 2225 2898 postremo
2281 2805 2526 2874 nefarii
2566 2806 2792 2874 homi—

237 2918 359 2966 nes
391 2898 712 2967 eumdem
766 2896 1266 2987 lapidaverunt,
1302 2911 1369 2966 et
1413 2917 1707 2966 accenso
1755 2920 1920 2987 rogo
1959 2895 2264 2983 quodam
2299 2917 2577 2983 magno,
2634 2894 2795 2962 bea-

238 2997 384 3054 tum
425 2985 778 3057 Barnabae
824 3008 1078 3077 corpus
1110 2986 1180 3054 in
1214 3008 1376 3056 eum
1434 2987 1898 3073 conjecerunt,
1939 2996 2015 3054 ut
2064 2984 2296 3055 nullae
2347 2984 2569 3072 ipsius
2637 2983 2795 3051 reli—

235 3075 438 3159 quiae
477 3088 939 3165 superessent.
980 3075 1220 3144 Divina
1252 3096 1412 3144 vero
1440 3074 1871 3165 providentia
1924 3075 2178 3143 factum
2215 3086 2339 3151 est,
2382 3085 2459 3141 ut
2492 3072 2797 3161 Apostoli

236 3184 488 3254 corpus
537 3165 883 3255 integrum
921 3176 1373 3255 permaneret,
1412 3186 1636 3250 neque
1660 3164 1749 3233 ab
1786 3164 1942 3253 igne
1969 3164 2119 3252 ipso
2172 3161 2579 3241 laederetur,
2618 3166 2793 3230 Mar-

235 3276 359 3323 cus
390 3254 623 3343 igitur,
672 3264 747 3322 ut
781 3254 1125 3322 Barnabas
1178 3265 1636 3342 praeceperat,
1690 3264 1875 3322 extra
1925 3253 2168 3321 urbem
2219 3272 2539 3341 egressus
2592 3250 2793 3318 Occi-

235 3341 511 3410 dentem
553 3364 791 3412 versus
822 3365 984 3413 cum
1018 3341 1441 3429 quibusdam
1493 3340 1846 3419 fratribus,
1905 3341 2234 3426 reliquias
2284 3340 2506 3407 sancti
2544 3344 2792 3407 Barna-

235 3432 363 3500 bae
414 3430 594 3500 clam
635 3431 942 3513 abstulit,
994 3444 1060 3500 et
1107 3431 1177 3498 in
1228 3430 1561 3520 spelunca
1609 3430 1938 3517 quadam,
1994 3429 2236 3499 stadiis
2293 3428 2431 3497 sere
2480 3427 2794 3513 quinque

236 3520 323 3587 ab
370 3521 544 3589 urbe
569 3520 892 3621 distante,
951 3519 1282 3610 sepelivit.
1338 3524 1487 3589 Mox
1545 3520 1615 3587 in
1666 3519 1911 3588 urbem
1964 3518 2253 3599 reversi,
2309 3517 2595 3606 planctu
2633 3537 2792 3584 eum

241 3622 585 3697 prosecuti
634 3622 817 3680 sunt.
1992 3676 2005 3686 .

325 3699 363 3783 ξ
406 3700 545 3771 18.
603 3696 728 3767 1110
776 3709 1007 3770 autem
1058 3711 1363 3787 tempore
1431 3709 1672 3768 contra
1724 3696 2114 3766 Salaminae
2172 3695 2368 3765 urbis
2422 3693 2794 3763 Ecclesiam

240 3786 627 3874 persecutio
664 3808 915 3878 magna
962 3798 1307 3856 commota
1353 3799 1477 3867 est,
1513 3807 1893 3872 omnesque
1937 3785 2055 3854 alii
2097 3783 2232 3853 alio
2267 3784 2564 3872 dispersi
2608 3794 2792 3850 sunt.

241 3879 478 3961 Itaque
513 3875 746 3946 sancti
779 3875 1079 3965 Apostoli
1138 3875 1486 3944 Barnabae
1534 3875 1935 3964 sepulcrum
1986 3873 2235 3943 deinde
2269 3873 2581 3962 ignotum
2622 3884 2791 3939 erat.

239 3963 534 4033 Proinde
583 3969 854 4037 Marcus
890 3986 1051 4034 cum
1082 3986 1120 4034 e
1168 3969 1388 4054 Cypro
1444 3964 1883 4054 navigasset,
1938 3963 2023 4032 ad
2076 3961 2364 4031 Paulum
2418 3961 2623 4039 venit,
2678 3960 2802 4047 qui

242 4063 385 4121 erat
434 4057 483 4121 E
535 4051 708 4135 hesi,
760 4074 1064 4141 eumque
1124 4053 1209 4123 de
1256 4054 1608 4123 Barnabae
1657 4052 1988 4142 martyrio
2054 4051 2411 4122 certiorem
2473 4050 2652 4120 fecit.
2723 4048 2798 4116 Id

242 4162 402 4210 cum
445 4141 492 4209 il
524 4142 992 4222 aaudivisset,
1037 4141 1466 4231 lacrymavit,
1518 4153 1585 4212 et
1633 4146 1940 4212 Marcum
1983 4162 2218 4211 secum
2268 4140 2509 4210 tenuit.
2566 4145 2801 4208 Postea

245 4251 399 4300 vero
448 4252 610 4301 cum
673 4235 912 4303 Petrus
958 4231 1322 4322 Apostolus
1368 4230 1606 4301 divina
1671 4229 2083 4300 revelatione
2143 4231 2385 4319 jussus
2448 4240 2625 4299 esset
2674 4232 2803 4295 Ro-

245 4340 431 4387 mam
470 4319 841 4411 proficisci,
897 4342 1136 4392 secum
1183 4320 1379 4391 duxit
1405 4332 1472 4390 et
1511 4324 1842 4400 Marcum,
1920 4340 2081 4391 uem
2121 4317 2632 4407 quodammodo
2667 4314 2805 4385 sibi

247 4406 475 4479 filium
562 4421 915 4499 genuerat.
980 4409 1090 4480 Illi
1168 4431 1330 4481 cum
1378 4421 1608 4482 essent
1674 4409 1743 4478 in
1797 4340 1969 4481 urbe
2033 4413 2287 4489 Roma,
2354 4403 2802 4497 Evangelium

407 4518 688 4579 Surius-
715 4517 879 4584 Vitae
903 4518 1011 4585 88.
1036 4549 1061 4566 ·
1082 4518 1206 4579 Vol.
1252 4515 1348 4578 VI.
2570 4518 2643 4574 17
