<?xml version="1.0" encoding="UTF-8"?>
<!DOCTYPE html PUBLIC "-//W3C//DTD XHTML 1.0 Transitional//EN"
    "http://www.w3.org/TR/xhtml1/DTD/xhtml1-transitional.dtd">
<html xmlns="http://www.w3.org/1999/xhtml" xml:lang="en" lang="en">
 <head>
  <title>
</title>
<meta http-equiv="Content-Type" content="text/html;charset=utf-8" />
  <meta name='ocr-system' content='tesseract 3.04.00' />
  <meta name='ocr-capabilities' content='ocr_page ocr_carea ocr_par ocr_line ocrx_word'/>
</head>
<body>
  <div class='ocr_page' id='page_1' title='image "./historiaeseuvit02lippgoog_0414.png"; bbox 0 0 3357 4995; ppageno 0'>
   <div class='ocr_carea' id='block_1_1' title="bbox 657 275 3127 402">
    <p class='ocr_par' dir='ltr' id='par_1_1' title="bbox 657 275 3127 402">
     <span class='ocr_line' id='line_1_1' title="bbox 657 275 3127 402; baseline -0 -12"><span class='ocrx_word' id='word_1_1' title='bbox 657 325 786 390; x_wconf 84' lang='lat'>398</span> <span class='ocrx_word' id='word_1_2' title='bbox 1358 342 1435 388; x_wconf 76' lang='lat' dir='ltr'>nn</span> <span class='ocrx_word' id='word_1_3' title='bbox 1484 341 1539 388; x_wconf 79' lang='lat' dir='ltr'>s,</span> <span class='ocrx_word' id='word_1_4' title='bbox 1594 341 1836 389; x_wconf 59' lang='lat' dir='ltr'>ioanni:</span> <span class='ocrx_word' id='word_1_5' title='bbox 1884 341 2109 389; x_wconf 64' lang='lat' dir='ltr'>rame.</span> <span class='ocrx_word' id='word_1_6' title='bbox 2169 275 2350 389; x_wconf 62' lang='lat' dir='ltr'>micis</span> <span class='ocrx_word' id='word_1_7' title='bbox 2755 326 2991 402; x_wconf 45' lang='lat' dir='ltr'>,JUNll</span> <span class='ocrx_word' id='word_1_8' title='bbox 3045 328 3127 390; x_wconf 69' lang='lat'>⁴6</span> 
     </span>
    </p>
   </div>
   <div class='ocr_carea' id='block_1_2' title="bbox 564 424 3132 1669">
    <p class='ocr_par' dir='ltr' id='par_1_2' title="bbox 564 424 3132 1669">
     <span class='ocr_line' id='line_1_2' title="bbox 566 424 3130 513; baseline 0 -16"><span class='ocrx_word' id='word_1_9' title='bbox 566 427 867 497; x_wconf 88' lang='lat' dir='ltr'>charitas</span> <span class='ocrx_word' id='word_1_10' title='bbox 890 426 944 494; x_wconf 63' lang='lat'>⁴.</span> <span class='ocrx_word' id='word_1_11' title='bbox 983 431 1218 512; x_wconf 88' lang='lat' dir='ltr'>Itaque</span> <span class='ocrx_word' id='word_1_12' title='bbox 1257 424 1437 496; x_wconf 88' lang='lat' dir='ltr'>beati</span> <span class='ocrx_word' id='word_1_13' title='bbox 1486 426 1602 495; x_wconf 89' lang='lat' dir='ltr'>Dei</span> <span class='ocrx_word' id='word_1_14' title='bbox 1652 425 1866 506; x_wconf 88' lang='lat' dir='ltr'>servi,</span> <span class='ocrx_word' id='word_1_15' title='bbox 1931 426 2052 513; x_wconf 93' lang='lat' dir='ltr'>qui</span> <span class='ocrx_word' id='word_1_16' title='bbox 2115 427 2183 495; x_wconf 92' lang='lat' dir='ltr'>in</span> <span class='ocrx_word' id='word_1_17' title='bbox 2227 426 2437 496; x_wconf 89' lang='lat' dir='ltr'>coelis</span> <span class='ocrx_word' id='word_1_18' title='bbox 2464 426 2610 513; x_wconf 86' lang='lat' dir='ltr'>jam</span> <span class='ocrx_word' id='word_1_19' title='bbox 2663 450 2701 495; x_wconf 90' lang='lat' dir='ltr'>a</span> <span class='ocrx_word' id='word_1_20' title='bbox 2753 433 2885 497; x_wconf 91' lang='lat' dir='ltr'>Deo</span> <span class='ocrx_word' id='word_1_21' title='bbox 2933 450 3130 498; x_wconf 91' lang='lat' dir='ltr'>coro-</span> 
     </span>
     <span class='ocr_line' id='line_1_3' title="bbox 569 514 3126 604; baseline -0 -19"><span class='ocrx_word' id='word_1_22' title='bbox 569 527 774 586; x_wconf 89' lang='lat' dir='ltr'>natus</span> <span class='ocrx_word' id='word_1_23' title='bbox 819 527 942 594; x_wconf 90' lang='lat' dir='ltr'>est,</span> <span class='ocrx_word' id='word_1_24' title='bbox 1006 514 1440 604; x_wconf 88' lang='lat' dir='ltr'>triumphum</span> <span class='ocrx_word' id='word_1_25' title='bbox 1509 515 1579 582; x_wconf 92' lang='lat' dir='ltr'>in</span> <span class='ocrx_word' id='word_1_26' title='bbox 1642 514 1843 583; x_wconf 88' lang='lat' dir='ltr'>terris</span> <span class='ocrx_word' id='word_1_27' title='bbox 1891 514 2240 603; x_wconf 81' lang='lat' dir='ltr'>spirituali</span> <span class='ocrx_word' id='word_1_28' title='bbox 2296 514 2550 585; x_wconf 75' lang='lat' dir='ltr'>laetitia</span> <span class='ocrx_word' id='word_1_29' title='bbox 2618 516 3002 586; x_wconf 86' lang='lat' dir='ltr'>exultantes</span> <span class='ocrx_word' id='word_1_30' title='bbox 3053 517 3126 585; x_wconf 89' lang='lat' dir='ltr'>in</span> 
     </span>
     <span class='ocr_line' id='line_1_4' title="bbox 572 602 3125 694; baseline 0.001 -21"><span class='ocrx_word' id='word_1_31' title='bbox 572 604 859 673; x_wconf 90' lang='lat' dir='ltr'>Domino</span> <span class='ocrx_word' id='word_1_32' title='bbox 899 602 1360 682; x_wconf 86' lang='lat' dir='ltr'>celebremus;</span> <span class='ocrx_word' id='word_1_33' title='bbox 1418 603 1537 672; x_wconf 91' lang='lat' dir='ltr'>sed</span> <span class='ocrx_word' id='word_1_34' title='bbox 1587 604 1682 673; x_wconf 92' lang='lat' dir='ltr'>ita</span> <span class='ocrx_word' id='word_1_35' title='bbox 1720 603 2151 675; x_wconf 81' lang='lat' dir='ltr'>celebremus</span> <span class='ocrx_word' id='word_1_36' title='bbox 2211 615 2291 674; x_wconf 88' lang='lat' dir='ltr'>ut</span> <span class='ocrx_word' id='word_1_37' title='bbox 2328 606 2477 694; x_wconf 87' lang='lat' dir='ltr'>ejus</span> <span class='ocrx_word' id='word_1_38' title='bbox 2529 603 2843 687; x_wconf 81' lang='lat' dir='ltr'>laboreS,</span> <span class='ocrx_word' id='word_1_39' title='bbox 2891 605 3125 686; x_wconf 84' lang='lat' dir='ltr'>fidem,</span> 
     </span>
     <span class='ocr_line' id='line_1_5' title="bbox 569 692 3131 792; baseline 0 -29"><span class='ocrx_word' id='word_1_40' title='bbox 569 692 1015 772; x_wconf 85' lang='lat' dir='ltr'>charitatem,</span> <span class='ocrx_word' id='word_1_41' title='bbox 1092 703 1463 779; x_wconf 87' lang='lat' dir='ltr'>sancteque</span> <span class='ocrx_word' id='word_1_42' title='bbox 1529 713 1636 762; x_wconf 92' lang='lat' dir='ltr'>res</span> <span class='ocrx_word' id='word_1_43' title='bbox 1715 704 1942 792; x_wconf 81' lang='lat' dir='ltr'>gestas</span> <span class='ocrx_word' id='word_1_44' title='bbox 1991 693 2409 763; x_wconf 89' lang='lat' dir='ltr'>intueamur.</span> <span class='ocrx_word' id='word_1_45' title='bbox 2482 692 2918 765; x_wconf 86' lang='lat' dir='ltr'>Celebremus</span> <span class='ocrx_word' id='word_1_46' title='bbox 2967 717 3131 786; x_wconf 88' lang='lat' dir='ltr'>ergo</span> 
     </span>
     <span class='ocr_line' id='line_1_6' title="bbox 570 779 3132 870; baseline 0.001 -19"><span class='ocrx_word' id='word_1_47' title='bbox 570 780 1030 870; x_wconf 90' lang='lat' dir='ltr'>triumphum,</span> <span class='ocrx_word' id='word_1_48' title='bbox 1086 779 1452 851; x_wconf 88' lang='lat' dir='ltr'>laudemus</span> <span class='ocrx_word' id='word_1_49' title='bbox 1500 781 1884 860; x_wconf 80' lang='lat' dir='ltr'>victoriam,</span> <span class='ocrx_word' id='word_1_50' title='bbox 1943 794 2019 850; x_wconf 92' lang='lat' dir='ltr'>ut</span> <span class='ocrx_word' id='word_1_51' title='bbox 2080 781 2273 852; x_wconf 91' lang='lat' dir='ltr'>illius</span> <span class='ocrx_word' id='word_1_52' title='bbox 2329 803 2647 853; x_wconf 87' lang='lat' dir='ltr'>amemus</span> <span class='ocrx_word' id='word_1_53' title='bbox 2680 783 2989 864; x_wconf 78' lang='lat' dir='ltr'>virtuteS,</span> <span class='ocrx_word' id='word_1_54' title='bbox 3052 798 3132 854; x_wconf 90' lang='lat' dir='ltr'>ut</span> 
     </span>
     <span class='ocr_line' id='line_1_7' title="bbox 570 869 3129 962; baseline 0.001 -24"><span class='ocrx_word' id='word_1_55' title='bbox 570 869 983 940; x_wconf 81' lang='lat' dir='ltr'>laboriosam</span> <span class='ocrx_word' id='word_1_56' title='bbox 1020 870 1228 939; x_wconf 89' lang='lat' dir='ltr'>vitam</span> <span class='ocrx_word' id='word_1_57' title='bbox 1260 880 1711 956; x_wconf 80' lang='lat' dir='ltr'>sanctamque</span> <span class='ocrx_word' id='word_1_58' title='bbox 1742 870 2366 953; x_wconf 80' lang='lat' dir='ltr'>conversationem,</span> <span class='ocrx_word' id='word_1_59' title='bbox 2407 893 2619 957; x_wconf 87' lang='lat' dir='ltr'>quam</span> <span class='ocrx_word' id='word_1_60' title='bbox 2669 871 2963 942; x_wconf 90' lang='lat' dir='ltr'>breviter</span> <span class='ocrx_word' id='word_1_61' title='bbox 3008 893 3129 962; x_wconf 89' lang='lat' dir='ltr'>po—</span> 
     </span>
     <span class='ocr_line' id='line_1_8' title="bbox 571 956 3129 1049; baseline 0 -21"><span class='ocrx_word' id='word_1_62' title='bbox 571 959 757 1049; x_wconf 85' lang='lat' dir='ltr'>pulis</span> <span class='ocrx_word' id='word_1_63' title='bbox 793 980 916 1048; x_wconf 91' lang='lat' dir='ltr'>pro</span> <span class='ocrx_word' id='word_1_64' title='bbox 966 969 1198 1028; x_wconf 85' lang='lat' dir='ltr'>nostro</span> <span class='ocrx_word' id='word_1_65' title='bbox 1227 956 1591 1048; x_wconf 88' lang='lat' dir='ltr'>pastoralis</span> <span class='ocrx_word' id='word_1_66' title='bbox 1627 957 2134 1029; x_wconf 76' lang='lat' dir='ltr'>‘sollicitudinis</span> <span class='ocrx_word' id='word_1_67' title='bbox 2162 959 2389 1028; x_wconf 84' lang='lat' dir='ltr'>officio</span> <span class='ocrx_word' id='word_1_68' title='bbox 2422 960 2963 1040; x_wconf 83' lang='lat' dir='ltr'>annunciamus,</span> <span class='ocrx_word' id='word_1_69' title='bbox 3024 984 3129 1030; x_wconf 87' lang='lat' dir='ltr'>se-</span> 
     </span>
     <span class='ocr_line' id='line_1_9' title="bbox 567 1045 3129 1140; baseline 0.002 -24"><span class='ocrx_word' id='word_1_70' title='bbox 567 1047 733 1118; x_wconf 92' lang='lat' dir='ltr'>dulo</span> <span class='ocrx_word' id='word_1_71' title='bbox 776 1048 1168 1126; x_wconf 89' lang='lat' dir='ltr'>imitemur;</span> <span class='ocrx_word' id='word_1_72' title='bbox 1206 1058 1272 1117; x_wconf 93' lang='lat' dir='ltr'>et</span> <span class='ocrx_word' id='word_1_73' title='bbox 1298 1046 1489 1118; x_wconf 88' lang='lat' dir='ltr'>illius</span> <span class='ocrx_word' id='word_1_74' title='bbox 1517 1046 1835 1135; x_wconf 72' lang='lat' dir='ltr'>exemplo,</span> <span class='ocrx_word' id='word_1_75' title='bbox 1860 1045 2204 1136; x_wconf 84' lang='lat' dir='ltr'>dirigatur</span> <span class='ocrx_word' id='word_1_76' title='bbox 2236 1048 2344 1116; x_wconf 88' lang='lat' dir='ltr'>via</span> <span class='ocrx_word' id='word_1_77' title='bbox 2373 1059 2606 1119; x_wconf 87' lang='lat' dir='ltr'>nostra</span> <span class='ocrx_word' id='word_1_78' title='bbox 2643 1049 2714 1117; x_wconf 93' lang='lat' dir='ltr'>in</span> <span class='ocrx_word' id='word_1_79' title='bbox 2748 1064 3129 1140; x_wconf 90' lang='lat' dir='ltr'>conspectu</span> 
     </span>
     <span class='ocr_line' id='line_1_10' title="bbox 564 1135 3129 1225; baseline 0 -19"><span class='ocrx_word' id='word_1_80' title='bbox 564 1137 861 1206; x_wconf 89' lang='lat' dir='ltr'>Domini.</span> <span class='ocrx_word' id='word_1_81' title='bbox 898 1142 1200 1225; x_wconf 80' lang='lat' dir='ltr'>Angusta</span> <span class='ocrx_word' id='word_1_82' title='bbox 1247 1147 1372 1214; x_wconf 88' lang='lat' dir='ltr'>est,</span> <span class='ocrx_word' id='word_1_83' title='bbox 1425 1135 1709 1225; x_wconf 87' lang='lat' dir='ltr'>spinosa</span> <span class='ocrx_word' id='word_1_84' title='bbox 1746 1147 1889 1215; x_wconf 89' lang='lat' dir='ltr'>est,</span> <span class='ocrx_word' id='word_1_85' title='bbox 1958 1135 2134 1207; x_wconf 90' lang='lat' dir='ltr'>dura</span> <span class='ocrx_word' id='word_1_86' title='bbox 2182 1149 2306 1217; x_wconf 79' lang='lat' dir='ltr'>est,</span> <span class='ocrx_word' id='word_1_87' title='bbox 2361 1137 2480 1206; x_wconf 89' lang='lat' dir='ltr'>sed</span> <span class='ocrx_word' id='word_1_88' title='bbox 2533 1137 2788 1207; x_wconf 86' lang='lat' dir='ltr'>talibus</span> <span class='ocrx_word' id='word_1_89' title='bbox 2848 1150 3129 1225; x_wconf 90' lang='lat' dir='ltr'>tamque</span> 
     </span>
     <span class='ocr_line' id='line_1_11' title="bbox 570 1223 3121 1315; baseline 0.002 -22"><span class='ocrx_word' id='word_1_90' title='bbox 570 1225 807 1296; x_wconf 90' lang='lat' dir='ltr'>multis</span> <span class='ocrx_word' id='word_1_91' title='bbox 847 1224 1374 1295; x_wconf 87' lang='lat' dir='ltr'>transeuntibus</span> <span class='ocrx_word' id='word_1_92' title='bbox 1408 1223 1584 1294; x_wconf 93' lang='lat' dir='ltr'>lenis</span> <span class='ocrx_word' id='word_1_93' title='bbox 1622 1223 1799 1294; x_wconf 83' lang='lat' dir='ltr'>facta</span> <span class='ocrx_word' id='word_1_94' title='bbox 1848 1238 1970 1294; x_wconf 92' lang='lat' dir='ltr'>est.</span> <span class='ocrx_word' id='word_1_95' title='bbox 2009 1225 2306 1295; x_wconf 87' lang='lat' dir='ltr'>Transiit</span> <span class='ocrx_word' id='word_1_96' title='bbox 2347 1227 2535 1315; x_wconf 86' lang='lat' dir='ltr'>prior</span> <span class='ocrx_word' id='word_1_97' title='bbox 2584 1226 2732 1315; x_wconf 90' lang='lat' dir='ltr'>ipse</span> <span class='ocrx_word' id='word_1_98' title='bbox 2761 1226 3121 1307; x_wconf 88' lang='lat' dir='ltr'>Dominus,</span> 
     </span>
     <span class='ocr_line' id='line_1_12' title="bbox 571 1312 3117 1403; baseline 0.001 -20"><span class='ocrx_word' id='word_1_99' title='bbox 571 1314 996 1384; x_wconf 89' lang='lat' dir='ltr'>transierunt</span> <span class='ocrx_word' id='word_1_100' title='bbox 1025 1312 1315 1402; x_wconf 89' lang='lat' dir='ltr'>apostoli</span> <span class='ocrx_word' id='word_1_101' title='bbox 1350 1312 1701 1403; x_wconf 85' lang='lat' dir='ltr'>intrepidi,</span> <span class='ocrx_word' id='word_1_102' title='bbox 1805 1324 1991 1383; x_wconf 91' lang='lat' dir='ltr'>ostea</span> <span class='ocrx_word' id='word_1_103' title='bbox 2046 1326 2425 1403; x_wconf 83' lang='lat' dir='ltr'>martyreS,</span> <span class='ocrx_word' id='word_1_104' title='bbox 2481 1316 2702 1403; x_wconf 84' lang='lat' dir='ltr'>pueri,</span> <span class='ocrx_word' id='word_1_105' title='bbox 2768 1315 3117 1396; x_wconf 84' lang='lat' dir='ltr'>muliereS,</span> 
     </span>
     <span class='ocr_line' id='line_1_13' title="bbox 571 1401 3120 1494; baseline 0 -22"><span class='ocrx_word' id='word_1_106' title='bbox 571 1402 867 1493; x_wconf 86' lang='lat' dir='ltr'>puellae,</span> <span class='ocrx_word' id='word_1_107' title='bbox 911 1401 1186 1471; x_wconf 89' lang='lat' dir='ltr'>transiit</span> <span class='ocrx_word' id='word_1_108' title='bbox 1216 1401 1588 1472; x_wconf 90' lang='lat' dir='ltr'>novissime</span> <span class='ocrx_word' id='word_1_109' title='bbox 1637 1407 1708 1470; x_wconf 91' lang='lat' dir='ltr'>B.</span> <span class='ocrx_word' id='word_1_110' title='bbox 1798 1424 2057 1472; x_wconf 85' lang='lat' dir='ltr'>oannes</span> <span class='ocrx_word' id='word_1_111' title='bbox 2107 1404 2539 1473; x_wconf 84' lang='lat' dir='ltr'>Franciscus:</span> <span class='ocrx_word' id='word_1_112' title='bbox 2585 1405 2736 1493; x_wconf 86' lang='lat' dir='ltr'>ejus</span> <span class='ocrx_word' id='word_1_113' title='bbox 2770 1426 2932 1494; x_wconf 88' lang='lat' dir='ltr'>ergo</span> <span class='ocrx_word' id='word_1_114' title='bbox 2982 1426 3120 1474; x_wconf 92' lang='lat' dir='ltr'>non</span> 
     </span>
     <span class='ocr_line' id='line_1_14' title="bbox 570 1490 3117 1582; baseline -0 -21"><span class='ocrx_word' id='word_1_115' title='bbox 570 1492 940 1561; x_wconf 89' lang='lat' dir='ltr'>timeamus</span> <span class='ocrx_word' id='word_1_116' title='bbox 971 1490 1384 1560; x_wconf 86' lang='lat' dir='ltr'>laboriosam</span> <span class='ocrx_word' id='word_1_117' title='bbox 1421 1490 1628 1560; x_wconf 89' lang='lat' dir='ltr'>vitam</span> <span class='ocrx_word' id='word_1_118' title='bbox 1662 1491 1882 1577; x_wconf 88' lang='lat' dir='ltr'>sequi,</span> <span class='ocrx_word' id='word_1_119' title='bbox 1928 1492 1986 1561; x_wconf 94' lang='lat' dir='ltr'>si</span> <span class='ocrx_word' id='word_1_120' title='bbox 2018 1493 2169 1582; x_wconf 86' lang='lat' dir='ltr'>ejus</span> <span class='ocrx_word' id='word_1_121' title='bbox 2225 1493 2608 1582; x_wconf 88' lang='lat' dir='ltr'>praemium</span> <span class='ocrx_word' id='word_1_122' title='bbox 2663 1494 3009 1582; x_wconf 76' lang='lat' dir='ltr'>cupimu5‚</span> <span class='ocrx_word' id='word_1_123' title='bbox 3060 1494 3117 1565; x_wconf 92' lang='lat' dir='ltr'>si</span> 
     </span>
     <span class='ocr_line' id='line_1_15' title="bbox 568 1579 1804 1669; baseline 0.001 -21"><span class='ocrx_word' id='word_1_124' title='bbox 568 1580 820 1658; x_wconf 92' lang='lat' dir='ltr'>locum,</span> <span class='ocrx_word' id='word_1_125' title='bbox 876 1580 934 1649; x_wconf 90' lang='lat' dir='ltr'>si</span> <span class='ocrx_word' id='word_1_126' title='bbox 968 1579 1259 1669; x_wconf 89' lang='lat' dir='ltr'>patriam</span> <span class='ocrx_word' id='word_1_127' title='bbox 1301 1579 1804 1649; x_wconf 88' lang='lat' dir='ltr'>desideramus.</span> 
     </span>
    </p>
   </div>
   <div class='ocr_carea' id='block_1_3' title="bbox 653 1668 3235 1758">
    <p class='ocr_par' dir='ltr' id='par_1_3' title="bbox 653 1668 3235 1758">
     <span class='ocr_line' id='line_1_16' title="bbox 653 1668 3235 1758; baseline 0 -19"><span class='ocrx_word' id='word_1_128' title='bbox 653 1672 689 1755; x_wconf 64' lang='grc' dir='ltr'>ξ</span> <span class='ocrx_word' id='word_1_129' title='bbox 735 1672 827 1739; x_wconf 71' lang='grc'>3.</span> <span class='ocrx_word' id='word_1_130' title='bbox 879 1668 1177 1737; x_wconf 86' lang='lat' dir='ltr'>Joannes</span> <span class='ocrx_word' id='word_1_131' title='bbox 1226 1669 1634 1738; x_wconf 87' lang='lat' dir='ltr'>Franciscus</span> <span class='ocrx_word' id='word_1_132' title='bbox 1664 1668 1894 1758; x_wconf 87' lang='lat' dir='ltr'>Regis,</span> <span class='ocrx_word' id='word_1_133' title='bbox 1949 1669 2239 1758; x_wconf 71' lang='lat' dir='ltr'>pueritia</span> <span class='ocrx_word' id='word_1_134' title='bbox 2275 1670 2453 1738; x_wconf 90' lang='lat' dir='ltr'>inter</span> <span class='ocrx_word' id='word_1_135' title='bbox 2496 1692 2658 1740; x_wconf 89' lang='lat' dir='ltr'>suos</span> <span class='ocrx_word' id='word_1_136' title='bbox 2696 1672 2869 1739; x_wconf 71' lang='lat' dir='ltr'>mira</span> <span class='ocrx_word' id='word_1_137' title='bbox 2914 1672 3124 1740; x_wconf 51' lang='lat' dir='ltr'>inno-¹</span> <span class='ocrx_word' id='word_1_138' title='bbox 3230 1695 3235 1699; x_wconf 91' lang='lat'>·</span> 
     </span>
    </p>
   </div>
   <div class='ocr_carea' id='block_1_4' title="bbox 484 1757 3214 4337">
    <p class='ocr_par' dir='ltr' id='par_1_4' title="bbox 484 1757 3214 4337">
     <span class='ocr_line' id='line_1_17' title="bbox 566 1757 3119 1849; baseline 0.001 -23"><span class='ocrx_word' id='word_1_139' title='bbox 566 1758 793 1826; x_wconf 74' lang='lat' dir='ltr'>centia</span> <span class='ocrx_word' id='word_1_140' title='bbox 822 1759 1081 1836; x_wconf 79' lang='lat' dir='ltr'>exacta,</span> <span class='ocrx_word' id='word_1_141' title='bbox 1124 1758 1479 1845; x_wconf 78' lang='lat' dir='ltr'>positaque</span> <span class='ocrx_word' id='word_1_142' title='bbox 1526 1761 1734 1846; x_wconf 75' lang='lat' dir='ltr'>opera</span> <span class='ocrx_word' id='word_1_143' title='bbox 1783 1757 2175 1828; x_wconf 84' lang='lat' dir='ltr'>ediscendis</span> <span class='ocrx_word' id='word_1_144' title='bbox 2227 1758 2474 1847; x_wconf 88' lang='lat' dir='ltr'>primis</span> <span class='ocrx_word' id='word_1_145' title='bbox 2541 1757 2820 1849; x_wconf 89' lang='lat' dir='ltr'>linguae</span> <span class='ocrx_word' id='word_1_146' title='bbox 2868 1758 3119 1828; x_wconf 87' lang='lat' dir='ltr'>latinae</span> 
     </span>
     <span class='ocr_line' id='line_1_18' title="bbox 568 1845 3120 1936; baseline 0.001 -22"><span class='ocrx_word' id='word_1_147' title='bbox 568 1845 983 1936; x_wconf 82' lang='lat' dir='ltr'>rudimentis</span> <span class='ocrx_word' id='word_1_148' title='bbox 1014 1848 1085 1914; x_wconf 92' lang='lat' dir='ltr'>in</span> <span class='ocrx_word' id='word_1_149' title='bbox 1121 1845 1455 1936; x_wconf 89' lang='lat' dir='ltr'>oppidulo</span> <span class='ocrx_word' id='word_1_150' title='bbox 1489 1845 1749 1915; x_wconf 88' lang='lat' dir='ltr'>Galliae</span> <span class='ocrx_word' id='word_1_151' title='bbox 1779 1846 2263 1926; x_wconf 80' lang='lat' dir='ltr'>NarbonensiS,</span> <span class='ocrx_word' id='word_1_152' title='bbox 2299 1848 2410 1916; x_wconf 89' lang='lat' dir='ltr'>eui</span> <span class='ocrx_word' id='word_1_153' title='bbox 2452 1868 2701 1916; x_wconf 88' lang='lat' dir='ltr'>nomen</span> <span class='ocrx_word' id='word_1_154' title='bbox 2755 1852 2927 1917; x_wconf 88' lang='lat' dir='ltr'>Fons</span> <span class='ocrx_word' id='word_1_155' title='bbox 2959 1853 3120 1917; x_wconf 83' lang='lat' dir='ltr'>Coo-</span> 
     </span>
     <span class='ocr_line' id='line_1_19' title="bbox 566 1934 3118 2025; baseline 0.001 -22"><span class='ocrx_word' id='word_1_156' title='bbox 566 1945 802 2024; x_wconf 88' lang='lat' dir='ltr'>pertus</span> <span class='ocrx_word' id='word_1_157' title='bbox 846 1934 1042 2024; x_wconf 83' lang='lat' dir='ltr'>(gall.</span> <span class='ocrx_word' id='word_1_158' title='bbox 1101 1940 1573 2006; x_wconf 81' lang='lat' dir='ltr'>Fontcouverte</span> <span class='ocrx_word' id='word_1_159' title='bbox 1593 1935 1642 2024; x_wconf 93' lang='lat'>)‚</span> <span class='ocrx_word' id='word_1_160' title='bbox 1698 1934 1820 2004; x_wconf 89' lang='lat' dir='ltr'>ubi</span> <span class='ocrx_word' id='word_1_161' title='bbox 1869 1935 2090 2025; x_wconf 90' lang='lat' dir='ltr'>pridie</span> <span class='ocrx_word' id='word_1_162' title='bbox 2156 1934 2502 2005; x_wconf 86' lang='lat' dir='ltr'>kalendas·</span> <span class='ocrx_word' id='word_1_163' title='bbox 2552 1935 2880 2005; x_wconf 83' lang='lat' dir='ltr'>februarii</span> <span class='ocrx_word' id='word_1_164' title='bbox 2934 1958 3118 2005; x_wconf 89' lang='lat' dir='ltr'>anno</span> 
     </span>
     <span class='ocr_line' id='line_1_20' title="bbox 566 2024 3119 2114; baseline 0.001 -22"><span class='ocrx_word' id='word_1_165' title='bbox 566 2044 821 2093; x_wconf 70' lang='lat' dir='ltr'>unxcvu</span> <span class='ocrx_word' id='word_1_166' title='bbox 866 2035 1069 2094; x_wconf 90' lang='lat' dir='ltr'>natus</span> <span class='ocrx_word' id='word_1_167' title='bbox 1116 2035 1239 2105; x_wconf 86' lang='lat' dir='ltr'>est,</span> <span class='ocrx_word' id='word_1_168' title='bbox 1272 2024 1567 2093; x_wconf 87' lang='lat' dir='ltr'>Biterras</span> <span class='ocrx_word' id='word_1_169' title='bbox 1600 2024 1895 2092; x_wconf 90' lang='lat' dir='ltr'>mittitur</span> <span class='ocrx_word' id='word_1_170' title='bbox 1940 2034 2020 2092; x_wconf 91' lang='lat' dir='ltr'>ut</span> <span class='ocrx_word' id='word_1_171' title='bbox 2047 2024 2112 2091; x_wconf 93' lang='lat' dir='ltr'>in</span> <span class='ocrx_word' id='word_1_172' title='bbox 2165 2025 2533 2114; x_wconf 84' lang='lat' dir='ltr'>gymnasio</span> <span class='ocrx_word' id='word_1_173' title='bbox 2570 2025 2922 2094; x_wconf 90' lang='lat' dir='ltr'>Societatis</span> <span class='ocrx_word' id='word_1_174' title='bbox 2958 2026 3119 2094; x_wconf 83' lang='lat' dir='ltr'>Jesu</span> 
     </span>
     <span class='ocr_line' id='line_1_21' title="bbox 565 2111 3119 2200; baseline 0.001 -20"><span class='ocrx_word' id='word_1_175' title='bbox 565 2111 954 2181; x_wconf 90' lang='lat' dir='ltr'>studiorum</span> <span class='ocrx_word' id='word_1_176' title='bbox 989 2134 1272 2182; x_wconf 87' lang='lat' dir='ltr'>cursum</span> <span class='ocrx_word' id='word_1_177' title='bbox 1326 2111 1727 2181; x_wconf 86' lang='lat' dir='ltr'>absolveret.</span> <span class='ocrx_word' id='word_1_178' title='bbox 1776 2112 2036 2181; x_wconf 88' lang='lat' dir='ltr'>Enituit</span> <span class='ocrx_word' id='word_1_179' title='bbox 2085 2113 2313 2181; x_wconf 89' lang='lat' dir='ltr'>statim</span> <span class='ocrx_word' id='word_1_180' title='bbox 2365 2112 2544 2184; x_wconf 80' lang='lat' dir='ltr'>inter</span> <span class='ocrx_word' id='word_1_181' title='bbox 2609 2113 2931 2200; x_wconf 89' lang='lat' dir='ltr'>aequales</span> <span class='ocrx_word' id='word_1_182' title='bbox 2979 2115 3119 2182; x_wconf 81' lang='lat' dir='ltr'>exi-</span> 
     </span>
     <span class='ocr_line' id='line_1_22' title="bbox 565 2199 3214 2291; baseline 0.001 -23"><span class='ocrx_word' id='word_1_183' title='bbox 565 2201 703 2269; x_wconf 90' lang='lat' dir='ltr'>mia</span> <span class='ocrx_word' id='word_1_184' title='bbox 752 2199 1207 2272; x_wconf 89' lang='lat' dir='ltr'>adolescentis</span> <span class='ocrx_word' id='word_1_185' title='bbox 1242 2201 1495 2271; x_wconf 80' lang='lat' dir='ltr'>virtusz-</span> <span class='ocrx_word' id='word_1_186' title='bbox 1536 2222 1698 2272; x_wconf 89' lang='lat' dir='ltr'>nam</span> <span class='ocrx_word' id='word_1_187' title='bbox 1755 2201 1971 2270; x_wconf 91' lang='lat' dir='ltr'>otium</span> <span class='ocrx_word' id='word_1_188' title='bbox 2031 2213 2096 2269; x_wconf 86' lang='lat' dir='ltr'>et</span> <span class='ocrx_word' id='word_1_189' title='bbox 2142 2202 2620 2291; x_wconf 91' lang='lat' dir='ltr'>improborum</span> <span class='ocrx_word' id='word_1_190' title='bbox 2670 2202 3118 2271; x_wconf 88' lang='lat' dir='ltr'>consuetudi-</span> <span class='ocrx_word' id='word_1_191' title='bbox 3199 2225 3214 2244; x_wconf 84' lang='lat'><strong>·</strong></span> 
     </span>
     <span class='ocr_line' id='line_1_23' title="bbox 565 2289 3113 2380; baseline 0.001 -23"><span class='ocrx_word' id='word_1_192' title='bbox 565 2311 722 2360; x_wconf 91' lang='lat' dir='ltr'>nem</span> <span class='ocrx_word' id='word_1_193' title='bbox 761 2289 966 2359; x_wconf 90' lang='lat' dir='ltr'>veluti</span> <span class='ocrx_word' id='word_1_194' title='bbox 1004 2303 1261 2380; x_wconf 91' lang='lat' dir='ltr'>pestem</span> <span class='ocrx_word' id='word_1_195' title='bbox 1314 2290 1695 2368; x_wconf 81' lang='lat' dir='ltr'>declinanS,</span> <span class='ocrx_word' id='word_1_196' title='bbox 1744 2311 1876 2359; x_wconf 91' lang='lat' dir='ltr'>non</span> <span class='ocrx_word' id='word_1_197' title='bbox 1931 2290 2154 2358; x_wconf 77' lang='lat' dir='ltr'>vetitis</span> <span class='ocrx_word' id='word_1_198' title='bbox 2188 2290 2392 2359; x_wconf 90' lang='lat' dir='ltr'>modo</span> <span class='ocrx_word' id='word_1_199' title='bbox 2444 2289 2938 2380; x_wconf 81' lang='lat' dir='ltr'>voluptatibuS,</span> <span class='ocrx_word' id='word_1_200' title='bbox 2993 2293 3113 2361; x_wconf 88' lang='lat' dir='ltr'>sed</span> 
     </span>
     <span class='ocr_line' id='line_1_24' title="bbox 565 2378 3116 2468; baseline 0.001 -22"><span class='ocrx_word' id='word_1_201' title='bbox 565 2378 770 2447; x_wconf 86' lang='lat' dir='ltr'>etiam</span> <span class='ocrx_word' id='word_1_202' title='bbox 804 2378 1238 2468; x_wconf 86' lang='lat' dir='ltr'>juvenilibus</span> <span class='ocrx_word' id='word_1_203' title='bbox 1288 2378 1474 2448; x_wconf 88' lang='lat' dir='ltr'>ludis</span> <span class='ocrx_word' id='word_1_204' title='bbox 1539 2379 1926 2459; x_wconf 87' lang='lat' dir='ltr'>abstinuit,</span> <span class='ocrx_word' id='word_1_205' title='bbox 2002 2393 2067 2448; x_wconf 90' lang='lat' dir='ltr'>et</span> <span class='ocrx_word' id='word_1_206' title='bbox 2113 2380 2296 2465; x_wconf 91' lang='lat' dir='ltr'>quod</span> <span class='ocrx_word' id='word_1_207' title='bbox 2348 2403 2386 2447; x_wconf 88' lang='lat' dir='ltr'>a</span> <span class='ocrx_word' id='word_1_208' title='bbox 2440 2379 2822 2448; x_wconf 83' lang='lat' dir='ltr'>litterarum</span> <span class='ocrx_word' id='word_1_209' title='bbox 2886 2380 3116 2448; x_wconf 91' lang='lat' dir='ltr'>studio</span> 
     </span>
     <span class='ocr_line' id='line_1_25' title="bbox 563 2466 3117 2569; baseline 0 -32"><span class='ocrx_word' id='word_1_210' title='bbox 563 2478 921 2559; x_wconf 89' lang='lat' dir='ltr'>supererat</span> <span class='ocrx_word' id='word_1_211' title='bbox 956 2468 1308 2569; x_wconf 81' lang='lat' dir='ltr'>temporiS‚</span> <span class='ocrx_word' id='word_1_212' title='bbox 1368 2466 1746 2539; x_wconf 86' lang='lat' dir='ltr'>fundendis</span> <span class='ocrx_word' id='word_1_213' title='bbox 1794 2468 1881 2537; x_wconf 91' lang='lat' dir='ltr'>ad</span> <span class='ocrx_word' id='word_1_214' title='bbox 1934 2473 2145 2538; x_wconf 90' lang='lat' dir='ltr'>Deum</span> <span class='ocrx_word' id='word_1_215' title='bbox 2198 2467 2556 2559; x_wconf 88' lang='lat' dir='ltr'>precibus,</span> <span class='ocrx_word' id='word_1_216' title='bbox 2614 2468 2746 2558; x_wconf 90' lang='lat' dir='ltr'>piis</span> <span class='ocrx_word' id='word_1_217' title='bbox 2805 2468 3117 2559; x_wconf 88' lang='lat' dir='ltr'>legendis</span> 
     </span>
     <span class='ocr_line' id='line_1_26' title="bbox 563 2556 3114 2644; baseline 0.002 -21"><span class='ocrx_word' id='word_1_218' title='bbox 563 2556 784 2636; x_wconf 88' lang='lat' dir='ltr'>libris,</span> <span class='ocrx_word' id='word_1_219' title='bbox 842 2557 1155 2627; x_wconf 80' lang='lat' dir='ltr'>serendis</span> <span class='ocrx_word' id='word_1_220' title='bbox 1202 2558 1286 2627; x_wconf 91' lang='lat' dir='ltr'>de</span> <span class='ocrx_word' id='word_1_221' title='bbox 1328 2563 1460 2626; x_wconf 92' lang='lat' dir='ltr'>Deo</span> <span class='ocrx_word' id='word_1_222' title='bbox 1508 2557 1903 2644; x_wconf 89' lang='lat' dir='ltr'>divinisque</span> <span class='ocrx_word' id='word_1_223' title='bbox 1966 2558 2174 2626; x_wconf 88' lang='lat' dir='ltr'>rebus</span> <span class='ocrx_word' id='word_1_224' title='bbox 2222 2559 2694 2637; x_wconf 82' lang='lat' dir='ltr'>sermonibus,</span> <span class='ocrx_word' id='word_1_225' title='bbox 2751 2557 3114 2629; x_wconf 85' lang='lat' dir='ltr'>visitandis</span> 
     </span>
     <span class='ocr_line' id='line_1_27' title="bbox 564 2646 3116 2736; baseline 0.001 -23"><span class='ocrx_word' id='word_1_226' title='bbox 564 2646 844 2736; x_wconf 90' lang='lat' dir='ltr'>templis</span> <span class='ocrx_word' id='word_1_227' title='bbox 892 2652 1438 2732; x_wconf 82' lang='lat' dir='ltr'>sanctorumque</span> <span class='ocrx_word' id='word_1_228' title='bbox 1488 2647 1858 2715; x_wconf 89' lang='lat' dir='ltr'>memoriis·</span> <span class='ocrx_word' id='word_1_229' title='bbox 1890 2646 2354 2736; x_wconf 78' lang='lat' dir='ltr'>impendebat.</span> <span class='ocrx_word' id='word_1_230' title='bbox 2412 2651 2492 2715; x_wconf 90' lang='lat' dir='ltr'>Ut</span> <span class='ocrx_word' id='word_1_231' title='bbox 2520 2667 2676 2715; x_wconf 88' lang='lat' dir='ltr'>vero</span> <span class='ocrx_word' id='word_1_232' title='bbox 2709 2668 2834 2715; x_wconf 87' lang='lat' dir='ltr'>nec</span> <span class='ocrx_word' id='word_1_233' title='bbox 2887 2647 3116 2717; x_wconf 85' lang='lat' dir='ltr'>illece-</span> 
     </span>
     <span class='ocr_line' id='line_1_28' title="bbox 561 2734 3116 2825; baseline 0 -21"><span class='ocrx_word' id='word_1_234' title='bbox 561 2735 708 2805; x_wconf 88' lang='lat' dir='ltr'>bris</span> <span class='ocrx_word' id='word_1_235' title='bbox 757 2746 1120 2824; x_wconf 90' lang='lat' dir='ltr'>caperetur</span> <span class='ocrx_word' id='word_1_236' title='bbox 1167 2734 1450 2815; x_wconf 89' lang='lat' dir='ltr'>saeculi,</span> <span class='ocrx_word' id='word_1_237' title='bbox 1507 2756 1631 2804; x_wconf 91' lang='lat' dir='ltr'>nec</span> <span class='ocrx_word' id='word_1_238' title='bbox 1681 2735 1941 2805; x_wconf 89' lang='lat' dir='ltr'>diaboli</span> <span class='ocrx_word' id='word_1_239' title='bbox 1991 2749 2436 2825; x_wconf 87' lang='lat' dir='ltr'>superaretur</span> <span class='ocrx_word' id='word_1_240' title='bbox 2465 2735 2763 2814; x_wconf 88' lang='lat' dir='ltr'>insidiis,</span> <span class='ocrx_word' id='word_1_241' title='bbox 2820 2758 2945 2805; x_wconf 93' lang='lat' dir='ltr'>nec</span> <span class='ocrx_word' id='word_1_242' title='bbox 2995 2737 3116 2804; x_wconf 91' lang='lat' dir='ltr'>de-</span> 
     </span>
     <span class='ocr_line' id='line_1_29' title="bbox 561 2823 3116 2926; baseline 0.002 -35"><span class='ocrx_word' id='word_1_243' title='bbox 561 2843 753 2894; x_wconf 89' lang='lat' dir='ltr'>mum</span> <span class='ocrx_word' id='word_1_244' title='bbox 791 2824 1019 2912; x_wconf 89' lang='lat' dir='ltr'>pravis</span> <span class='ocrx_word' id='word_1_245' title='bbox 1051 2835 1602 2893; x_wconf 88' lang='lat' dir='ltr'>commoveretur</span> <span class='ocrx_word' id='word_1_246' title='bbox 1647 2823 2005 2914; x_wconf 83' lang='lat' dir='ltr'>exemplis,</span> <span class='ocrx_word' id='word_1_247' title='bbox 2073 2824 2193 2892; x_wconf 90' lang='lat' dir='ltr'>sed</span> <span class='ocrx_word' id='word_1_248' title='bbox 2243 2836 2511 2912; x_wconf 89' lang='lat' dir='ltr'>partam</span> <span class='ocrx_word' id='word_1_249' title='bbox 2562 2824 2911 2914; x_wconf 85' lang='lat' dir='ltr'>baptismo</span> <span class='ocrx_word' id='word_1_250' title='bbox 2959 2848 3116 2926; x_wconf 79' lang='lat' dir='ltr'>gra-</span> 
     </span>
     <span class='ocr_line' id='line_1_30' title="bbox 557 2911 3112 3007; baseline 0.001 -26"><span class='ocrx_word' id='word_1_251' title='bbox 557 2912 720 3007; x_wconf 82' lang='lat' dir='ltr'>tiam</span> <span class='ocrx_word' id='word_1_252' title='bbox 771 2924 836 2980; x_wconf 89' lang='lat' dir='ltr'>et</span> <span class='ocrx_word' id='word_1_253' title='bbox 883 2911 1230 2982; x_wconf 90' lang='lat' dir='ltr'>illibatum</span> <span class='ocrx_word' id='word_1_254' title='bbox 1283 2912 1697 3003; x_wconf 87' lang='lat' dir='ltr'>virginitatis</span> <span class='ocrx_word' id='word_1_255' title='bbox 1731 2913 1970 2981; x_wconf 89' lang='lat' dir='ltr'>florem</span> <span class='ocrx_word' id='word_1_256' title='bbox 2022 2925 2359 2991; x_wconf 87' lang='lat' dir='ltr'>servaret,</span> <span class='ocrx_word' id='word_1_257' title='bbox 2424 2913 2776 3002; x_wconf 83' lang='lat' dir='ltr'>Virginem</span> <span class='ocrx_word' id='word_1_258' title='bbox 2828 2919 3112 2983; x_wconf 77' lang='lat' dir='ltr'>Mariam</span> 
     </span>
     <span class='ocr_line' id='line_1_31' title="bbox 558 3001 3116 3091; baseline 0.002 -24"><span class='ocrx_word' id='word_1_259' title='bbox 558 3011 848 3069; x_wconf 89' lang='lat' dir='ltr'>matrem</span> <span class='ocrx_word' id='word_1_260' title='bbox 894 3002 1163 3070; x_wconf 91' lang='lat' dir='ltr'>Domini</span> <span class='ocrx_word' id='word_1_261' title='bbox 1192 3002 1306 3091; x_wconf 93' lang='lat' dir='ltr'>pio</span> <span class='ocrx_word' id='word_1_262' title='bbox 1340 3022 1615 3090; x_wconf 90' lang='lat' dir='ltr'>semper</span> <span class='ocrx_word' id='word_1_263' title='bbox 1658 3001 2172 3082; x_wconf 79' lang='lat' dir='ltr'>coluitass&#39;ectu,</span> <span class='ocrx_word' id='word_1_264' title='bbox 2214 3015 2290 3071; x_wconf 87' lang='lat' dir='ltr'>ut</span> <span class='ocrx_word' id='word_1_265' title='bbox 2324 3001 2487 3071; x_wconf 89' lang='lat' dir='ltr'>hinc</span> <span class='ocrx_word' id='word_1_266' title='bbox 2537 3015 2846 3072; x_wconf 76' lang='lat' dir='ltr'>sumeret</span> <span class='ocrx_word' id='word_1_267' title='bbox 2887 3024 3116 3072; x_wconf 85' lang='lat' dir='ltr'>exem-</span> 
     </span>
     <span class='ocr_line' id='line_1_32' title="bbox 564 3087 3119 3181; baseline 0.002 -24"><span class='ocrx_word' id='word_1_268' title='bbox 564 3087 677 3177; x_wconf 88' lang='lat' dir='ltr'>pla</span> <span class='ocrx_word' id='word_1_269' title='bbox 729 3088 1025 3167; x_wconf 88' lang='lat' dir='ltr'>vivendi,</span> <span class='ocrx_word' id='word_1_270' title='bbox 1070 3090 1194 3159; x_wconf 92' lang='lat' dir='ltr'>ubi</span> <span class='ocrx_word' id='word_1_271' title='bbox 1243 3102 1596 3176; x_wconf 88' lang='lat' dir='ltr'>tamquam</span> <span class='ocrx_word' id='word_1_272' title='bbox 1647 3090 1718 3158; x_wconf 91' lang='lat' dir='ltr'>in</span> <span class='ocrx_word' id='word_1_273' title='bbox 1771 3090 2051 3181; x_wconf 89' lang='lat' dir='ltr'>speculo</span> <span class='ocrx_word' id='word_1_274' title='bbox 2100 3091 2365 3180; x_wconf 88' lang='lat' dir='ltr'>species</span> <span class='ocrx_word' id='word_1_275' title='bbox 2413 3090 2747 3160; x_wconf 89' lang='lat' dir='ltr'>castitatis</span> <span class='ocrx_word' id='word_1_276' title='bbox 2795 3104 2859 3160; x_wconf 89' lang='lat' dir='ltr'>et</span> <span class='ocrx_word' id='word_1_277' title='bbox 2893 3091 3119 3161; x_wconf 88' lang='lat' dir='ltr'>forma</span> 
     </span>
     <span class='ocr_line' id='line_1_33' title="bbox 559 3177 3114 3270; baseline 0.002 -25"><span class='ocrx_word' id='word_1_278' title='bbox 559 3177 920 3265; x_wconf 87' lang='lat' dir='ltr'>probitatis</span> <span class='ocrx_word' id='word_1_279' title='bbox 967 3177 1284 3269; x_wconf 85' lang='lat' dir='ltr'>refulget.</span> <span class='ocrx_word' id='word_1_280' title='bbox 1324 3183 1493 3247; x_wconf 89' lang='lat' dir='ltr'>Nam</span> <span class='ocrx_word' id='word_1_281' title='bbox 1531 3180 1790 3269; x_wconf 91' lang='lat' dir='ltr'>potenti</span> <span class='ocrx_word' id='word_1_282' title='bbox 1826 3179 2060 3248; x_wconf 85' lang='lat' dir='ltr'>Matris</span> <span class='ocrx_word' id='word_1_283' title='bbox 2102 3180 2217 3248; x_wconf 89' lang='lat' dir='ltr'>Dei</span> <span class='ocrx_word' id='word_1_284' title='bbox 2249 3178 2431 3270; x_wconf 89' lang='lat' dir='ltr'>apud</span> <span class='ocrx_word' id='word_1_285' title='bbox 2471 3190 2823 3248; x_wconf 89' lang='lat' dir='ltr'>aeternum</span> <span class='ocrx_word' id='word_1_286' title='bbox 2860 3179 3114 3250; x_wconf 90' lang='lat' dir='ltr'>Filium</span> 
     </span>
     <span class='ocr_line' id='line_1_34' title="bbox 558 3266 3116 3357; baseline 0.001 -23"><span class='ocrx_word' id='word_1_287' title='bbox 558 3266 1083 3356; x_wconf 88' lang='lat' dir='ltr'>Redemptorem</span> <span class='ocrx_word' id='word_1_288' title='bbox 1150 3279 1463 3338; x_wconf 89' lang='lat' dir='ltr'>nostrum</span> <span class='ocrx_word' id='word_1_289' title='bbox 1520 3268 1903 3357; x_wconf 89' lang='lat' dir='ltr'>patrocinio</span> <span class='ocrx_word' id='word_1_290' title='bbox 1961 3268 2291 3348; x_wconf 77' lang='lat' dir='ltr'>confisuS,</span> <span class='ocrx_word' id='word_1_291' title='bbox 2339 3268 2630 3337; x_wconf 92' lang='lat' dir='ltr'>minime</span> <span class='ocrx_word' id='word_1_292' title='bbox 2676 3267 3039 3338; x_wconf 87' lang='lat' dir='ltr'>dubitabat</span> <span class='ocrx_word' id='word_1_293' title='bbox 3074 3292 3116 3337; x_wconf 86' lang='lat' dir='ltr'>a</span> 
     </span>
     <span class='ocr_line' id='line_1_35' title="bbox 558 3356 3108 3455; baseline 0.001 -32"><span class='ocrx_word' id='word_1_294' title='bbox 558 3359 690 3424; x_wconf 94' lang='lat' dir='ltr'>Deo</span> <span class='ocrx_word' id='word_1_295' title='bbox 738 3356 1298 3455; x_wconf 76' lang='lat' dir='ltr'>impetraturum,</span> <span class='ocrx_word' id='word_1_296' title='bbox 1332 3369 1432 3437; x_wconf 90' lang='lat' dir='ltr'>ut,</span> <span class='ocrx_word' id='word_1_297' title='bbox 1468 3357 1773 3426; x_wconf 89' lang='lat' dir='ltr'>currenti</span> <span class='ocrx_word' id='word_1_298' title='bbox 1807 3357 1940 3426; x_wconf 88' lang='lat' dir='ltr'>sibi</span> <span class='ocrx_word' id='word_1_299' title='bbox 1972 3378 2095 3447; x_wconf 90' lang='lat' dir='ltr'>per</span> <span class='ocrx_word' id='word_1_300' title='bbox 2129 3357 2385 3426; x_wconf 88' lang='lat' dir='ltr'>arduas</span> <span class='ocrx_word' id='word_1_301' title='bbox 2422 3357 2749 3443; x_wconf 86' lang='lat' dir='ltr'>virtutum</span> <span class='ocrx_word' id='word_1_302' title='bbox 2801 3358 3108 3438; x_wconf 81' lang='lat' dir='ltr'>semitaS,</span> 
     </span>
     <span class='ocr_line' id='line_1_36' title="bbox 554 3443 3115 3537; baseline 0.002 -25"><span class='ocrx_word' id='word_1_303' title='bbox 554 3443 639 3513; x_wconf 91' lang='lat' dir='ltr'>ad</span> <span class='ocrx_word' id='word_1_304' title='bbox 691 3445 786 3523; x_wconf 92' lang='lat' dir='ltr'>id,</span> <span class='ocrx_word' id='word_1_305' title='bbox 827 3466 896 3512; x_wconf 92' lang='lat' dir='ltr'>1n</span> <span class='ocrx_word' id='word_1_306' title='bbox 946 3467 1084 3537; x_wconf 82' lang='lat' dir='ltr'>quo</span> <span class='ocrx_word' id='word_1_307' title='bbox 1118 3445 1435 3515; x_wconf 45' lang='lat' dir='ltr'>humana¹</span> <span class='ocrx_word' id='word_1_308' title='bbox 1459 3446 1764 3516; x_wconf 90' lang='lat' dir='ltr'>conditio</span> <span class='ocrx_word' id='word_1_309' title='bbox 1797 3446 1883 3514; x_wconf 90' lang='lat' dir='ltr'>ab</span> <span class='ocrx_word' id='word_1_310' title='bbox 1935 3445 2231 3517; x_wconf 87' lang='lat' dir='ltr'>infirmis</span> <span class='ocrx_word' id='word_1_311' title='bbox 2264 3445 2531 3517; x_wconf 90' lang='lat' dir='ltr'>viribus</span> <span class='ocrx_word' id='word_1_312' title='bbox 2592 3446 2740 3515; x_wconf 90' lang='lat' dir='ltr'>suis</span> <span class='ocrx_word' id='word_1_313' title='bbox 2788 3445 3115 3516; x_wconf 87' lang='lat' dir='ltr'>destituta</span> 
     </span>
     <span class='ocr_line' id='line_1_37' title="bbox 558 3532 3115 3626; baseline 0.001 -25"><span class='ocrx_word' id='word_1_314' title='bbox 558 3532 966 3625; x_wconf 87' lang='lat' dir='ltr'>languescit,</span> <span class='ocrx_word' id='word_1_315' title='bbox 1022 3555 1325 3625; x_wconf 90' lang='lat' dir='ltr'>superna</span> <span class='ocrx_word' id='word_1_316' title='bbox 1378 3536 1493 3604; x_wconf 92' lang='lat' dir='ltr'>Dei</span> <span class='ocrx_word' id='word_1_317' title='bbox 1540 3535 1761 3626; x_wconf 87' lang='lat' dir='ltr'>gratia</span> <span class='ocrx_word' id='word_1_318' title='bbox 1809 3534 2174 3612; x_wconf 84' lang='lat' dir='ltr'>sufficeret,</span> <span class='ocrx_word' id='word_1_319' title='bbox 2228 3548 2294 3604; x_wconf 90' lang='lat' dir='ltr'>et</span> <span class='ocrx_word' id='word_1_320' title='bbox 2320 3534 2505 3621; x_wconf 89' lang='lat' dir='ltr'>quod</span> <span class='ocrx_word' id='word_1_321' title='bbox 2557 3557 2689 3604; x_wconf 93' lang='lat' dir='ltr'>non</span> <span class='ocrx_word' id='word_1_322' title='bbox 2748 3548 2975 3623; x_wconf 91' lang='lat' dir='ltr'>posset</span> <span class='ocrx_word' id='word_1_323' title='bbox 3008 3534 3115 3604; x_wconf 91' lang='lat' dir='ltr'>in-</span> 
     </span>
     <span class='ocr_line' id='line_1_38' title="bbox 551 3620 2555 3711; baseline 0.001 -21"><span class='ocrx_word' id='word_1_324' title='bbox 551 3620 879 3691; x_wconf 87' lang='lat' dir='ltr'>firmitate</span> <span class='ocrx_word' id='word_1_325' title='bbox 913 3622 1245 3701; x_wconf 75' lang='lat' dir='ltr'>humana,</span> <span class='ocrx_word' id='word_1_326' title='bbox 1300 3637 1781 3711; x_wconf 89' lang='lat' dir='ltr'>assequeretur</span> <span class='ocrx_word' id='word_1_327' title='bbox 1829 3624 2075 3692; x_wconf 91' lang='lat' dir='ltr'>virtute</span> <span class='ocrx_word' id='word_1_328' title='bbox 2125 3623 2386 3692; x_wconf 69' lang='lat' dir='ltr'>divina.</span> <span class='ocrx_word' id='word_1_329' title='bbox 2549 3672 2555 3679; x_wconf 77' lang='lat'><em>-</em></span> 
     </span>
     <span class='ocr_line' id='line_1_39' title="bbox 484 3712 3110 3803; baseline -0.002 -18"><span class='ocrx_word' id='word_1_330' title='bbox 484 3794 487 3803; x_wconf 31' lang='grc' dir='ltr'>Ι</span> <span class='ocrx_word' id='word_1_331' title='bbox 639 3712 678 3799; x_wconf 66' lang='grc' dir='ltr'>ἓ</span> <span class='ocrx_word' id='word_1_332' title='bbox 723 3716 810 3785; x_wconf 78' lang='grc'>4.</span> <span class='ocrx_word' id='word_1_333' title='bbox 866 3713 1194 3802; x_wconf 86' lang='lat' dir='ltr'>Angelum</span> <span class='ocrx_word' id='word_1_334' title='bbox 1229 3735 1504 3800; x_wconf 87' lang='lat' dir='ltr'>quoque</span> <span class='ocrx_word' id='word_1_335' title='bbox 1532 3714 1638 3783; x_wconf 89' lang='lat' dir='ltr'>sui</span> <span class='ocrx_word' id='word_1_336' title='bbox 1674 3712 2029 3781; x_wconf 89' lang='lat' dir='ltr'>custodem</span> <span class='ocrx_word' id='word_1_337' title='bbox 2061 3713 2383 3803; x_wconf 84' lang='lat' dir='ltr'>religioso</span> <span class='ocrx_word' id='word_1_338' title='bbox 2417 3712 2612 3782; x_wconf 86' lang='lat' dir='ltr'>cultu</span> <span class='ocrx_word' id='word_1_339' title='bbox 2642 3726 3110 3801; x_wconf 86' lang='lat' dir='ltr'>prosequutus</span> 
     </span>
     <span class='ocr_line' id='line_1_40' title="bbox 553 3800 3111 3892; baseline 0.002 -26"><span class='ocrx_word' id='word_1_340' title='bbox 553 3812 678 3877; x_wconf 89' lang='lat' dir='ltr'>est,</span> <span class='ocrx_word' id='word_1_341' title='bbox 732 3800 818 3868; x_wconf 89' lang='lat' dir='ltr'>ad</span> <span class='ocrx_word' id='word_1_342' title='bbox 870 3801 1050 3871; x_wconf 89' lang='lat' dir='ltr'>beati</span> <span class='ocrx_word' id='word_1_343' title='bbox 1099 3803 1387 3891; x_wconf 89' lang='lat' dir='ltr'>spiritus</span> <span class='ocrx_word' id='word_1_344' title='bbox 1438 3801 1830 3871; x_wconf 86' lang='lat' dir='ltr'>clientelam</span> <span class='ocrx_word' id='word_1_345' title='bbox 1892 3824 1970 3870; x_wconf 88' lang='lat' dir='ltr'>eo</span> <span class='ocrx_word' id='word_1_346' title='bbox 2022 3801 2348 3870; x_wconf 81' lang='lat' dir='ltr'>fidentius</span> <span class='ocrx_word' id='word_1_347' title='bbox 2409 3802 2866 3892; x_wconf 86' lang='lat' dir='ltr'>confugiens,</span> <span class='ocrx_word' id='word_1_348' title='bbox 2920 3801 3111 3888; x_wconf 91' lang='lat' dir='ltr'>quod</span> 
     </span>
     <span class='ocr_line' id='line_1_41' title="bbox 553 3890 3116 3981; baseline 0.002 -26"><span class='ocrx_word' id='word_1_349' title='bbox 553 3901 738 3958; x_wconf 92' lang='lat' dir='ltr'>certo</span> <span class='ocrx_word' id='word_1_350' title='bbox 775 3890 909 3961; x_wconf 92' lang='lat' dir='ltr'>sibi</span> <span class='ocrx_word' id='word_1_351' title='bbox 945 3903 1401 3981; x_wconf 87' lang='lat' dir='ltr'>persuaserat,</span> <span class='ocrx_word' id='word_1_352' title='bbox 1455 3910 1527 3958; x_wconf 92' lang='lat' dir='ltr'>se</span> <span class='ocrx_word' id='word_1_353' title='bbox 1559 3913 1598 3958; x_wconf 89' lang='lat' dir='ltr'>a</span> <span class='ocrx_word' id='word_1_354' title='bbox 1650 3891 1763 3959; x_wconf 90' lang='lat' dir='ltr'>Dei</span> <span class='ocrx_word' id='word_1_355' title='bbox 1797 3890 2053 3960; x_wconf 72' lang='lat' dir='ltr'>offensa</span> <span class='ocrx_word' id='word_1_356' title='bbox 2090 3905 2155 3959; x_wconf 90' lang='lat' dir='ltr'>et</span> <span class='ocrx_word' id='word_1_357' title='bbox 2188 3903 2462 3959; x_wconf 89' lang='lat' dir='ltr'>aeterno</span> <span class='ocrx_word' id='word_1_358' title='bbox 2511 3890 2784 3959; x_wconf 86' lang='lat' dir='ltr'>animae</span> <span class='ocrx_word' id='word_1_359' title='bbox 2829 3890 3116 3960; x_wconf 89' lang='lat' dir='ltr'>interitu</span> 
     </span>
     <span class='ocr_line' id='line_1_42' title="bbox 553 3976 3116 4070; baseline 0.001 -26"><span class='ocrx_word' id='word_1_360' title='bbox 553 3976 747 4048; x_wconf 90' lang='lat' dir='ltr'>illius</span> <span class='ocrx_word' id='word_1_361' title='bbox 779 3980 1055 4049; x_wconf 89' lang='lat' dir='ltr'>coelesti</span> <span class='ocrx_word' id='word_1_362' title='bbox 1101 3983 1308 4070; x_wconf 74' lang='lat' dir='ltr'>opera</span> <span class='ocrx_word' id='word_1_363' title='bbox 1355 3992 1420 4048; x_wconf 92' lang='lat' dir='ltr'>et</span> <span class='ocrx_word' id='word_1_364' title='bbox 1460 3978 1750 4048; x_wconf 89' lang='lat' dir='ltr'>internis</span> <span class='ocrx_word' id='word_1_365' title='bbox 1799 3979 2103 4059; x_wconf 82' lang='lat' dir='ltr'>moniti5‚</span> <span class='ocrx_word' id='word_1_366' title='bbox 2157 3979 2394 4048; x_wconf 76' lang='lat' dir='ltr'>divina</span> <span class='ocrx_word' id='word_1_367' title='bbox 2441 3991 2790 4048; x_wconf 89' lang='lat' dir='ltr'>annuente</span> <span class='ocrx_word' id='word_1_368' title='bbox 2841 3979 3116 4050; x_wconf 90' lang='lat' dir='ltr'>miseri-</span> 
     </span>
     <span class='ocr_line' id='line_1_43' title="bbox 553 4067 3114 4158; baseline 0 -23"><span class='ocrx_word' id='word_1_369' title='bbox 553 4067 791 4138; x_wconf 78' lang='lat' dir='ltr'>cordia</span> <span class='ocrx_word' id='word_1_370' title='bbox 838 4082 904 4138; x_wconf 93' lang='lat' dir='ltr'>et</span> <span class='ocrx_word' id='word_1_371' title='bbox 951 4069 1200 4140; x_wconf 87' lang='lat' dir='ltr'>Christi</span> <span class='ocrx_word' id='word_1_372' title='bbox 1235 4067 1603 4157; x_wconf 73' lang='lat' dir='ltr'>adiuvante</span> <span class='ocrx_word' id='word_1_373' title='bbox 1632 4069 1878 4158; x_wconf 73' lang='lat' dir='ltr'>gratia,</span> <span class='ocrx_word' id='word_1_374' title='bbox 1922 4068 2286 4137; x_wconf 86' lang='lat' dir='ltr'>liberatum</span> <span class='ocrx_word' id='word_1_375' title='bbox 2336 4068 2446 4147; x_wconf 86' lang='lat' dir='ltr'>iri,</span> <span class='ocrx_word' id='word_1_376' title='bbox 2503 4068 2667 4155; x_wconf 92' lang='lat' dir='ltr'>quia</span> <span class='ocrx_word' id='word_1_377' title='bbox 2719 4090 2887 4137; x_wconf 88' lang='lat' dir='ltr'>casu</span> <span class='ocrx_word' id='word_1_378' title='bbox 2941 4089 3114 4154; x_wconf 93' lang='lat' dir='ltr'>quo-</span> 
     </span>
     <span class='ocr_line' id='line_1_44' title="bbox 554 4155 3116 4250; baseline -0 -26"><span class='ocrx_word' id='word_1_379' title='bbox 554 4155 740 4238; x_wconf 90' lang='lat' dir='ltr'>dam,</span> <span class='ocrx_word' id='word_1_380' title='bbox 796 4159 918 4245; x_wconf 95' lang='lat' dir='ltr'>qui</span> <span class='ocrx_word' id='word_1_381' title='bbox 980 4157 1043 4225; x_wconf 92' lang='lat' dir='ltr'>ei</span> <span class='ocrx_word' id='word_1_382' title='bbox 1090 4157 1343 4227; x_wconf 84' lang='lat' dir='ltr'>adhuc·</span> <span class='ocrx_word' id='word_1_383' title='bbox 1381 4178 1616 4248; x_wconf 24' lang='lat' dir='ltr'>*puero</span> <span class='ocrx_word' id='word_1_384' title='bbox 1671 4157 2004 4250; x_wconf 67' lang='lat' dir='ltr'>contigit,</span> <span class='ocrx_word' id='word_1_385' title='bbox 2135 4156 2287 4225; x_wconf 88' lang='lat' dir='ltr'>lane</span> <span class='ocrx_word' id='word_1_386' title='bbox 2335 4170 2765 4247; x_wconf 89' lang='lat' dir='ltr'>compertum</span> <span class='ocrx_word' id='word_1_387' title='bbox 2815 4156 3116 4226; x_wconf 85' lang='lat' dir='ltr'>habebat</span> 
     </span>
     <span class='ocr_line' id='line_1_45' title="bbox 555 4179 3115 4337; baseline -0.001 -21"><span class='ocrx_word' id='word_1_388' title='bbox 555 4245 1051 4337; x_wconf 81' lang='lat' dir='ltr'>sanctiAngeli</span> <span class='ocrx_word' id='word_1_389' title='bbox 1108 4245 1419 4317; x_wconf 88' lang='lat' dir='ltr'>tutelaris</span> <span class='ocrx_word' id='word_1_390' title='bbox 1486 4246 1830 4337; x_wconf 89' lang='lat' dir='ltr'>praesidio</span> <span class='ocrx_word' id='word_1_391' title='bbox 1896 4268 1968 4316; x_wconf 91' lang='lat' dir='ltr'>se</span> <span class='ocrx_word' id='word_1_392' title='bbox 2030 4179 2127 4315; x_wconf 52' lang='lat' dir='ltr'>al?</span> <span class='ocrx_word' id='word_1_393' title='bbox 2167 4245 2451 4316; x_wconf 89' lang='lat' dir='ltr'>instanti</span> <span class='ocrx_word' id='word_1_394' title='bbox 2501 4245 2742 4317; x_wconf 87' lang='lat' dir='ltr'>mortis</span> <span class='ocrx_word' id='word_1_395' title='bbox 2805 4244 3115 4334; x_wconf 88' lang='lat' dir='ltr'>periculo</span> 
     </span>
    </p>
   </div>
   <div class='ocr_carea' id='block_1_5' title="bbox 554 4408 3118 4505">
    <p class='ocr_par' dir='ltr' id='par_1_5' title="bbox 554 4408 3118 4505">
     <span class='ocr_line' id='line_1_46' title="bbox 554 4408 3118 4505; baseline -0.001 -55"><span class='ocrx_word' id='word_1_396' title='bbox 554 4464 583 4505; x_wconf 61' lang='lat' dir='ltr'>b</span> <span class='ocrx_word' id='word_1_397' title='bbox 602 4410 629 4437; x_wconf 68' lang='lat'>⁸⁸</span> <span class='ocrx_word' id='word_1_398' title='bbox 658 4410 909 4504; x_wconf 49' lang='lat' dir='ltr'>{gregium</span> <span class='ocrx_word' id='word_1_399' title='bbox 940 4411 991 4450; x_wconf 85' lang='lat' dir='ltr'>in</span> <span class='ocrx_word' id='word_1_400' title='bbox 1021 4410 1208 4451; x_wconf 65' lang='lat' dir='ltr'>laudem</span> <span class='ocrx_word' id='word_1_401' title='bbox 1243 4411 1375 4451; x_wconf 75' lang='lat' dir='ltr'>Servi</span> <span class='ocrx_word' id='word_1_402' title='bbox 1408 4411 1493 4452; x_wconf 75' lang='lat' dir='ltr'>Dei</span> <span class='ocrx_word' id='word_1_403' title='bbox 1525 4408 1754 4452; x_wconf 66' lang='lat' dir='ltr'>orationis</span> <span class='ocrx_word' id='word_1_404' title='bbox 1783 4410 2028 4452; x_wconf 80' lang='lat' dir='ltr'>exordium</span> <span class='ocrx_word' id='word_1_405' title='bbox 2063 4432 2100 4439; x_wconf 94' lang='lat'>—</span> <span class='ocrx_word' id='word_1_406' title='bbox 2130 4412 2419 4461; x_wconf 73' lang='lat' dir='ltr'>Triumphus</span> <span class='ocrx_word' id='word_1_407' title='bbox 2449 4412 2601 4451; x_wconf 67' lang='lat' dir='ltr'>nancti</span> <span class='ocrx_word' id='word_1_408' title='bbox 2639 4408 2726 4449; x_wconf 81' lang='lat' dir='ltr'>viri</span> <span class='ocrx_word' id='word_1_409' title='bbox 2760 4410 2817 4449; x_wconf 72' lang='lat' dir='ltr'>ad</span> <span class='ocrx_word' id='word_1_410' title='bbox 2847 4410 2962 4458; x_wconf 80' lang='lat' dir='ltr'>quid</span> <span class='ocrx_word' id='word_1_411' title='bbox 2996 4408 3118 4452; x_wconf 63' lang='lat' dir='ltr'>cefe-</span> 
     </span>
     <span class='ocr_line' id='line_1_47' title="bbox 587 4473 777 4505; baseline -0.011 0"><span class='ocrx_word' id='word_1_412' title='bbox 587 4474 671 4505; x_wconf 76' lang='lat' dir='ltr'>nn</span> <span class='ocrx_word' id='word_1_413' title='bbox 708 4473 777 4505; x_wconf 76' lang='lat' dir='ltr'>ns.</span> 
     </span>
    </p>
   </div>
  </div>
 </body>
</html>
