3357 4995
671 321 800 388 330
1486 336 1566 384 nn
1614 338 1669 385 s.
1725 335 1971 385 nasmo
2021 329 2267 384 naono
2775 320 2996 387 JUNII
3049 321 3130 386 tt

583 420 931 490 nitebatur
981 440 1019 488 e
1057 419 1271 488 sancti
1310 417 1434 486 viri
1487 417 1816 488 manibus
1864 417 2203 508 abripere.
2260 422 2339 486 At
2390 416 2508 487 ille
2556 416 2859 488 clamare
2903 441 3023 497 coe
3079 419 3133 489 it

575 521 641 578 et
672 508 933 577 dicere:
975 510 1218 577 Sancte
1268 506 1406 586 Dei,
1435 506 1688 596 adjuva
1714 529 1848 589 me,
1888 519 2212 593 tantaque
2252 506 2583 576 instantia
2618 506 2970 598 malignus
3008 509 3031 576 i
3065 508 3131 577 le

575 618 943 686 aggressus
989 610 1091 667 est
1137 618 1323 676 eum,
1377 609 1455 666 ut
1502 595 1708 665 etiam
1761 609 2081 666 sanctum
2131 594 2356 664 virum
2393 594 2799 685 impelleret,
2847 597 3131 670 trahens

573 686 954 754 hominem.
1019 690 1403 757 Conversus
1464 697 1696 754 autem
1746 685 1851 753 vir
1898 694 2181 755 sanctus
2228 684 2316 753 ad
2365 683 2750 766 diabolum,
2804 686 2930 755 ait:
2986 692 3133 756 Im-

576 774 1016 864 probissime,
1093 773 1489 844 animarum
1538 785 1926 875 corruptor,
1982 787 2174 863 pater
2220 773 2661 845 tenebrarum
2703 787 2768 844 et
2799 774 3132 864 perditio-

579 862 711 944 nis,
765 884 903 932 non
957 864 1081 933 tibi
1121 875 1240 933 tua
1288 861 1545 931 sufficit
1578 862 1896 951 perdlti0‚
1949 884 2088 949 qua
2127 874 2190 932 te
2224 862 2486 949 tibique
2532 863 2848 933 subditos
2896 864 3133 935 affeci—

579 952 690 1032 sti,
725 952 858 1022 nisi
891 953 1098 1022 etiam
1135 952 1251 1020 Dei
1288 950 1423 1020 mei
1466 963 1680 1021 tentes
1713 951 2125 1040 plasma‘IAt
2149 951 2470 1021 diabolus
2496 952 2581 1021 ad
2609 974 2807 1022 eum:
2850 954 3134 1043 Praeju-

580 1041 774 1111 dicas
823 1042 1035 1123 mihi,
1095 1039 1356 1126 inquit,
1418 1039 1665 1108 Basili:
1720 1061 1892 1126 quas
1953 1039 2373 1110 daemonum
2440 1063 2635 1112 voces
2701 1041 2990 1132 plurimi
3049 1064 3134 1113 ex

581 1130 805 1210 nobiS,
842 1131 1236 1209 audierunt,
1291 1127 1632 1198 clamante
1665 1128 1949 1219 populo,
1990 1129 2191 1219 Kyrie
2235 1128 2518 1199 eleison.
2562 1136 2768 1224 Petro
2816 1130 2921 1199 vir
2968 1153 3133 1201 san-

581 1232 735 1290 ctus
797 1218 1190 1309 respondit:
1264 1221 1578 1307 Increpet
1644 1230 1709 1286 te
1778 1217 2157 1299 Dominus,
2224 1231 2444 1288 satan.
2514 1224 2592 1288 Et
2661 1241 2906 1289 rursus
2966 1219 3126 1289 ille:

583 1308 1023 1398 Praejudicas
1073 1304 1272 1385 mihi,
1326 1306 1442 1382 ait,
1500 1305 1730 1375 Basili.
1785 1312 1926 1375 Non
1977 1328 2103 1396 ego
2152 1306 2349 1375 illum
2410 1307 2575 1390 adii,
2621 1308 2741 1377 sed
2790 1307 2907 1377 ille
2949 1310 3136 1378 venit

584 1397 671 1467 ad
725 1419 873 1465 me:
929 1395 1328 1481 Christoque
1375 1394 1735 1486 abnegato,
1798 1394 1967 1463 mihi
2023 1395 2372 1485 professus
2417 1411 2541 1466 est.
2596 1400 2673 1466 Et
2730 1418 2884 1466 ecce
2934 1409 3134 1468 teneo

583 1484 1128 1576 chirographum
1179 1484 1353 1572 ejus,
1391 1497 1458 1553 et
1503 1484 1586 1551 in·
1624 1483 1736 1552 die
1760 1483 2013 1574 judicii
2055 1484 2137 1553 ad
2175 1505 2618 1556 communem
2654 1486 2969 1555 omnium
2999 1487 3136 1574 'ju-

583 1576 805 1644 dicem
846 1596 1006 1643 eum
1039 1571 1409 1642 adducam.
1464 1577 1634 1641 Tum
1667 1594 1825 1642 vero
1870 1572 2204 1654 Basilius:
2260 1575 2689 1655 Benedictus,
2720 1575 2969 1662 inquit,
3008 1581 3136 1646 Do-

587 1664 821 1732 minus
871 1668 1047 1732 Deus
1097 1683 1326 1730 meus:
1369 1682 1502 1730 non
1535 1661 1832 1752 deponet
1878 1662 1990 1731 hic
2041 1661 2343 1753 populus
2368 1663 2719 1754 supplices
2750 1664 2820 1733 in
2855 1663 3135 1733 coelum

586 1773 860 1830 manuS,
914 1751 1131 1819 donec
1180 1750 1428 1819 reddas
1454 1750 2025 1840 chirographum3
2064 1773 2572 1839 conversusque
2619 1752 2702 1821 ad
2758 1752 3129 1843 populum,

586 1840 956 1919 Sustollite,
1011 1839 1259 1925 inquit,
1313 1838 1383 1907 in
1433 1838 1703 1907 coelum
1762 1862 2012 1909 manus
2055 1853 2333 1919 vestras,
2385 1841 2766 1911 clamantes
2812 1864 2975 1911 cum
3028 1840 3131 1910 la-

583 1930 866 2019 crymis,
923 1928 1125 2017 Kyrie
1171 1927 1452 2007 eleison,
1488 1928 1749 1996 Christe
1788 1927 2070 2008 eleison,
2125 1929 2327 2017 Kyrie
2359 1929 2639 1999 eleison.

672 2021 708 2105 ξ
759 2023 903 2091 21.
959 2023 1196 2103 Itaque
1229 2016 1327 2085 sic
1372 2029 1817 2106 permanente
1853 2017 2108 2107 populo
2141 2017 2210 2085 in
2251 2018 2490 2086 horam
2526 2018 2813 2088 multam
2844 2040 3129 2088 sursum

582 2107 829 2176 erectis
860 2107 1211 2187 manibuS,
1265 2127 1347 2174 en
1399 2105 1942 2195 chirographum
1993 2104 2299 2175 hominis
2352 2107 2538 2177 illius
2574 2129 2693 2196 per
2741 2109 2900 2176 aera
2937 2105 3132 2175 dela-

582 2212 755 2278 tum,
809 2195 1079 2265 cunctis
1125 2193 1592 2273 cernentibus,
1647 2194 1917 2284 lapsum
1961 2208 2062 2264 est
2114 2195 2183 2263 in
2232 2217 2482 2265 manus
2531 2196 2750 2265 sancti
2804 2196 3017 2286 patris
3064 2209 3132 2264 et

582 2285 878 2375 pastoris
945 2284 1182 2354 nostri.
1248 2282 1647 2373 Suscipiens
1708 2294 1938 2352 autem
2005 2282 2175 2352 illud
2237 2276 2339 2352 vir
2392 2298 2694 2364 sanctus,
2747 2296 2813 2353 et
2867 2284 3130 2375 gratias

582 2395 794 2464 agens
829 2378 983 2458 De0,
1039 2372 1319 2462 gavisus
1347 2384 1449 2441 est
1494 2370 1716 2451 valde,
1750 2383 1816 2441 et
1854 2393 2086 2441 coram
2135 2372 2326 2441 omni
2361 2371 2619 2463 populo
2653 2373 2823 2442 dixit
2870 2372 2956 2441 ad
3011 2372 3131 2442 ho-

583 2463 876 2534 minem:
907 2461 1259 2552 Agnoscis
1281 2459 1490 2530 frater
1538 2459 1743 2529 hasce
1776 2461 2060 2531 literas?
2107 2466 2182 2531 At
2214 2460 2364 2531 ille:
2402 2466 2645 2544 Imm0,
2688 2461 2937 2550 inquit,
2971 2484 3130 2533 san-

580 2565 684 2623 cte
717 2553 858 2633 Dei,
910 2551 1080 2621 meis
1130 2550 1458 2620 manibus
1488 2549 1783 2640 scriptae
1831 2562 2014 2619 sunt.
2068 2556 2275 2643 J'orro
2324 2551 2619 2622 Basilius
2673 2551 2826 2621 illas
2866 2551 3130 2645 discer7

582 2665 774 2731 pens,
821 2642 1201 2710 duxiteum
1228 2639 1313 2709 ad
1339 2638 1738 2719 Ecclesiam,
1775 2639 2210 2730 dignumque
2240 2638 2398 2709 fecit
2436 2653 2672 2710 sancto
2709 2640 3125 2720 ministerio,

579 2746 644 2801 et
707 2729 1204 2801 communione
1251 2728 1741 2817 mysteriorum
1780 2742 1845 2797 et
1877 2749 2241 2796 munerum
2293 2729 2580 2799 Christi:
2633 2729 3130 2818 excipiensque

578 2841 852 2890 omnem
907 2817 1273 2908 populum,
1313 2814 1739 2886 refocillavit.
1774 2816 2029 2885 Deinde
2055 2838 2217 2886 cum
2248 2816 2595 2886 hominem
2629 2817 2830 2887 illum
2867 2818 3130 2887 instru-

578 2908 809 2988 xisset,
864 2908 1004 2977 sive
1051 2904 1332 2981 vivendi
1377 2927 1766 2996 congruum
1820 2927 2150 2975 canonem
2204 2904 2308 2974 illi
2358 2906 2772 2986 tradidisset,
2828 2905 3133 2976 reddidit

579 3017 737 3065 eum
781 2994 1062 3085 conjugi
1109 3016 1298 3074 suae,
1356 2993 1752 3066 incessabili
1814 3016 1971 3064 voce
2020 2993 2521 3089 glorificantem
2588 3008 2654 3065 et
2728 2995 3129 3065 laudantem

580 3089 819 3153 Deum.
2152 3096 2179 3127 ⁹
2397 3131 2400 3134 -
2989 3086 3001 3101 ‘

553 3202 566 3221 *
670 3181 708 3254 ἓ
761 3177 923 3245 271.
973 3177 1128 3242 Jam
1178 3193 1405 3261 porro,
1448 3171 1694 3240 fratres
1743 3173 1900 3254 mei,
1935 3172 2296 3261 quippiam
2333 3171 2582 3242 referre
2615 3174 2767 3243 volo
2815 3174 2901 3243 de
2950 3172 3132 3242 cele-

578 3262 882 3331 berrimo
913 3273 1104 3351 patre
1151 3260 1401 3329 Basilio
1441 3273 1507 3329 et
1544 3262 1884 3350 Ephraem
1948 3265 2116 3350 Syro
2145 3260 2200 3341 ²⁵,
2239 3261 2361 3348 qui
2411 3284 2530 3353 per
2578 3263 2801 3332 visum
2847 3262 3128 3341 didicit,

581 3351 811 3438 qualis
838 3360 1017 3419 esset
1047 3349 1232 3440 apud
1271 3354 1485 3418 Deum
1534 3349 1871 3419 Basilius:
1923 3350 2108 3437 quod
2143 3351 2464 3436 equidem
2513 3373 2594 3420 ex
2644 3352 2922 3421 homine
2970 3372 3133 3422 san-

579 3452 686 3510 cto
734 3453 799 3509 et
849 3439 1135 3507 minime
1190 3460 1363 3508 vano
1413 3448 1619 3524 atque
1674 3437 1904 3507 fallaci
1954 3437 2210 3507 audivi.
2279 3444 2393 3509 Est
2446 3453 2676 3510 autem
2735 3440 3128 3529 ejusmodi:

580 3528 921 3619 Ephraem
973 3527 1075 3595 vir
1114 3526 1587 3597 memorabilis
1616 3549 1778 3596 cum
1818 3538 1995 3596 esset
2025 3527 2236 3596 eremi
2272 3527 2515 3610 cultor,
2554 3528 2852 3615 quodam
2900 3530 3135 3598 Sancti

580 3617 879 3708 Spiritus
909 3617 1195 3686 edoctus
1236 3615 1524 3695 lumine,
1565 3615 1734 3685 vidit
1761 3616 2112 3685 hominem
2144 3614 2378 3685 Basilii
2416 3630 2789 3697 amantem,
2828 3639 3134 3705 eumque

580 3718 1046 3796 percontatuS,
1102 3705 1422 3795 cognovit
1468 3726 1549 3773 ex
1604 3704 1723 3774 illo
1772 3703 2183 3774 admiranda
2230 3704 2420 3776 illius
2468 3707 2686 3776 sancti
2736 3707 2862 3775 viri
2894 3728 3130 3797 opera.

584 3800 822 3881 Itaque
871 3795 1022 3864 sine
1073 3793 1584 3864 intermissione
1649 3794 1842 3885 petiit
1904 3794 2036 3863 sibi
2086 3816 2126 3862 a
2176 3799 2329 3864 Deo¹
2370 3794 2679 3878 revelari,
2734 3795 3136 3886 cujusmodi

576 3897 755 3954 esset
777 3889 1067 3974 Magnus
1115 3881 1433 3954 Basilius.
1463 3884 1643 3953 Vidit
1673 3904 1835 3973 ergo
1866 3883 1934 3951 in
1968 3882 2212 3953 ecstasi
2246 3882 2648 3953 columnam
2680 3885 2887 3975 igniS,
2922 3885 3136 3972 cujus

580 3986 804 4042 vertex
869 3971 1246 4063 attingebat
1309 3971 1622 4052 coelum,
1675 3993 2051 4058 vocemque
2108 3982 2407 4062 'superne
2472 3972 2752 4043 allatam
2821 3972 3128 4043 audivit:

576 4061 941 4151 Ephraem,
998 4061 1361 4151 Ephraem,
1408 4060 1738 4131 columna
1784 4061 1990 4151 ignis,
2043 4082 2249 4146 quam
2304 4060 2558 4143 vidisti,
2595 4068 2887 4152 Magnus
2937 4064 3135 4132 Basi-

580 4149 717 4219 lius
773 4161 897 4218 est.
969 4155 1117 4219 Mox
1180 4150 1198 4217 i
1253 4150 1392 4218 itur
1452 4149 1761 4220 adhibito
1824 4148 1959 4219 sibi
2036 4149 2404 4240 interprete
2458 4150 2872 4239 (nesciebat
2939 4152 3129 4221 enim

578 4238 881 4327 Graece),
918 4238 1101 4307 venit
1139 4173 1250 4307 arf
1257 4259 1578 4329 magnam
1606 4237 1967 4308 ecclesiam
1999 4237 2482 4309 celeberrimae
2511 4239 2708 4310 urbis
2734 4244 3128 4324 Caesareae,

578 4327 730 4417 ipsa
757 4339 1034 4398 sanctae
1058 4326 1541 4417 Theophaniae
1573 4349 1771 4397 sacra
1802 4326 2255 4409 solemnitate,
2290 4340 2355 4397 et
2381 4327 2740 4418 ingressus
2770 4328 3126 4410 clancu10,

626 4451 650 4473 ⁴⁹
679 4450 795 4491 Vide
817 4451 966 4492 afebr.
