3357 4995
663 339 783 403 194
2797 334 3014 399 JUNII
3063 335 3103 397 7

1421 515 1684 647 ‘VITA
1759 546 1839 646 S.
1911 545 2226 646 PAULI

987 749 1514 852 ΓΑΒΕΗΙΕΡΙΒΕ.
1579 786 2207 853 consummor.
2259 786 2359 850 ΕΤ
2409 786 2655 851 MART.

1128 1001 1379 1049 sun-:om
1429 1002 1862 1050 METAPHRASTI
1910 1000 2104 1051 FALSO
2151 1002 2519 1050 ATTRIBUTA.

1365 1195 1549 1251 Obiit
1598 1195 1820 1252 medio
1863 1196 1960 1251 IV
2002 1197 2296 1252 saeculo.

662 1415 697 1496 ξ
745 1417 820 1484 1.
875 1408 1161 1491 Quando
1193 1410 1648 1488 Constantius,
1690 1409 2110 1478 Constantini
2161 1408 2393 1499 Magni
2447 1409 2687 1479 tertius
2736 1408 2944 1488 filius,
3001 1422 3098 1477 te-

575 1499 778 1567 nebat
810 1510 1078 1588 sceptra
1126 1499 1412 1567 Romani
1463 1499 1761 1589 imperii,
1816 1497 2080 1566 Arriani
2130 1498 2670 1587 persecutionem
2737 1512 3096 1568 moverunt

575 1586 909 1656 adversus
951 1587 1121 1676 pi05‚
1165 1600 1242 1657 ut
1287 1587 1405 1672 qui
1455 1588 1536 1656 ad
1590 1588 1756 1657 haec
1809 1610 1850 1655 a
1899 1586 2288 1656 Constantio
2337 1586 2717 1675 plurimum
2771 1586 3097 1656 haberent

574 1675 995 1764 adjumenti,
1065 1688 1130 1744 et
1177 1675 1618 1744 Athanasium
1668 1674 1947 1761 quidem
1998 1675 2523 1744 exterminatum
2585 1675 2847 1763 accepit
2903 1676 3099 1744 Occi·
3184 1682 3189 1687 “

573 1764 776 1832 dens:
830 1764 1104 1832 divinus
1138 1776 1366 1833 autem
1417 1765 1789 1834 Alexander
1836 1764 2125 1834 Antistes
2160 1764 2486 1853 Byzantii,
2523 1785 2685 1831 cum
2749 1765 2923 1833 vitae
2971 1764 3094 1831 fini

574 1854 1217 1943 appropinquasset,
1253 1852 1524 1922 nullum
1575 1853 1854 1940 quidem
1907 1873 2072 1922 suae
2119 1852 2458 1922 Ecclesiae
2525 1852 2876 1921 constituit
2936 1876 3093 1923 suc-

573 1962 955 2011 cessorem:
1024 1940 1140 2009 sed
1207 1963 1365 2009 cum
1433 1941 1609 2012 duos
1658 1941 2065 2032 praecipuos
2113 1941 2429 2031 elegisset
2475 1963 2554 2009 ex
2600 1940 2778 2020 aliis,
2835 1942 3089 2031 populo

573 2030 753 2097 hanc
785 2029 971 2099 dedit
1017 2032 1385 2120 optionem,
1432 2042 1524 2116 ut·
1556 2032 1614 2099 si
1654 2030 1862 2099 velint
1899 2030 2181 2116 quidem
2214 2035 2560 2099 Doctorem
2612 2044 2677 2098 et
2725 2029 3093 2099 virtutibus

574 2118 1118 2207 resplendentem
1172 2118 1419 2187 habere
1468 2119 1885 2198 Pontificem,
1948 2118 2236 2188 Paulum
2285 2118 2637 2207 eligerent,
2690 2140 2894 2205 quem
2949 2120 3095 2209 ipse

573 2206 913 2276 ordinavit
951 2208 1448 2294 Presbyterum.
1505 2210 1620 2276 Sin
1671 2220 1898 2277 autem
1963 2207 2201 2276 habitu
2249 2208 2472 2277 solum
2514 2229 2812 2297 gravem,
2871 2220 2936 2275 et
2983 2230 3095 2276 ve-

577 2295 741 2364 stitu
773 2296 1196 2366 extrinsecus
1245 2297 1634 2374 honestum,
1676 2295 2147 2364 Macedonium
2175 2297 2309 2382 qui’
2344 2296 2564 2365 iuerat
2602 2298 2749 2384 jam
2790 2295 2954 2364 olim
2982 2319 3091 2365 or—

573 2384 851 2454 dinatus
901 2385 1259 2463 Diaconus,
1304 2397 1367 2452 et
1409 2384 1553 2470 jam
1607 2385 1925 2474 vergebat
1952 2384 2037 2453 ad
2077 2396 2520 2454 senectutem.
2559 2390 2737 2454 Haec
2785 2408 2943 2454 cum
2993 2386 3095 2456 eis

574 2473 875 2553 dixisset,
916 2473 1155 2547 transit
1188 2473 1270 2543 ad
1322 2472 1516 2543 sedes
1565 2473 1880 2544 meliores
1913 2472 1967 2551 *,
2004 2495 2161 2542 cum
2204 2471 2444 2543 fuisset
2482 2475 2759 2561 quidem
2795 2473 3092 2543 Pontifex

572 2562 956 2651 vigintitres
1005 2583 1245 2642 annos,
1280 2562 1553 2631 vixisset
1599 2574 1830 2632 autem
1867 2564 2419 2653 nonagintaocto.

659 2655 695 2737 ξ
749 2657 835 2721 2.
891 2652 1077 2719 Circa
1135 2651 1536 2720 electionem
1598 2664 1826 2720 autem
1877 2672 2112 2721 eorum
2164 2652 2282 2737 qui
2331 2651 2497 2721 dicti
2537 2652 2828 2732 fuerant,
2882 2652 3097 2721 extitit

570 2741 933 2809 contentio.
975 2746 1139 2810 Nam
1167 2741 1430 2808 Arriani
1462 2740 1742 2826 quidem
1776 2741 1997 2830 magis
2025 2740 2453 2830 aspiciebant
2476 2740 2561 2810 ad
2594 2741 3087 2818 Macedonium:

572 2828 940 2897 Orthodoxi
991 2850 1144 2896 vero
1191 2828 1537 2928 eligebant
1595 2829 1912 2898 Paulum.
1976 2829 2197 2899 Vincit
2245 2842 2470 2899 tamen
2521 2830 2928 2919 suffragium
2976 2832 3100 2897 Or-

572 2916 1044 2995 thodoxorum,
1113 2930 1177 2986 et
1221 2917 1499 3007 eligitur
1558 2917 1812 2987 Paulus
1862 2919 2165 3007 Byzantii
2210 2918 2613 3007 Episcopus,
2673 2920 2740 2987 in
2795 2918 3095 2987 Ecclesia
3170 2948 3179 2961 ⁸

569 3026 746 3092 quae
793 3004 1180 3094 appellatur
1219 3019 1492 3076 sanctae
1543 3011 1793 3087 Irenes,
1846 3028 2057 3094 quam
2107 3019 2379 3096 tempus
2426 3030 2465 3075 a
2518 3028 2689 3076 nova
2737 3028 3088 3097 separans,

572 3093 884 3162 concedit
910 3105 986 3162 ut
1011 3107 1197 3162 vetus
1221 3095 1637 3164 nominetur.
1666 3095 2101 3166 Constantius
2121 3107 2349 3164 autem
2372 3116 2531 3165 cum
2555 3096 2737 3165 haud
2765 3096 2855 3164 ita
2879 3096 3092 3166 multo

573 3195 727 3271 post
773 3183 1425 3273 Constantinopolim
1477 3183 1791 3253 rediisset
1836 3206 1915 3252 ex
1955 3184 2329 3263 Antiochia,
2388 3184 2604 3254 iratus
2664 3183 2793 3253 fuit
2847 3185 3085 3264 elect0,

568 3269 749 3357 quod
805 3291 935 3339 non
986 3293 1090 3356 ex,
1125 3272 1273 3361 ejus
1322 3273 1658 3341 sententia
1731 3273 2170 3363 processisset
2228 3272 2502 3343 electio:
2567 3284 2633 3341 et
2681 3285 3096 3364 congregato

570 3360 1013 3428 Arrianorum
1061 3358 1541 3440 conciliabulo,
1596 3361 2077 3430 condemnavit
2107 3361 2390 3448 quidem
2439 3361 2758 3440 Paulum,
2796 3376 2870 3430 ut
2899 3361 3096 3448 quie-

538 3461 820 3518 ·sceret:
875 3450 1247 3519 Eusebium
1296 3471 1474 3529 vero,
1511 3450 1632 3535 qui
1667 3450 1861 3518 tertio
1911 3451 2218 3520 mutabat
2239 3449 2494 3531 sedem,
2532 3472 2612 3519 ex
2668 3449 3100 3520 Nicomediae

572 3537 815 3626 Episco
868 3561 906 3605 o
955 3551 1136 3607 creat
1197 3538 1393 3607 urbis
1442 3538 1667 3627 regiae
1717 3539 2155 3629 Episcopum.
2225 3539 2351 3609 Sed
2417 3561 2578 3608 cum
2646 3537 2760 3607 ille
2806 3537 3091 3624 quidem

571 3625 782 3716 impie
855 3648 996 3696 iaec
1047 3627 1336 3705 lecisset,
1393 3628 1749 3696 revertitur
1794 3648 2037 3696 rursus
2088 3627 2547 3697 'Antiochiam
2589 3626 2922 3696 Eusebius
2969 3648 3089 3693 au-

570 3725 702 3783 tem
755 3736 1028 3784 omnem
1080 3713 1392 3784 movebat
1434 3713 1757 3805 lapidem,
1818 3728 1895 3785 ut
1946 3738 2025 3784 ex
2070 3738 2262 3786 sacro
2313 3715 2627 3805 symbolo
2664 3713 2921 3785 tolleret
2974 3716 3094 3783 Ιιο-

569 3806 891 3883 mousion,
931 3802 998 3871 id
1047 3813 1169 3881 est,
1216 3803 1828 3874 consubstantiale.

654 3892 691 3977 ἓ
738 3895 830 3962 3.
884 3891 1274 3962 Celebratur
1319 3891 1658 3962 dedicatio
1720 3892 2048 3965 ecclesiae
2094 3893 2595 3974 Antiochenae,
2661 3914 2874 3980 quam
2924 3894 3096 3960 Con-

567 3981 911 4049 stantinus
957 3980 1238 4066 quidem
1287 3985 1573 4071 Magnus
1620 3983 1932 4051 excitavit
1998 4005 2036 4050 a
2099 3980 2602 4052 fundamentis:
2657 3980 3096 4051 Constantius

565 4080 793 4138 autem
846 4068 1152 4137 studium
1193 4068 1532 4150 adhibuit,
1568 4084 1645 4139 ut
1691 4082 2244 4141 consecraretur:
2296 4083 2362 4139 et
2409 4070 2862 4141 dedicationis
2903 4090 3095 4158 prae-

543 4169 752 4226 itextu
807 4170 1315 4247 congregantur
1372 4159 1689 4259 Episcopi
1750 4182 2037 4231 numero
2086 4160 2485 4250 nonaginta.
2554 4160 2890 4229 Maximus
2940 4178 3093 4226 vero

566 4244 859 4313 Antistes
903 4245 1512 4335 Jerosolymorum,
1566 4271 1669 4317 vn·
1710 4250 1890 4339 pius,
1931 4271 2066 4319 non
2117 4246 2374 4329 aderat,
2417 4270 2637 4336 neque
2685 4252 2940 4316 Romae
2967 4251 3093 4315 Ju-

567 4333 727 4414 liuS,
769 4353 892 4401 nec
924 4355 1045 4424 per
1093 4355 1186 4416 se,
1234 4356 1357 4406 nec
1407 4359 1527 4426 per
1575 4337 1876 4425 aliquem
1925 4358 2005 4408 ex
2034 4337 2385 4426 subjectis.
2424 4342 2888 4427 Congregatur
2933 4355 3095 4424 ergo

619 4459 644 4488 ⁸
672 4460 885 4507 necessit
905 4468 1027 4505 anno
1050 4470 1311 4504 cccxxxvi:
1334 4460 1508 4505 colitur
1529 4471 1676 4505 xxviii
1700 4472 1801 4513 aug.
