3357 4995
666 322 793 388 394
1281 338 1360 385 na
1408 338 1464 384 s.
1522 334 1815 385 BENNONE
1863 335 2156 383 msNENSi
2207 336 2406 382 Erisc.
2770 318 2994 383 JUNII
3043 321 3126 382 46

573 447 652 493 ac
694 425 875 494 bona
920 422 1346 493 committere
1400 420 2018 512 praesumpserint,
2054 443 2136 489 ne
2167 420 2236 489 id
2270 421 2556 509 impune
2585 421 2893 490 tulerint.
2927 421 3122 503 Quod

573 514 631 583 si
671 512 1034 604 paululum
1065 512 1135 578 in
1186 510 1580 580 accusando
1627 510 1819 579 visus
1868 509 2063 579 fuero
2096 509 2576 600 negligentior,
2634 511 2733 579 sic
2784 510 2917 580 sibi
2971 531 3125 600 per—

569 601 905 672 suadeant
937 622 1369 671 successores
1400 599 1558 680 mei,
1598 600 1875 690 probari
1905 599 2154 689 partim
2183 621 2223 666 a
2253 604 2384 668 Deo
2413 620 2651 668 eorum
2693 599 3120 689 patientiam,

571 689 821 790 partim
871 689 1354 779 injuriantium
1404 689 1746 778 expectari
1797 687 2314 777 poenitentiam.
2370 688 2500 769 Qui
2565 689 2623 756 si
2671 688 2981 757 indurati
3040 689 3127 757 ab

572 792 887 868 incoepto
956 777 1282 847 desistere
1351 777 1745 856 noluerint,
1802 777 2095 847 sentient
2158 797 2291 844 non
2351 775 2552 877 longe
2601 776 2833 846 abfore
2880 778 2968 846 ab
3029 777 3129 847 eis

622 866 1052 937 erditionem.
1109 871 1357 936 Contra
1412 888 1567 935 vero
1624 864 2178 935 benefactoribus
2245 863 2587 934 Ecclesiae
2656 888 2846 935 meae
2894 867 3127 935 omnia

602 969 797 1026 austa
845 979 925 1026 ac
962 977 1289 1045 prospera
1338 955 1519 1044 apud
1568 960 1781 1023 Deum
1813 967 2220 1023 exoraturus
2265 976 2448 1024 sum.

667 1048 705 1131 ξ
753 1049 914 1118 85.
968 1069 1003 1110 «
1028 1050 1157 1113 Vos
1187 1056 1441 1124 autem,
1473 1042 1870 1112 charissimi
1902 1042 2167 1121 fratres,
2201 1042 2258 1111 si
2288 1044 2527 1133 procul
2560 1044 2748 1114 omni
2782 1044 3130 1114 simultate

577 1147 642 1203 et
672 1133 829 1203 odio
857 1147 1169 1203 mutuam
1198 1134 1375 1202 inter
1403 1154 1520 1202 vos
1544 1132 1944 1201 charitatem
1987 1131 2309 1220 amplexi,
2344 1153 2478 1200 non
2516 1133 2813 1202 summis
2856 1145 3124 1202 tantum

584 1223 818 1303 labris,
887 1223 1005 1291 sed
1058 1222 1263 1290 corde
1324 1221 1504 1291 bono
1551 1221 1845 1289 invicem
1915 1221 2332 1290 salutantes:
2388 1221 2443 1289 si
2496 1220 2811 1290 divinum
2861 1223 3125 1291 cultum

584 1313 769 1381 haud
822 1311 1121 1402 segniter
1150 1309 1503 1390 aemulati,
1555 1311 1616 1378 si
1665 1315 1906 1398 Remp.
1961 1310 2259 1396 denique
2307 1310 2839 1380 ecclesiasticam
2901 1312 3127 1399 potius

585 1423 794 1485 quam
847 1400 1129 1488 propria
1182 1399 1546 1468 commoda
1578 1410 1642 1468 et
1692 1400 1992 1488 privatas
2043 1399 2218 1475 inter
2274 1420 2391 1467 vos
2437 1420 2684 1469 causas
2736 1401 2932 1468 tutati
2981 1399 3127 1468 fue-

583 1489 755 1558 ritis:
807 1501 1065 1574 quanto
1109 1488 1177 1556 in
1241 1488 1351 1558 his
1408 1488 1736 1558 omnibus
1786 1486 2128 1556 fideliores
2178 1487 2718 1573 sincerioresq'ue
2777 1509 2892 1557 vos
2950 1494 3128 1558 Deus

582 1578 907 1654 inveniet,
947 1589 1129 1646 tanto
1163 1575 1434 1645 facilius
1467 1599 1573 1645 me
1606 1597 1729 1666 pro
1754 1576 1947 1644 vobis
1984 1576 2529 1665 interpellantem
2580 1576 2917 1645 exaudiet.
2951 1581 3128 1658 Que-

583 1665 1032 1735 madmodum
1091 1665 1305 1755 igitur
1343 1665 1455 1734 hic
1506 1666 1575 1732 in
1629 1666 1827 1733 terris
1874 1664 1998 1743 fui,
2053 1665 2144 1733 ita
2191 1676 2257 1733 et
2304 1665 2488 1755 apud
2546 1670 2756 1734 Deum
2805 1678 3122 1755 paratum
3217 1694 3222 1699 ·

584 1777 693 1823 me
750 1754 1114 1832 habebitis,
1170 1766 1371 1845 prout
1418 1753 1853 1854 singulorum
1925 1754 2163 1822 merita
2212 1754 2314 1820 vel
2362 1754 2694 1822 demerita
2743 1753 3128 1842 postulave-

584 1844 744 1920 rint,
798 1856 1162 1933 patronum
1216 1842 1317 1912 vel
1370 1842 1734 1911 vindicem.
1777 1842 1967 1912 »His
2015 1864 2246 1911 severo
2295 1841 2670 1912 admodum
2706 1840 2898 1912 vultu
2924 1857 2990 1911 et
3021 1867 3129 1912 se·
3228 1904 3244 1918 .

586 1932 713 2000 nili
747 1934 1077 2022 gravitate
1108 1932 1419 2012 elocutis.
1479 1933 1582 2000 sin
1637 1930 2055 2017 ulorumque
2095 1931 2420 2000 manibus
2462 1952 2584 2019 pro
2619 1953 2807 1999 inore
2839 1932 3129 2003 deoscu-

587 2021 763 2102 latis,
818 2020 957 2091 illis
1004 2022 1286 2110 hymnis
1331 2044 1410 2090 ac
1462 2042 1583 2122 psa
1619 2021 1750 2088 mis
1789 2019 2001 2109 jussit
2061 2020 2409 2087 insistere:
2478 2020 2625 2108 ipse
2676 2042 2830 2089 vero
2888 2021 3130 2091 devota

584 2109 670 2177 ad
724 2115 933 2178 Deum
968 2110 1273 2216 oratione
1322 2109 1576 2189 habita,
1630 2120 1909 2197 accepto
1961 2108 2152 2195 prius
2199 2107 2659 2177 ecclesiastico
2707 2123 3123 2191 commeatu,

585 2199 747 2268 fessi
787 2199 1060 2267 tandem
1085 2199 1421 2287 ,corporis
1454 2198 1795 2269 sarcinam
1829 2196 2167 2286 deposuit.
2203 2201 2454 2265 Ferunt
2486 2197 2643 2266 ilico
2674 2197 2864 2268 dulci
2896 2198 3126 2269 locum

587 2287 793 2356 odore
826 2287 1157 2367 afflatum,
1211 2286 1498 2355 coeleste
1546 2285 1716 2372 qu'id
1774 2286 2089 2354 omnium
2133 2285 2419 2355 naribus
2472 2287 2872 2376 inspirasse,
2909 2287 3128 2357 donec

590 2377 817 2464 ipsum
846 2377 1070 2465 juxta*
1092 2375 1508 2463 pontificalis
1547 2375 1859 2444 muneris
1908 2374 2309 2463 dignitatem
2345 2374 2415 2442 in
2451 2374 2743 2445 ecclesia
2781 2398 2904 2444 sua
2933 2378 3127 2445 Miss-

588 2465 781 2534 nensi
808 2464 1184 2535 honorifice
1211 2464 1626 2555 sepelierint.
1660 2463 1842 2533 Obiit
1875 2477 2101 2532 autem
2129 2462 2585 2534 decimosexto
2616 2463 2895 2533 Kalend.
2927 2466 3123 2545 Julii,

582 2559 774 2624 Anno
824 2554 1068 2625 salutis
1115 2575 1286 2633 mcvi,
1342 2554 1582 2623 aetatis
1613 2575 1779 2633 xcvi,
1835 2557 1882 2619 E
1939 2553 2289 2641 iscopatus
2337 2576 2494 2622 vero
2524 2576 2622 2621 xi..
3137 2587 3141 2591 ·

671 2646 920 2729 §3ss
978 2642 1304 2710 Defuncto
1382 2648 1721 2721 Bennone,
1798 2664 1869 2711 se
1920 2664 2029 2711 em
2106 2642 2328 2730 ipsius
2389 2643 2652 2732 accepit
2717 2644 3129 2714 venerabilis

587 2732 934 2802 Herwicus
999 2732 1418 2801 Wurtzensis
1466 2730 1795 2800 ecclesiae
1842 2729 2242 2818 collegiatae
2290 2728 2634 2810 fundator,
2689 2753 2894 2818 quem
2962 2754 3130 2800 con—

585 2820 874 2889 secravit
906 2822 1243 2890 Henricus
1291 2825 1343 2888 X
1376 2819 1903 2909 Magdeborgen.
1960 2818 2290 2888 ecclesiae
2313 2820 2909 2910 Archiepiscopus.
2969 2826 3131 2890 Cae-

586 2923 833 2989 terum,
871 2910 1050 2977 sicut
1101 2907 1530 2998 praedixerat
1562 2908 1719 2998 pius
1768 2919 1984 2996 pater,
2015 2906 2201 2976 brevi
2253 2923 2404 2998 post
2432 2908 2694 2977 obitum
2749 2932 2980 2989 suum,
3043 2933 3130 2979 vu

590 2996 904 3066 videlicet
954 2997 1117 3067 Idus
1171 2998 1454 3085 Augusti
1488 2997 1728 3066 eodem
1770 3018 1953 3065 anno
1993 2996 2389 3085 praedictus
2438 2998 2778 3067 Henricus
2814 3003 2948 3066 Rex
3000 3003 3129 3066 1111

587 3086 789 3173 quasi
827 3086 1365 3176 repetundarum
1395 3087 1480 3154 ab
1513 3107 1592 3153 eo
1634 3084 2043 3175 postulatus,
2085 3086 2332 3154 misere
2362 3087 2554 3155 obiit.
2588 3087 2799 3175 CuJus
2839 3087 3135 3155 cadaver

585 3176 1067 3261 quinquennio
1113 3176 1243 3261 (ut
1296 3173 1547 3261 ajunt)
1592 3173 2053 3243 ecclesiastica
2119 3175 2340 3242 caruit
2402 3175 2782 3264 sepultura.
2838 3176 3021 3245 Obiit
3066 3188 3133 3245 et

586 3263 889 3339 Marchio
938 3263 1077 3330 divi
1130 3263 1471 3333 Bennonis
1524 3283 1954 3351 praecussor,
2003 3284 2080 3329 eo
2111 3284 2249 3348 quo
2298 3285 2508 3352 supra
2541 3262 2860 3333 'diximus
2896 3264 3125 3333 modo.

585 3356 891 3434 Quorum
941 3374 1108 3420 casu
1143 3350 1480 3420 admoniti
1527 3372 1981 3429 successoreS,
2042 3351 2382 3420 Ecclesiae
2431 3352 2795 3423 Missnensi
2845 3374 2982 3421 non
3024 3374 3132 3421 so-

585 3441 727 3509 lum
781 3439 1009 3509 ablata
1060 3440 1526 3519 restituerunt,
1570 3462 1803 3509 verum
1847 3439 1932 3507 de
1954 3440 2101 3510 suis
2132 3441 2336 3510 etiam
2375 3441 2576 3511 bonis
2605 3462 2877 3531 semper
2908 3444 3132 3531 magis
3167 3506 3176 3513 .

584 3552 664 3597 ac
706 3528 927 3618 magis
959 3529 1398 3598 addiderunt.
1446 3535 1726 3619 Propter
1764 3528 1946 3614 quod
1999 3528 2067 3597 in
2121 3529 2306 3598 hunc
2354 3552 2575 3616 usque
2623 3530 2804 3598 diem
2858 3552 3134 3619 semper

583 3618 806 3716 magis
854 3640 933 3686 ac
984 3620 1204 3707 magis
1252 3619 1456 3687 etiam
1528 3641 1567 3686 a
1631 3623 1762 3686 Deo
1809 3616 2081 3686 exaltati
2129 3642 2209 3686 ac
2273 3619 2652 3708 prosperati
2718 3632 2904 3687 sunt.
2961 3624 3130 3687 Bea-

584 3707 897 3775 tissimus
946 3716 1121 3776 vero‘
1152 3720 1304 3797 post
1333 3719 1618 3776 mortem
1663 3727 1860 3776 suam
1913 3727 2049 3774 non
2104 3707 2491 3776 minoribus
2525 3730 2564 3776 a
2618 3707 2710 3778 ud
2746 3712 2958 3776 Deum
2994 3708 3135 3776 cla·
3211 3722 3228 3737 ·

586 3796 725 3864 ruit
775 3796 1035 3865 meritis
1068 3819 1146 3865 ac
1199 3795 1581 3875 miraculis,
1619 3816 1830 3880 quam
1882 3794 2045 3863 olim
2096 3796 2164 3863 in
2220 3796 2376 3876 vita,
2430 3818 2559 3865 con
2596 3796 2997 3885 ugientibus
3042 3798 3131 3866 ad

585 3884 979 3974 sepulcrum
1024 3885 1247 3974 ipsius
1317 3883 1617 3973 plurima
1667 3885 2048 3971 impetrans
2098 3883 2452 3953 beneficia.
2499 3892 2802 3967 Quorum
2844 3885 3136 3971 quidam

582 3994 621 4040 a
663 3973 870 4043 variis
914 3973 1023 4042 lan
1082 3972 1370 4043 uoribus
1419 3973 1662 4049 curati,
1713 3972 2022 4062 plerique
2068 3996 2106 4040 a
2153 3973 2483 4063 gravibus
2535 3973 2863 4063 periculis
2900 3984 2965 4042 et
3012 3997 3141 4043 au-

581 4062 951 4131 xietatibus
988 3998 1280 4139 liberati,
1337 4061 1656 4130 nonnulli
1697 4060 1901 4129 etiam
1939 4084 1978 4128 a
2012 4074 2228 4131 morte
2253 4063 2567 4131 suscitati
2601 4078 2784 4133 sunt.
2825 4068 3136 4144 Quorum

582 4152 900 4220 omnium
952 4150 1125 4219 fides
1172 4150 1358 4239 apud
1410 4149 1770 4235 ecclesiam
1824 4150 2271 4220 Missnensem
2324 4150 2562 4230 literis,
2617 4150 2890 4240 sigillis,
2946 4153 3137 4221 testi-

587 4239 746 4321 bus,
807 4252 872 4309 et
923 4239 1021 4307 vel
1073 4237 1440 4308 tabellione
1490 4238 1794 4328 publico,
1854 4237 1954 4307 vel
2007 4239 2470 4309 Praelatorum
2523 4240 2925 4310 auctoritate
2985 4263 3140 4312 atn-

589 4328 906 4418 plissima
954 4327 1126 4395 fulta
1172 4340 1295 4395 est.

670 4420 705 4503 §
753 4421 899 4487 3⁷.
954 4416 1334 4484 Translatio
1403 4426 1628 4485 autem
1701 4415 1922 4505 ipsius
1982 4437 2062 4483 ex
2133 4416 2275 4486 loco
2325 4416 2600 4496 humili,
2672 4417 2791 4486 ubi
2842 4418 3007 4486 olim
3062 4440 3139 4488 se
