3357 4995
652 308 663 319 ’
702 320 784 385 24
1458 336 1538 383 nn
1587 336 1644 384 s.
1698 335 1970 387 smeonss
2016 312 2316 389 uoNA'cno
2843 326 3062 394 JUNII
3118 331 3144 393 t

609 420 751 491 frui
817 422 1358 511 concupiscens,
1410 421 1823 510 requisitum
1873 423 2148 514 reperit,
2203 423 2558 496 inventum
2609 426 2886 509 dilexit,
2949 429 3156 516 eique

611 521 750 581 tota
800 509 1147 611 voluntate
1200 510 1521 592 inhaesit,
1569 522 1637 581 et
1683 510 1754 581 in
1802 523 2143 600 quantum
2175 514 2418 603 potuit,
2457 515 2895 588 devotissime
2949 518 3158 589 mini·

610 611 871 670 stravlt.

694 689 732 775 ξ
783 693 870 760 2.
938 693 1030 756 De
1074 687 1194 757 illo
1243 688 1491 758 Christi
1529 710 1723 759 servo
1770 689 1873 758 vir
1912 690 2028 760 Dei
2084 690 2358 760 Simeon
2408 691 2630 762 multa
2692 693 2939 765 solitus
3007 708 3156 767 erat

607 798 913 858 narrare,
943 788 1011 847 et
1036 777 1655 867 quod-prophetiae
1684 778 2006 868 spiritum
2042 777 2419 858 habuisset,
2459 780 2737 869 plenius
2773 782 2885 852 his
2921 784 3150 855 verbis

605 865 896 936 edicere.
932 870 1102 935 Cum
1135 864 1436 953 quodam
1476 865 1588 936 die
1628 867 1698 936 in
1740 865 2187 938 inferioribus
2232 868 2545 958 ejusdem
2588 870 2799 940 turris
2835 873 3155 961 partibus

602 953 1012 1034 habitarem,
1063 965 1129 1024 et
1167 953 1636 1037 mulierculae,
1690 976 1869 1043 quae
1914 956 2216 1027 camelos
2260 967 2327 1026 et
2373 970 2639 1028 caetera
2695 960 3028 1031 animalia
3080 963 3152 1031 in

602 1043 889 1113 flumine
952 1043 1376 1130 adaquatum
1442 1056 1804 1125 venerant,
1861 1044 2157 1115 inaniter
2213 1057 2279 1115 et
2325 1045 2579 1116 lascive
2675 1070 2750 1119 er
2781 1048 3155 1121 fenestram

605 1133 1009 1222 aspicerem,
1067 1153 1188 1221 per
1227 1131 1575 1221 spiritum,
1626 1132 1961 1222 quicquid
2005 1134 2324 1204 vanitatis
2376 1134 2446 1203 in
2495 1156 2612 1205 cor
2663 1158 2701 1207 e
2749 1138 3144 1220 retinerem,

603 1221 708 1290 vir
755 1220 870 1289 Dei
910 1219 980 1289 in
1021 1220 1495 1309 superioribus
1536 1242 1851 1303 maneae,
1888 1235 1955 1292 et
1982 1243 2093 1293 me
2123 1223 2409 1294 omnino
2440 1222 2670 1295 videre
2704 1246 2841 1296 non
2877 1227 3140 1301 valens,

604 1308 944 1399 cognovit,
1004 1306 1317 1396 factoque
1370 1308 1427 1378 si
1484 1330 1569 1378 no
1617 1310 1688 1378 in
1741 1308 2011 1391 locum,
2077 1311 2202 1381 ubi
2249 1311 2455 1381 verba
2505 1313 2849 1401 loquentis
2904 1315 3149 1386 audire

605 1419 905 1488 possem,
956 1399 1279 1478 evocavit,
1335 1332 1646 1486 miffiique
1692 1401 2035 1489 stupenti,
2088 1421 2269 1487 quae
2314 1401 2773 1491 cogitaveram
2825 1404 2926 1473 vel
2989 1426 3147 1505 ege-

602 1508 777 1567 ram,
834 1485 1257 1576 increpando
1314 1486 1565 1567 retulit,
1623 1498 1829 1588 atque
1887 1487 2006 1557 tali
2041 1509 2374 1558 :sermone
2419 1488 2717 1561 dulciter
2765 1493 3145 1584 corripuit:

606 1598 642 1640 «
671 1574 849 1657 Quid
893 1574 1016 1645 tibi
1060 1575 1356 1665 prodest,
1393 1574 1516 1655 fili,
1558 1588 1855 1665 patriam
1886 1588 1953 1647 et
1981 1576 2341 1648 facultates
2381 1577 2770 1667 reliquisse,
2806 1582 2865 1651 si
2898 1581 3149 1651 mundi

601 1662 944 1733 desideria
970 1676 1035 1733 et
1072 1664 1304 1735 carnis
1351 1662 1710 1735 illecebras
1757 1665 1829 1734 in
1876 1667 2085 1744 corde
2123 1665 2226 1735 vis
2258 1666 2582 1738 retinere?
2630 1668 2699 1737 Si
2745 1689 2910 1759 ergo
2942 1671 3149 1760 cupis

602 1751 993 1852 discipulus
1040 1752 1312 1822 Domini
1357 1752 1549 1833 fieri,
1605 1774 1744 1823 non
1793 1753 2001 1825 debes
2050 1754 2399 1845 deinceps
2435 1756 2686 1827 mundi
2724 1756 3147 1829 vanitatibus

599 1839 970 1931 implicari.
1011 1845 1211 1910 Decet
1256 1840 1445 1911 enim
1492 1863 1766 1912 servum
1819 1842 1936 1913 Dei
1981 1843 2327 1934 spirituali
2370 1844 2619 1915 virtute
2664 1866 2818 1915 esse
2848 1846 3148 1917 circum·

601 1941 941 2020 spectum,
980 1950 1067 1998 ne
1111 1928 1408 1999 callidus
1450 1940 1741 2001 tentator
1773 1930 2168 2022 decipiendi
2213 1932 2520 2003 inveniat
2564 1932 2902 2004 aditum.»
2939 1939 3147 2005 Cum·-

600 2039 734 2107 que
781 2017 959 2088 inter
1005 2017 1130 2087 hos
1176 2029 1242 2087 et
1287 2018 1358 2087 id
1405 2040 1626 2108 genus
1672 2019 1847 2090 alios
1895 2041 2251 2091 sermones
2291 2020 2679 2095 verecundo
2736 2044 2846 2092 me
2890 2023 3149 2094 videret

601 2105 962 2197 perfusum
1012 2107 1313 2176 rubore:
1358 2106 1594 2189 «Noli,
1633 2108 1751 2190 ait,
1807 2108 1950 2178 noli
1998 2108 2265 2179 timere:
2317 2109 2575 2179 bonam
2613 2132 2810 2201 spem
2865 2132 2989 2201 per
3029 2114 3147 2182 Dei

602 2196 899 2285 gratiam
929 2195 1214 2285 concepi
1262 2195 1348 2265 de
1380 2206 1467 2265 te.
1506 2201 1730 2266 Tuum
1778 2208 2154 2295 estpontra
2187 2198 2451 2268 hostem
2502 2220 2837 2289 pugnare,
2877 2200 2994 2269 Dei
3040 2216 3145 2271 est

602 2283 941 2354 auxilium
993 2283 1342 2372 praebere,
1394 2296 1473 2354 ut
1520 2284 1746 2374 possis
1793 2284 2089 2356 vincere.
2158 2285 2370 2357 Credo
2429 2287 2502 2357 in
2560 2291 2694 2356 Deo
2741 2309 2917 2369 meo,
2978 2290 3150 2375 quia

601 2372 866 2462 majora
895 2372 1022 2442 tibi
1053 2383 1386 2463 parantur
1414 2374 1819 2443 certamina:
1865 2373 1984 2444 sed
2018 2374 2313 2455 confide,
2348 2376 2514 2462 quia
2554 2397 2879 2476 praesens
2910 2375 3149 2447 divina

602 2460 823 2532 aderit
868 2459 1256 2532 clementia.
1312 2466 1495 2531 Inter
1544 2472 1813 2532 caetera
1860 2466 2040 2534 Deus
2088 2463 2425 2535 retribuat
2481 2464 2645 2546 tibi,
2688 2463 3099 2536 charissime
3126 2523 3143 2547 ,

598 2572 727 2642 pro
773 2550 1070 2632 servitio,
1108 2550 1293 2638 quod
1344 2550 1520 2620 mihi
1567 2571 1690 2642 per
1736 2551 1863 2621 hos
1910 2572 2131 2622 annos
2185 2552 2486 2623 officiose
2533 2553 2971 2643 impendisti:
3019 2575 3149 2645 ego

598 2660 758 2711 vero
791 2639 1245 2728 frequentiam
1278 2638 1519 2729 populi
1549 2638 1856 2730 amplius
1888 2639 2065 2710 ferre
2090 2661 2228 2710 non
2263 2663 2576 2730 possum.
2616 2641 3148 2712 Concedendum

598 2741 701 2799 est
748 2728 920 2812 mihi
958 2728 1278 2810 ali0,·ubi
1326 2727 1657 2800 secretius
1692 2727 1954 2819 possim
1989 2729 2233 2799 vivere.
2281 2735 2467 2800 Inter
2512 2730 2749 2801 turbas
2786 2731 2972 2800 enim
3007 2730 3149 2802 huc

598 2817 1135 2910 adventantium
1169 2839 1401 2888 meum
1452 2838 1589 2888 non
1626 2838 1912 2907 possum
1951 2817 2242 2908 implere
2281 2818 2802 2919 propositum.»
2836 2823 3150 2907 Cumque

600 2904 840 2975 multis
874 2905 1199 2994 lacrymis
1245 2928 1405 2976 eum
1454 2928 1796 2998 rogarem,
1830 2918 1908 2978 ut
1933 2927 2377 2995 quocumque
2409 2920 2562 2989 iret,
2600 2908 2798 2996 sequi
2835 2930 3141 2998 possem,

599 3015 737 3080 non
786 2995 1103 3065 assensit:
1147 2994 1264 3064 sed
1306 3016 1416 3065 me
1452 2995 1539 3065 ad
1587 2995 1726 3066 alia
1763 3008 2124 3087 occupato,
2179 2996 2473 3087 aufugit,
2529 3017 2778 3084 meque
2815 2996 3147 3088 ignoran-

600 3093 760 3162 tem,
811 3102 951 3169 quo
997 3083 1237 3170 abiret,
1279 3084 1547 3154 occulte
1595 3084 1898 3174 reliquit.
3077 3107 3098 3128 ·

685 3171 851 3258 §a
905 3170 1123 3261 Igitur
1176 3171 1447 3243 Simeon
1506 3185 1695 3244 tanto
1743 3185 1934 3266 patre
1982 3172 2288 3255 orbatus,
2344 3173 2646 3264 cogitare
2699 3175 2924 3263 coepit
2970 3175 3144 3263 quid

598 3271 849 3348 ageret,
888 3259 1134 3329 anxius
1181 3281 1319 3346 quo
1367 3282 1438 3332 se
1488 3274 1795 3344 verteret,
1850 3281 1975 3332 nec
2031 3274 2199 3343 erat,
2251 3262 2375 3351 qui
2421 3273 2781 3333 nutantem
2823 3262 3146 3332 animum

596 3347 1105 3418 consolaretur:
1149 3349 1336 3418 unde
1377 3350 1601 3440 magis
1637 3351 1998 3441 magisque
2032 3350 2466 3423 turbabatur.
2503 3356 2659 3421 Jam
2696 3366 2862 3422 tunc
2893 3351 3146 3422 eremi-

598 3435 812 3507 ticam
851 3448 918 3507 et
956 3437 1332 3508 solitariam
1383 3437 1592 3509 vitam
1641 3439 2201 3529 concupiscebat,
2237 3440 2357 3511 sed
2397 3439 2745 3528 quomodo
2777 3440 3139 3531 inciperet,

599 3523 900 3596 necdum
950 3538 1385 3615 perspectum
1436 3527 1756 3598 habebat.
1811 3528 2032 3619 Igitur
2076 3529 2250 3599 vitas
2297 3534 2576 3600 Patrum
2627 3527 3021 3617 frequenter
3050 3529 3149 3599 le-

600 3635 797 3714 gens,
848 3613 1184 3685 intellexit
1229 3614 1498 3704 nullum
1547 3616 1620 3685 in
1668 3618 1899 3687 eremo
1945 3616 2080 3687 sibi
2127 3619 2443 3707 praeesse
2492 3637 2716 3709 posse,
2770 3617 2906 3687 nisi
2947 3618 3148 3709 prius

595 3724 671 3771 1n
725 3704 1139 3773 monasterio
1186 3701 1507 3774 didicerit
1553 3704 1861 3776 subesse:
1916 3727 2042 3776 nec
2090 3706 2469 3796 perfectum
2518 3704 2823 3794 aliquem
2872 3706 3017 3776 fore
3068 3707 3144 3776 in

596 3791 1152 3881 contemplativa,
1204 3792 1326 3880 qui
1371 3793 1782 3865 exercitatus
1820 3815 1958 3864 non
1998 3792 2206 3864 fuerit
2253 3794 2324 3863 in
2358 3792 2580 3865 activa
2617 3794 2778 3864 vita.
2815 3794 3144 3865 Consola-

596 3879 781 3950 tione
810 3900 974 3971 ergo
1020 3894 1323 3970 accepta,
1360 3881 1779 3964 Bethlehem,
1815 3882 2166 3953 nativitate
2214 3882 2465 3953 Christi
2504 3883 2928 3973 praeclaram
2980 3884 3150 3952 civi-

566 3979 832 4050 statem,
885 3968 1099 4050 adiit,
1153 3990 1362 4057 seque
1407 3969 1478 4039 in
1531 3971 2031 4044 monasterium
2071 3976 2358 4042 Sanctae
2406 3971 2658 4042 Mariae
2704 3971 2979 4042 admitti
3024 3993 3145 4041 ex-

597 4056 830 4148 petiit:
901 4058 1088 4146 quod
1152 4071 1220 4127 et
1275 4058 1598 4129 obtinuit.
1659 4064 1740 4129 In
1805 4060 1998 4130 omni
2058 4080 2217 4130 vero
2264 4060 2667 4135 monasterii
2713 4059 3149 4132 districtione

594 4146 949 4236 probatus,
1004 4160 1213 4235 atque
1243 4146 1521 4217 diaconi
1557 4146 1786 4218 officio
1817 4147 2126 4229 functuS,
2162 4161 2317 4238 post
2346 4147 2526 4222 duos
2563 4169 2787 4219 annos
2822 4147 2909 4219 ad
2942 4148 3146 4221 aliud

597 4236 1093 4306 monasterium
1127 4289 1143 4316 ‚
1195 4234 1379 4323 quod
1442 4248 1543 4306 est
1602 4236 1815 4306 situm
1877 4237 1967 4307 ad
2015 4235 2284 4308 radices
2332 4238 2591 4309 montis
2639 4237 2873 4319 Sinai,
2926 4236 3000 4307 in
3062 4259 3144 4308 eo

598 4323 858 4394 scilicet
906 4322 1081 4406 loco:
1130 4324 1253 4395 ubi
1292 4336 1574 4397 sanctus
1622 4329 1887 4415 Moyses
1934 4324 2290 4396 ardentem
2339 4325 2512 4397 vidit
2556 4347 2697 4396 non
2743 4325 2985 4396 ardere
3023 4347 3148 4396 ru—

597 4412 806 4495 bum,
858 4411 1181 4484 secessit:
1242 4413 1366 4485 ubi
1421 4413 1510 4486 ab
1567 4412 1824 4486 Abbate
1880 4425 2240 4505 receptuS,
2299 4435 2422 4506 per
2474 4415 2737 4504 aliquot
2790 4435 3015 4485 annos
3070 4415 3146 4485 in

3321 2474 3328 2493 r

3319 2509 3330 2538 Ἰ

3323 2559 3328 2578 i

3301 3123 3340 3454 ,Ξ
