3357 4995
224 316 263 380 J
276 314 445 380 UNII
494 314 579 378 25
978 331 1057 378 ns
1103 333 1158 378 s.
1213 329 1455 378 qumo
1502 329 1760 377 numu.
1812 325 2016 378 Emsc.
2552 269 2682 380 555

224 416 345 485 alii
393 416 739 496 dixerunt,
794 415 912 484 alii
962 415 1484 492 vercellensem
1526 413 1984 504 Subalpinum
2035 415 2313 485 credere
2365 416 2468 486 fas
2515 429 2617 488 est
2665 418 2768 488 vel

228 507 629 584 Insubrem,
675 517 740 573 et
782 503 1075 574 illustris
1127 504 1316 574 illius
1367 503 1645 592 Collegii
1687 504 2052 573 alumnum
2089 505 2160 572 in
2208 526 2345 592 quo
2384 507 2654 595 primus
2698 510 2772 575 in

224 596 593 662 Occidentis
640 594 948 684 partibus
996 593 1299 682 inclytus
1349 593 1687 662 Eusebius
1735 591 2183 663 vercellensis
2231 595 2488 663 eosdem
2541 601 2768 664 Mona-

224 684 376 752 chos
410 684 751 751 constituit
791 705 928 751 esse
971 706 1132 773 quos
1166 685 1473 752 Clericos.
1532 681 2051 768 Decimoquinto
2099 682 2374 752 circiter
2422 696 2579 752 ante
2626 685 2769 754 exi-

226 785 369 840 tum
420 794 485 840 1v
526 771 743 840 seculi
776 792 960 840 anno
1009 784 1200 841 ortus
1254 770 1710 860 proculdubio
1747 775 1885 851 est,
1927 771 1985 839 si
2035 771 2104 838 in
2147 793 2464 841 sermone
2513 772 2598 841 de
2649 778 2762 842 SS.

226 866 376 928 MM.
441 860 733 940 Sisinio,
790 861 1110 947 Martyrio
1158 874 1222 928 ct
1269 859 1647 929 Alexandro
1693 859 1893 948 (vide
1943 864 2094 928 Sur.
2151 860 2291 928 Vol.
2340 866 2428 940 V,
2489 883 2554 950 p.
2612 862 2812 951 773).

224 950 294 1017 in
345 970 522 1039 pago
584 950 895 1019 Anaunia
954 948 1389 1017 Tridentinae
1450 949 1841 1017 Dioeceseos
1906 947 2261 1037 religionis
2322 951 2537 1019 causa
2585 972 2769 1020 anno

222 1060 501 1107 cccxcvn
554 1038 915 1127 peremtis,
977 1038 1311 1107 Maximus
1360 1058 1664 1106 asserere
1716 1037 1975 1125 potuit:
2049 1040 2455 1128 temporibus
2523 1042 2768 1109 nostris

218 1130 407 1217 passi
433 1138 588 1194 sunt
619 1183 631 1193 .
665 1178 679 1192 .
718 1181 731 1193 .
769 1151 782 1205 ;
836 1129 993 1195 istos
1038 1126 1369 1214 (extitisse
1421 1125 1789 1213 martyres)
1836 1129 2180 1195 oculorum
2211 1131 2769 1217 contemplatione

222 1218 792 1306 coynosct'mus...,·
829 1217 1104 1283 istorum
1127 1217 1466 1306 supplicia
1495 1219 1725 1283 vultus
1757 1217 2127 1284 testimonio
2158 1219 2590 1285 continemus.
2625 1218 2768 1286 Ini-

222 1319 368 1372 tum
422 1327 576 1373 vero
628 1304 1113 1393 Episcopatum
1185 1325 1320 1372 non
1370 1303 1670 1372 absurde
1726 1326 1806 1372 ex
1854 1305 2005 1392 ejus
2051 1303 2473 1390 quibusdam
2527 1307 2765 1375 Homi-

223 1392 473 1461 liarum
537 1392 762 1462 verbis
822 1391 1265 1460 statuendum
1326 1406 1567 1482 putant
1622 1392 1809 1461 circa
1866 1414 2129 1461 annum
2190 1392 2431 1462 saltem
2488 1416 2759 1474 ccccxv;

220 1503 520 1568 cumque
561 1492 892 1550 testentur
922 1481 1293 1570 scriptores
1341 1481 1790 1550 ecclesiastici
1843 1482 2213 1551 Maximum
2267 1483 2762 1553 Taurinensem

221 1570 650 1658 temporibus
700 1569 982 1639 Honorii
1029 1582 1095 1638 et
1143 1569 1503 1639 Theodosii
1549 1570 1862 1639 ,iunioris
1913 1570 2252 1650 floruisse,
2307 1585 2373 1640 et
2418 1571 2765 1642 Honorius

221 1680 405 1726 anno
453 1659 700 1727 obierit
746 1680 1082 1736 ccccxx111,
1138 1658 1577 1728 Praesulatus
1627 1658 1891 1727 muniis
1919 1658 2103 1728 haud
2140 1680 2379 1729 recens
2413 1673 2574 1729 tunc
2611 1659 2765 1728 fun-

220 1768 391 1836 gens
442 1747 774 1816 Maximus
824 1747 1163 1816 dicendus
1210 1759 1332 1827 est,
1386 1747 1990 1836 cujus-doctrinae
2037 1747 2220 1816 fama
2271 1748 2590 1817 Homiliis
2654 1771 2765 1818 ex-

217 1849 363 1904 orta
416 1837 781 1925 praecipue
828 1850 930 1905 est
980 1836 1232 1904 habitis
1283 1837 1349 1903 in
1385 1859 1511 1905 sua
1545 1836 1953 1905 Tauriuensi
1987 1836 2311 1906 Ecclesia.
2349 1837 2763 1907 Pontificatu

218 1946 392 1993 usus
430 1925 515 1992 ad
567 1925 1077 2014 quinquaginta
1105 1938 1169 1993 et
1207 1923 1385 1993 ultra
1421 1946 1639 1993 annos
1683 1924 2039 2013 productO,
2087 1939 2284 1995 octua
2339 1927 2575 1995 enario
2611 1948 2764 2016 pro-

221 2013 544 2083 babiliter
596 2012 836 2099 major,
893 2035 1026 2082 non
1079 2026 1237 2081 ante
1285 2013 1792 2103 sexagesimum
1846 2027 2110 2083 sextum
2149 2016 2367 2084 secui
2417 2038 2451 2080 v
2500 2037 2761 2083 annum

222 2102 295 2168 in
352 2103 637 2170 Domino
685 2101 1151 2178 obdormivit;
1207 2102 1506 2171 Concilio
1552 2102 1736 2171 enim
1793 2107 2099 2171 Romano
2148 2105 2278 2173 sub
2327 2103 2560 2172 Hilaro
2609 2108 2756 2192 Pp„

223 2191 387 2258 anni
430 2212 715 2270 ccccm,
771 2190 1165 2260 interfuisse
1212 2204 1500 2270 constat,
1544 2192 1613 2258 in
1646 2213 1808 2277 qu0,
1863 2204 1938 2259 ut
1971 2193 2344 2260 astantium
2389 2193 2759 2281 Episcopo-

224 2301 379 2347 rum
432 2303 471 2347 a
520 2292 840 2368 suscepta
887 2279 1221 2369 dignitate
1269 2280 1638 2367 antiquior,
1693 2280 1962 2368 primus
1999 2292 2151 2369 post
2191 2285 2554 2348 Summum
2593 2284 2762 2348 Pon-

222 2366 476 2434 tificem
528 2368 726 2447 sedit,
785 2368 1189 2456 primusque
1237 2369 1416 2437 Actis
1479 2367 1668 2437 illius
1719 2369 2057 2437 Maximus
2106 2369 2552 2437 Taurinensis
2600 2369 2762 2437 sub-

220 2455 353 2525 scri
410 2467 521 2527 tus
573 2455 847 2546 legitur.
901 2455 1220 2527 Adsuerat
1265 2457 1468 2526 etiam
1523 2462 1589 2525 S.
1643 2459 2062 2547 EpiscopuS,
2120 2478 2259 2526 rem
2311 2457 2757 2527 christianam

220 2546 360 2634 pub
398 2546 571 2615 icam
634 2552 699 2615 S.
758 2551 974 2616 Leone
1042 2551 1285 2636 Magno
1347 2545 1789 2625 moderante,
1849 2552 2197 2616 Romanae
2264 2546 2536 2635 Synodo
2595 2547 2760 2615 anni

214 2655 449 2703 ccccm.
507 2640 581 2703 In
636 2635 762 2704 hac
813 2635 1276 2723 homonymus
1323 2635 1766 2714 consederat,
1819 2657 1977 2704 cum
2011 2649 2241 2704 nostro
2291 2657 2426 2705 non
2466 2635 2760 2703 confun-

214 2722 510 2803 denduS‚
557 2724 936 2823 Episcopus
986 2725 1296 2812 Rejensis
1340 2725 1532 2812 (Hiez
1582 2724 1649 2792 in
1704 2723 1975 2812 Gallia).
2023 2729 2202 2793 Haec
2234 2724 2319 2793 de
2352 2737 2567 2793 aetate
2601 2746 2759 2794 san-

215 2812 305 2880 cti
357 2813 631 2882 Maximi
684 2814 898 2882 nostri
932 2835 1011 2880 ex
1062 2812 1345 2902 praefati
1399 2813 1464 2881 in
1516 2813 1718 2882 titulo
1752 2813 2054 2902 optimae
2102 2817 2400 2902 Operum
2434 2814 2589 2901 ejus
2618 2812 2760 2881 edi-

217 2900 425 2969 tionis
499 2902 1009 2971 concinnatoris
1081 2902 1584 2971 Commentario
1651 2902 1899 2991 raptim
1976 2900 2386 2992 collegimus
2464 2900 2760 2991 publicis

212 2990 553 3077 certisque
600 2989 895 3059 deducta
944 2990 1453 3070 monumentis,
1507 3011 1684 3076 quae
1732 3012 2007 3059 omnem
2068 2989 2267 3059 aliter
2315 2990 2757 3080 opinantium

212 3080 619 3147 sententiam
654 3077 994 3159 refellunt,
1051 3078 1570 3166 luculenterque
1617 3072 2094 3147 demonstrant
2128 3079 2438 3148 vitiatum
2490 3083 2759 3148 Genna-

213 3165 313 3234 dii
363 3166 587 3237 locum
641 3167 758 3236 ubi
814 3190 980 3257 pro:
1036 3190 1070 3231 «
1128 3170 1378 3236 claruit
1424 3167 1866 3256 (Maximus)
1913 3168 2213 3237 Honorio
2267 3180 2332 3236 et
2379 3167 2759 3239 Theodosio

204 3253 483 3341 juniore
560 3255 1028 3347 regnantibuS,
1092 3278 1125 3319 »
1179 3255 1621 3325 librariorum
1689 3256 2011 3334 inscitia,
2062 3250 2752 3346 moritur‘scriptum

212 3348 619 3433 reperimus.

300 3436 336 3519 ξ
388 3440 474 3504 2.
530 3434 654 3502 Sed
708 3434 856 3524 ipse
897 3455 982 3501 ne
1034 3434 1366 3503 Maximus
1410 3434 1688 3533 primus
1718 3432 1925 3503 suerit
1960 3455 2083 3502 nec
2125 3456 2210 3501 ne
2249 3435 2540 3504 Antistes
2581 3440 2756 3505 Tau-

210 3520 596 3591 rinensium
646 3523 794 3611 (a),
865 3521 1203 3592 nonnulla
1256 3535 1356 3591 est
1407 3535 1582 3591 inter
1629 3522 1940 3592 eruditos
1988 3522 2170 3591 viros
2216 3524 2521 3592 certatio.
2584 3528 2753 3592 Nam

214 3609 403 3678 fuere
470 3612 590 3698 qui
638 3633 797 3680 cum
853 3610 1138 3701 legerint
1190 3611 1436 3680 vixisse
1495 3610 1835 3697 quosdam
1908 3616 2250 3700 Augustae
2298 3613 2754 3681 Taurinorum

212 3698 418 3767 etiam
451 3701 743 3768 Maximo
784 3699 1270 3799 Episcopatum
1308 3712 1606 3790 gerente,
1647 3699 1765 3785 qui
1796 3699 2407 3789 superstitionibus
2442 3701 2755 3771 inanium

213 3786 495 3855 deorum
549 3788 967 3867 insisterent,
1027 3810 1316 3878 1psoque
1367 3811 1427 3856 tv
1466 3789 1615 3877 jam
1666 3787 1901 3856 seculo
1943 3809 2079 3857 non
2129 3788 2300 3857 adeo
2351 3788 2604 3859 multos
2651 3811 2758 3859 ex-

219 3875 430 3945 titisse
464 3877 690 3946 bacin
736 3876 904 3946 urbe
942 3877 1065 3963 qui
1091 3876 1509 3947 christianae
1550 3875 1839 3946 militiae
1878 3877 2162 3946 nomina
2201 3877 2575 3959 dedissent,
2609 3892 2755 3948 tum

214 3963 531 4033 concludi
583 3966 744 4035 hinc
798 3988 1001 4055 posse
1041 3965 1495 4053 judicarunt³‚
1551 3978 1688 4033 tam
1731 3964 1981 4054 exiguo
2032 3966 2573 4037 Christianorum
2628 3989 2758 4037 nu-

214 4071 401 4119 mero
454 4054 867 4143 praesectum
930 4054 1248 4144 Episcopi
1299 4053 1633 4145 dignitate
1684 4052 1899 4123 fuisse
1947 4055 2339 4135 neminem;
2395 4056 2756 4147 primoque

210 4140 527 4209 omnium
597 4144 887 4212 Maximo
950 4143 1016 4211 id
1078 4143 1363 4213 honoris
1421 4141 1634 4212 fuisse
1696 4142 1978 4212 Taurini
2044 4143 2381 4214 tributum
2445 4144 2756 4215 arbitrati

210 4240 397 4297 sunt.
452 4234 526 4298 At
574 4232 631 4301 si
726 4234 843 4301 uia
889 4246 1083 4302 erant
1123 4255 1158 4297 v
1195 4231 1428 4301 seculo
1478 4231 1547 4298 in
1586 4252 1753 4320 agro
1802 4230 2153 4301 Taurinati
2195 4234 2493 4302 cultores
2542 4232 2757 4302 idolo-

211 4339 397 4399 rum,
431 4340 677 4389 censen
735 4343 853 4390 um
887 4334 1064 4392 esset
1088 4322 1551 4390 Taurinenses
1580 4319 1901 4389 Praesule
1930 4324 2295 4391 Sacrorum
2324 4321 2408 4392 ad
2446 4334 2754 4411 tempora

256 4442 326 4498 (ο)
353 4445 399 4487 Β.
418 4444 502 4485 vic
510 4456 592 4486 roa
609 4445 762 4489 turtur
778 4448 1032 4495 Humum
1051 4450 1382 4499 praeces-ine.
1398 4448 1484 4497 qut
1505 4451 1664 4488 umen
1684 4447 1821 4488 cultu
1843 4447 2065 4499 utut-uteo
2083 4447 2229 4490 aas.
