3357 4995
665 316 750 380 88
1127 331 1466 381 mansur.
1521 333 1615 381 ss.
1667 333 1783 380 mu.
1837 333 2018 381 parm
2064 333 2142 381 nr
2171 323 2566 382 'maenam
2815 316 3040 384 JUNII
3088 320 3131 383 2

572 417 812 488 eadem
854 417 1048 499 hora,
1089 416 1466 505 eodemque
1515 417 1586 487 in
1630 417 1781 488 loco
1828 439 1953 509 per
1991 417 2540 488 misericordiam
2591 418 2708 487 Dei
2739 429 2806 488 et
2831 440 2955 509 per
2980 442 3130 491 me-

570 506 705 577 rita
734 506 1093 577 beatorum
1131 518 1514 596 martyrum
1559 518 1833 578 erectus
1878 529 1958 577 ac
1993 528 2208 578 sanus
2256 506 2540 577 effectus
2587 519 2711 578 est.

662 597 698 683 ἓ
745 600 885 669 14,
942 595 1058 664 Die
1103 606 1350 683 quarto
1375 600 1726 665 Nonarum
1776 595 2125 666 ‚Iuliarum
2174 595 2519 684 quaedam
2550 595 2784 678 vidua,
2841 598 3129 669 nomine

570 682 910 753 Adalrada
956 705 1134 784 quae
1166 683 1370 754 annis
1407 697 1710 773 quatuor
1754 684 2120 755 oculorum
2169 683 2437 754 lumine
2485 683 2754 775 privata
2790 685 2968 754 nihil
3022 688 3128 755 vi·-

572 772 797 855 debat‚
834 773 1073 842 audlta
1101 772 1433 843 virtutum
1482 771 1692 855 fama,
1733 793 1928 863 spem
1976 773 2166 844 visus
2205 773 2585 864 recipiendi
2616 795 2754 844 non
2777 796 2956 844 vana
2983 774 3128 845 fide

574 862 910 951 concepit,
963 872 1373 953 arreptoque
1403 861 1677 943 haculo,
1717 861 1865 932 sola
1901 861 2052 932 sine
2083 861 2390 945 ductore,
2429 861 2513 931 ad
2549 863 2991 935 valentianas
3024 865 3130 934 i're

574 950 950 1020 contendit.
1001 954 1310 1038 Cumque
1357 951 1504 1021 vico
1550 952 2111 1041 appropinquare
2157 951 2539 1041 coepisset,
2596 951 2821 1021 visum
2871 965 2977 1022 est
3026 953 3121 1034 ei,

575 1039 763 1127 quod
810 1038 995 1110 velut
1043 1060 1266 1110 unum
1316 1038 1481 1112 solis
1528 1039 1800 1109 radium
1834 1038 2036 1110 oculo
2067 1038 2303 1110 dextro
2331 1041 2796 1129 conspiceret:
2850 1062 2932 1109 ac
2963 1063 3130 1131 pro-

498 1185 499 1188 *
578 1127 742 1198 inde
780 1127 1087 1198 divinam
1137 1126 1576 1198 clementiam
1631 1150 1809 1219 puro
1855 1127 2062 1199 corde
2108 1127 2473 1219 deprecata
2533 1140 2659 1211 est,
2713 1141 2791 1199 ut
2840 1150 2963 1219 per
3011 1130 3130 1198 in-

580 1216 1063 1288 tercessionem
1115 1220 1521 1287 Sanctorum
1553 1237 1839 1286 suorum
1888 1217 2250 1288 ecclesiam
2299 1217 2480 1287 beati
2528 1217 2736 1288 Salvii
2785 1238 2859 1286 se
2889 1218 3131 1289 videre

581 1307 1023 1393 permitteret.
1079 1305 1456 1392 Statimque
1500 1304 1821 1375 exaudita
1865 1318 1990 1387 est,
2049 1318 2115 1376 et
2159 1306 2343 1393 quod
2392 1317 2765 1396 optaverat,
2831 1308 3132 1377 Domino

581 1395 972 1475 miserante,
1019 1395 1167 1464 sine
1217 1415 1407 1464 mora
1435 1407 1536 1464 est
1572 1407 1965 1464 consecuta.
2019 1400 2176 1486 Ipsa
2223 1416 2497 1482 quoque
2525 1394 2638 1464 die
2662 1395 2873 1464 altera
2904 1417 3132 1482 quae-

458 1552 466 1574 ,
581 1483 744 1558 dam
793 1482 1093 1552 foemina
1140 1481 1225 1552 de
1274 1505 1449 1573 pago
1488 1483 1944 1564 Noviomensi,
1978 1484 2456 1571 quinquennio
2488 1505 2712 1563 caeca,
2754 1484 2935 1553 inter
2966 1485 3134 1556 Mis-

583 1594 817 1642 sarum
870 1570 1203 1642 solemnia
1253 1573 1487 1642 lumen
1515 1572 1699 1660 quod
1736 1572 2083 1654 amiserat,
2115 1573 2380 1642 Christo
2413 1572 2698 1642 Domino
2728 1593 2848 1662 per
2874 1574 3131 1659 merita

586 1665 991 1731 Sanctorum
1041 1681 1323 1731 suorum
1366 1661 1688 1741 donante,
1743 1661 2021 1751 recepit.

670 1751 708 1837 ξ
753 1755 896 1822 15,
951 1752 1129 1819 Haec
1165 1750 1259 1840 (et
1306 1751 1453 1836 qlia
1501 1749 1838 1841 plurima)
1889 1761 2051 1820 sunt
2116 1749 2453 1821 miracula
2517 1762 2722 1837 atque
2781 1751 3078 1822 virtutes
3111 1808 3127 1832 ,

581 1859 756 1925 quas
806 1837 1139 1908 Dominus
1188 1851 1418 1908 noster
1463 1843 1666 1908 Jesus
1707 1837 2015 1910 Christus
2065 1860 2186 1929 per
2231 1838 2475 1908 merita
2502 1849 2895 1908 sanctorum
2938 1861 3134 1909 mar-

582 1940 813 2017 tyrum
864 1949 1151 1998 suorum
1201 1926 1574 1997 Marcellini
1625 1937 1690 1996 et
1734 1927 1914 1996 Petri
1961 1928 2031 1996 in
2067 1928 2217 1997 vico
2243 1926 2679 1997 Valentianas
2710 1926 2795 1996 ad
2826 1927 3129 1998 salutem

582 2015 873 2086 humani
923 2016 1195 2107 generis
1230 2038 1269 2086 o
1320 2016 1498 2086 erari
1547 2015 1874 2105 dignatus
1905 2028 2029 2086 est.
2084 2021 2272 2099 Quae
2317 2028 2738 2097 memoratus
2787 2018 3134 2107 Georgius

584 2103 942 2195 presbyter
991 2105 1176 2175 brevi
1225 2039 1457 2175 lissello
1505 2103 1790 2174 collecta
1821 2105 2021 2176 nobis
2063 2105 2328 2176 mittere
2374 2105 2662 2182 curavit,
2701 2115 2767 2174 et
2799 2126 2926 2174 nos
2958 2106 3136 2177 huic

584 2193 774 2283 operi
825 2205 1057 2263 nostro
1104 2194 1508 2264 censuimus
1540 2192 1934 2263 inserenda.
1969 2192 2092 2264 Hic
2117 2205 2218 2264 est
2244 2193 2575 2284 Georgius
2605 2194 2970 2264 veneticus
3003 2197 3136 2282 qui

584 2281 671 2352 de
719 2282 942 2372 patria
988 2304 1114 2352 sua
1142 2282 1229 2352 ad
1281 2288 1767 2372 Imperatorem
1818 2283 2022 2374 venit,
2075 2294 2140 2351 et
2186 2283 2256 2351 in
2306 2281 2604 2369 Aquensi
2647 2283 3142 2374 (Aquisqram)

584 2370 840 2462 palatio
873 2391 1212 2471 organum
1260 2370 1443 2458 quod
1493 2374 1745 2440 Graece
1797 2370 2207 2461 hydraulica
2271 2382 2582 2451 vocatur,
2636 2371 2933 2440 mirifica
2983 2387 3137 2443 arte

581 2480 732 2531 com
788 2471 991 2531 osuit.

672 2481 905 2636 §pist
961 2549 1138 2620 Alter
1171 2548 1449 2620 libellus
1498 2549 1670 2618 mihi
1718 2549 1991 2620 oblatus
2037 2561 2139 2619 est
2167 2549 2252 2619 de
2285 2548 2700 2619 monasterio
2732 2552 2796 2618 S.
2829 2552 3138 2622 Bavonis

583 2637 766 2726 quod
791 2638 999 2708 situm
1030 2651 1131 2708 est
1150 2638 1345 2728 juxta
1375 2636 1673 2708 Scaldim
1706 2638 1774 2707 in
1807 2639 1954 2707 loco
1976 2637 2211 2708 Ganda
2240 2649 2498 2713 vocato,
2535 2635 2657 2706 ubi
2684 2637 2867 2707 idem
2894 2659 3008 2707 am
3023 2641 3141 2712 nis

583 2726 826 2817 Legiae
872 2726 1146 2796 flumini
1194 2727 1665 2817 conjungitur,
1705 2749 1744 2796 a
1773 2726 2103 2798 fratribus
2144 2726 2401 2797 ibidem
2455 2730 2586 2795 Deo
2635 2727 3133 2798 servientibus

583 2820 890 2899 Quorum
920 2829 1164 2905 rogatu
1188 2813 1516 2902 reliquias
1556 2828 2093 2887 memoratorum
2121 2815 2370 2886 Christi
2404 2826 2789 2904 martyrum
2822 2815 2909 2884 ad
2943 2815 3140 2886 idem

582 2904 1082 2974 monasterium
1118 2903 1302 2985 misi,
1356 2904 1427 2971 in
1458 2925 1596 2992 quo
1643 2904 1813 2975 haec
1854 2925 1976 2994 per
2005 2903 2321 2973 ordinem
2372 2916 2563 3004 gesta
2612 2915 2880 2994 reperta
2930 2918 3130 2975 sunt.

583 2997 775 3061 Anno
823 2994 910 3061 ab
958 2992 1432 3062 incarnatione
1462 2994 1732 3062 Domini
1783 2993 1998 3063 nostri
2036 2998 2203 3063 Jesu
2251 2992 2501 3062 Christi
2547 2993 3136 3084 octingentesimo

583 3080 1151 3151 vicesimooctavo
1210 3094 1545 3151 venerunt
1605 3081 1939 3169 reliquiae
1988 3092 2383 3151 sanctorum
2437 3080 2685 3152 Christi
2736 3093 3141 3170 martyrum

586 3168 963 3238 Marcellini
1014 3181 1078 3238 et
1123 3170 1298 3238 Petri
1348 3169 1433 3239 ad
1470 3170 1964 3240 monasterium
2001 3174 2065 3240 S.
2105 3169 2394 3240 Bavonis
2442 3169 2555 3239 die
2592 3170 2836 3256 quinto
2870 3174 3133 3242 Nonar.

584 3257 724 3327 Jul.
748 3258 917 3327 feria
943 3270 1151 3337 sexta,
1185 3256 1564 3327 Indictione
1596 3280 1682 3328 v1.
1717 3259 1938 3328 Tertia
1964 3279 2120 3328 vero
2150 3258 2285 3339 die,
2324 3258 2394 3328 id
2421 3271 2545 3338 est,
2583 3259 2940 3328 Dominica
2972 3281 3142 3350 pro-

584 3347 768 3416 xima
800 3368 1005 3433 quem
1030 3346 1158 3416 fuit
1186 3346 1379 3416 tertio
1424 3352 1648 3417 Nonas
1685 3347 1931 3428 Julias,
1954 3347 2294 3434 quaedam
2329 3346 2561 3438 puella
2591 3367 2816 3429 caeca,
2845 3349 3140 3419 nomine

584 3434 970 3512 Hartlinda,
1007 3434 1092 3504 de
1130 3433 1293 3504 villa
1315 3455 1492 3521 quae
1523 3435 1917 3506 Furserium
1966 3435 2378 3527 appellatur,
2415 3456 2625 3522 quam
2674 3449 2866 3526 pater
2888 3448 2956 3525 et
2983 3457 3141 3507 ma-

589 3534 690 3593 ter
739 3523 963 3593 testati
1009 3534 1172 3593 sunt
1218 3534 1367 3593 octo
1414 3524 1617 3595 annis
1673 3524 2034 3595 oculorum
2088 3524 2315 3595 officio
2359 3523 2704 3594 caruisse:
2758 3545 2919 3594 cum
2971 3541 3141 3596 ante

584 3611 798 3681 altare
846 3633 1056 3700 super
1093 3611 1276 3698 quod
1329 3633 1563 3681 sacrae
1603 3625 1987 3703 martyrum
2024 3612 2355 3700 reliquiae
2379 3625 2576 3683 erant
2608 3614 2893 3713 positae,
2952 3613 3138 3686 suis-

585 3712 686 3769 set
716 3699 1038 3779 adducta,
1092 3720 1322 3770 coram
1354 3701 1683 3771 omnibus
1721 3702 1842 3788 qui
1872 3701 2158 3772 aderant
2183 3702 2409 3772 visum
2436 3706 2726 3772 Dommo
2753 3702 3061 3772 miseran
3075 3717 3140 3773 te

583 3789 862 3878 recepit.
900 3788 1068 3857 Inde
1117 3802 1271 3878 post
1297 3787 1445 3859 dies
1477 3802 1651 3871 octo,
1690 3790 1758 3859 id
1809 3803 1931 3873 est,
1969 3802 2215 3878 quarto
2249 3789 2415 3861 Idus
2459 3789 2630 3861 Julii
2678 3789 2978 3860 adducta
3011 3806 3140 3863 ‘est

584 3875 798 3945 altera
847 3877 1077 3966 puella
1116 3876 1435 3948 similiter
1480 3900 1708 3963 caeca,
1772 3879 2052 3950 nomine
2099 3878 2493 3959 Helmrada‚
2558 3878 2646 3948 de
2693 3878 2856 3948 villa
2906 3880 3140 3972 Magle

584 3985 832 4035 nuncu
885 3977 1032 4035 ata:
1077 3966 1280 4057 cujus
1329 3979 1645 4056 parentes
1682 3967 1769 4038 de
1796 3989 1877 4038 ea
1916 3967 2300 4040 retulerunt
2326 3967 2510 4057 quod
2538 3979 2775 4038 octava
2794 3967 2908 4038 die
2937 3984 3136 4058 post-

582 4073 794 4140 quam
894 4054 1187 4143 aptizata
1233 4055 1385 4139 suit,
1439 4056 1668 4128 subita
1702 4058 2027 4127 caecitate
2069 4078 2393 4148 percussa
2455 4056 2566 4127 sit.
2606 4061 2793 4140 Quae
2839 4069 2904 4126 et
2973 4058 3138 4146 ipsa

585 4142 813 4242 statim
849 4164 1079 4213 coram
1130 4146 1346 4214 sacris
1394 4157 1776 4235 martyrum
1808 4145 2161 4216 cineribus
2187 4145 2423 4216 lumen
2473 4145 2656 4233 quod
2701 4144 3134 4233 jamdudum

583 4230 906 4321 perdidit,
948 4232 1233 4303 Domino
1283 4233 1413 4304 sibi
1462 4233 1811 4317 reddente,
1863 4234 2142 4325 recepit.
2175 4235 2341 4304 Exin
2385 4234 2497 4304 die
2531 4234 2727 4305 tertia
2758 4233 2945 4322 quod
2997 4233 3139 4305 fuit

584 4319 810 4410 pridie
858 4319 1024 4392 Idus
1069 4321 1263 4401 Julii‚
1301 4323 1484 4393 venit
1530 4322 1700 4393 illuc
1735 4323 1967 4413 puella
2011 4323 2355 4411 quaedam
2403 4344 2636 4402 curva,
2691 4323 2971 4392 nomine
2996 4322 3139 4391 Bli-

585 4407 827 4492 drada,
883 4409 967 4480 de
1017 4410 1180 4481 villa
1242 4411 1594 4483 Boderetio
1642 4433 1819 4500 quae
1892 4413 2184 4503 pertinet
2221 4411 2309 4481 ad
2361 4411 2860 4485 monasterium
2909 4413 3140 4482 sancti
