<?xml version="1.0" encoding="UTF-8"?>
<!DOCTYPE html PUBLIC "-//W3C//DTD XHTML 1.0 Transitional//EN"
    "http://www.w3.org/TR/xhtml1/DTD/xhtml1-transitional.dtd">
<html xmlns="http://www.w3.org/1999/xhtml" xml:lang="en" lang="en">
 <head>
  <title>
</title>
<meta http-equiv="Content-Type" content="text/html;charset=utf-8" />
  <meta name='ocr-system' content='tesseract 3.04.00' />
  <meta name='ocr-capabilities' content='ocr_page ocr_carea ocr_par ocr_line ocrx_word'/>
</head>
<body>
  <div class='ocr_page' id='page_1' title='image "./historiaeseuvit02lippgoog_0055.png"; bbox 0 0 3357 4995; ppageno 0'>
   <div class='ocr_carea' id='block_1_1' title="bbox 192 332 2653 401">
    <p class='ocr_par' dir='ltr' id='par_1_1' title="bbox 192 332 2653 401">
     <span class='ocr_line' id='line_1_1' title="bbox 192 332 2653 401; baseline 0.001 -2"><span class='ocrx_word' id='word_1_1' title='bbox 192 332 392 399; x_wconf 79' lang='lat' dir='ltr'>JUNII</span> <span class='ocrx_word' id='word_1_2' title='bbox 440 332 488 397; x_wconf 78' lang='lat'>2</span> <span class='ocrx_word' id='word_1_3' title='bbox 858 350 939 396; x_wconf 70' lang='lat' dir='ltr'>nr:</span> <span class='ocrx_word' id='word_1_4' title='bbox 987 350 1076 398; x_wconf 88' lang='lat' dir='ltr'>ss.</span> <span class='ocrx_word' id='word_1_5' title='bbox 1132 350 1247 399; x_wconf 73' lang='grc' dir='ltr'>ιω.</span> <span class='ocrx_word' id='word_1_6' title='bbox 1302 347 1499 398; x_wconf 71' lang='lat' dir='ltr'>ramo</span> <span class='ocrx_word' id='word_1_7' title='bbox 1546 350 1623 399; x_wconf 70' lang='lat' dir='ltr'>ar</span> <span class='ocrx_word' id='word_1_8' title='bbox 1670 348 2067 399; x_wconf 57' lang='lat' dir='ltr'>mammio</span> <span class='ocrx_word' id='word_1_9' title='bbox 2568 334 2653 401; x_wconf 81' lang='lat'>47</span> 
     </span>
    </p>
   </div>
   <div class='ocr_carea' id='block_1_2' title="bbox 170 435 2752 2125">
    <p class='ocr_par' dir='ltr' id='par_1_2' title="bbox 192 435 2751 704">
     <span class='ocr_line' id='line_1_2' title="bbox 196 435 2751 527; baseline 0.001 -23"><span class='ocrx_word' id='word_1_10' title='bbox 196 435 527 505; x_wconf 86' lang='lat' dir='ltr'>dicentes:</span> <span class='ocrx_word' id='word_1_11' title='bbox 566 436 867 515; x_wconf 81' lang='lat' dir='ltr'><em>Domine,</em></span> <span class='ocrx_word' id='word_1_12' title='bbox 908 458 993 505; x_wconf 79' lang='lat' dir='ltr'>ne</span> <span class='ocrx_word' id='word_1_13' title='bbox 1037 445 1301 506; x_wconf 76' lang='lat' dir='ltr'>statuas</span> <span class='ocrx_word' id='word_1_14' title='bbox 1349 437 1494 506; x_wconf 80' lang='lat' dir='ltr'>illis</span> <span class='ocrx_word' id='word_1_15' title='bbox 1542 436 1661 506; x_wconf 82' lang='lat' dir='ltr'>hoc</span> <span class='ocrx_word' id='word_1_16' title='bbox 1683 446 2057 526; x_wconf 83' lang='lat' dir='ltr'>peccatum.</span> <span class='ocrx_word' id='word_1_17' title='bbox 2099 435 2292 518; x_wconf 88' lang='lat' dir='ltr'>Quod</span> <span class='ocrx_word' id='word_1_18' title='bbox 2323 458 2445 527; x_wconf 90' lang='lat' dir='ltr'>pro</span> <span class='ocrx_word' id='word_1_19' title='bbox 2470 436 2595 519; x_wconf 90' lang='lat' dir='ltr'>eis,</span> <span class='ocrx_word' id='word_1_20' title='bbox 2628 438 2751 525; x_wconf 91' lang='lat' dir='ltr'>qui</span> 
     </span>
     <span class='ocr_line' id='line_1_3' title="bbox 196 523 2746 617; baseline 0.002 -23"><span class='ocrx_word' id='word_1_21' title='bbox 196 525 365 615; x_wconf 85' lang='lat' dir='ltr'>ipsos</span> <span class='ocrx_word' id='word_1_22' title='bbox 427 537 576 594; x_wconf 73' lang='lat' dir='ltr'>tarn</span> <span class='ocrx_word' id='word_1_23' title='bbox 644 523 1145 594; x_wconf 83' lang='lat' dir='ltr'>contumeliose</span> <span class='ocrx_word' id='word_1_24' title='bbox 1193 524 1594 605; x_wconf 87' lang='lat' dir='ltr'>torsissent,</span> <span class='ocrx_word' id='word_1_25' title='bbox 1650 524 2469 614; x_wconf 78' lang='lat' dir='ltr'>precabantur:·quanto</span> <span class='ocrx_word' id='word_1_26' title='bbox 2519 526 2746 617; x_wconf 88' lang='lat' dir='ltr'>magis</span> 
     </span>
     <span class='ocr_line' id='line_1_4' title="bbox 192 610 2749 704; baseline 0.001 -22"><span class='ocrx_word' id='word_1_27' title='bbox 192 635 304 703; x_wconf 89' lang='lat' dir='ltr'>pro</span> <span class='ocrx_word' id='word_1_28' title='bbox 343 611 691 683; x_wconf 83' lang='lat' dir='ltr'>fratribus</span> <span class='ocrx_word' id='word_1_29' title='bbox 738 610 921 682; x_wconf 89' lang='lat' dir='ltr'>idem</span> <span class='ocrx_word' id='word_1_30' title='bbox 971 611 1208 703; x_wconf 91' lang='lat' dir='ltr'>ipsum</span> <span class='ocrx_word' id='word_1_31' title='bbox 1259 613 1803 703; x_wconf 70' lang='lat' dir='ltr'>praestiterunt?</span> <span class='ocrx_word' id='word_1_32' title='bbox 1848 617 2031 682; x_wconf 86' lang='lat' dir='ltr'>Haec</span> <span class='ocrx_word' id='word_1_33' title='bbox 2080 612 2306 695; x_wconf 88' lang='lat' dir='ltr'>item‚-</span> <span class='ocrx_word' id='word_1_34' title='bbox 2340 614 2550 704; x_wconf 87' lang='lat' dir='ltr'>paulo</span> <span class='ocrx_word' id='word_1_35' title='bbox 2601 614 2749 685; x_wconf 90' lang='lat' dir='ltr'>lon-</span> 
     </span>
    </p>

    <p class='ocr_par' dir='ltr' id='par_1_3' title="bbox 170 701 2752 2125">
     <span class='ocr_line' id='line_1_5' title="bbox 236 701 2749 792; baseline 0 -20"><span class='ocrx_word' id='word_1_36' title='bbox 236 703 330 772; x_wconf 86' lang='lat' dir='ltr'>&#39;us</span> <span class='ocrx_word' id='word_1_37' title='bbox 376 720 783 773; x_wconf 83' lang='lat' dir='ltr'>sermonem</span> <span class='ocrx_word' id='word_1_38' title='bbox 833 701 1315 792; x_wconf 87' lang='lat' dir='ltr'>producentes,</span> <span class='ocrx_word' id='word_1_39' title='bbox 1350 702 1759 772; x_wconf 86' lang='lat' dir='ltr'>adnectunt:</span> <span class='ocrx_word' id='word_1_40' title='bbox 1800 701 2302 772; x_wconf 82' lang='lat' dir='ltr'>Gravissimum</span> <span class='ocrx_word' id='word_1_41' title='bbox 2333 714 2567 774; x_wconf 86' lang='lat' dir='ltr'>autem</span> <span class='ocrx_word' id='word_1_42' title='bbox 2599 703 2749 775; x_wconf 89' lang='lat' dir='ltr'>bel-</span> 
     </span>
     <span class='ocr_line' id='line_1_6' title="bbox 185 725 2750 883; baseline 0.002 -23"><span class='ocrx_word' id='word_1_43' title='bbox 185 725 318 860; x_wconf 63' lang='lat' dir='ltr'>ffim</span> <span class='ocrx_word' id='word_1_44' title='bbox 358 790 453 860; x_wconf 87' lang='lat' dir='ltr'>ab</span> <span class='ocrx_word' id='word_1_45' title='bbox 511 787 676 872; x_wconf 90' lang='lat' dir='ltr'>illis,</span> <span class='ocrx_word' id='word_1_46' title='bbox 728 803 1009 881; x_wconf 90' lang='lat' dir='ltr'>propter</span> <span class='ocrx_word' id='word_1_47' title='bbox 1037 792 1415 881; x_wconf 87' lang='lat' dir='ltr'>ingenuam</span> <span class='ocrx_word' id='word_1_48' title='bbox 1450 811 1525 861; x_wconf 88' lang='lat' dir='ltr'>er</span> <span class='ocrx_word' id='word_1_49' title='bbox 1574 812 1614 860; x_wconf 88' lang='lat' dir='ltr'>a</span> <span class='ocrx_word' id='word_1_50' title='bbox 1640 790 1901 867; x_wconf 72' lang='lat' dir='ltr'>‚fratres</span> <span class='ocrx_word' id='word_1_51' title='bbox 1933 790 2366 872; x_wconf 87' lang='lat' dir='ltr'>charitatem,</span> <span class='ocrx_word' id='word_1_52' title='bbox 2405 813 2569 862; x_wconf 89' lang='lat' dir='ltr'>cum</span> <span class='ocrx_word' id='word_1_53' title='bbox 2597 791 2750 883; x_wconf 88' lang='lat' dir='ltr'>ipso</span> 
     </span>
     <span class='ocr_line' id='line_1_7' title="bbox 181 878 2750 970; baseline 0.002 -23"><span class='ocrx_word' id='word_1_54' title='bbox 181 878 458 949; x_wconf 88' lang='lat' dir='ltr'>diabolo</span> <span class='ocrx_word' id='word_1_55' title='bbox 514 878 671 949; x_wconf 91' lang='lat' dir='ltr'>ideo</span> <span class='ocrx_word' id='word_1_56' title='bbox 715 890 1118 970; x_wconf 87' lang='lat' dir='ltr'>susceptum</span> <span class='ocrx_word' id='word_1_57' title='bbox 1167 892 1334 962; x_wconf 88' lang='lat' dir='ltr'>erat,</span> <span class='ocrx_word' id='word_1_58' title='bbox 1393 900 1531 967; x_wconf 91' lang='lat' dir='ltr'>quo</span> <span class='ocrx_word' id='word_1_59' title='bbox 1628 891 1983 970; x_wconf 84' lang='lat' dir='ltr'>tantopere</span> <span class='ocrx_word' id='word_1_60' title='bbox 2031 879 2452 962; x_wconf 88' lang='lat' dir='ltr'>nitebantur,</span> <span class='ocrx_word' id='word_1_61' title='bbox 2505 892 2586 951; x_wconf 90' lang='lat' dir='ltr'>ut</span> <span class='ocrx_word' id='word_1_62' title='bbox 2633 903 2750 951; x_wconf 86' lang='lat' dir='ltr'>vo-</span> 
     </span>
     <span class='ocr_line' id='line_1_8' title="bbox 175 967 2747 1059; baseline 0.002 -22"><span class='ocrx_word' id='word_1_63' title='bbox 175 990 406 1038; x_wconf 81' lang='lat' dir='ltr'><strong>racem</strong></span> <span class='ocrx_word' id='word_1_64' title='bbox 447 967 670 1049; x_wconf 84' lang='lat' dir='ltr'>illius,</span> <span class='ocrx_word' id='word_1_65' title='bbox 709 979 1064 1055; x_wconf 86' lang='lat' dir='ltr'>tamquam</span> <span class='ocrx_word' id='word_1_66' title='bbox 1097 969 1321 1040; x_wconf 85' lang='lat' dir='ltr'>malae</span> <span class='ocrx_word' id='word_1_67' title='bbox 1351 967 1633 1050; x_wconf 87' lang='lat' dir='ltr'>bestiae,</span> <span class='ocrx_word' id='word_1_68' title='bbox 1664 967 1906 1059; x_wconf 89' lang='lat' dir='ltr'>gulam</span> <span class='ocrx_word' id='word_1_69' title='bbox 1945 968 2377 1059; x_wconf 77' lang='lat' dir='ltr'><strong>stringende,</strong></span> <span class='ocrx_word' id='word_1_70' title='bbox 2414 990 2533 1039; x_wconf 90' lang='lat' dir='ltr'>eos</span> <span class='ocrx_word' id='word_1_71' title='bbox 2558 969 2747 1041; x_wconf 86' lang='lat' dir='ltr'>vivos</span> 
     </span>
     <span class='ocr_line' id='line_1_9' title="bbox 174 1056 2752 1149; baseline 0.001 -23"><span class='ocrx_word' id='word_1_72' title='bbox 174 1056 409 1127; x_wconf 87' lang='lat' dir='ltr'>denuo</span> <span class='ocrx_word' id='word_1_73' title='bbox 439 1077 762 1127; x_wconf 81' lang='lat' dir='ltr'>evomere</span> <span class='ocrx_word' id='word_1_74' title='bbox 784 1070 1128 1147; x_wconf 76' lang='lat' dir='ltr'>cogerent,</span> <span class='ocrx_word' id='word_1_75' title='bbox 1166 1079 1341 1146; x_wconf 88' lang='lat' dir='ltr'>quos</span> <span class='ocrx_word' id='word_1_76' title='bbox 1373 1057 1569 1147; x_wconf 88' lang='lat' dir='ltr'>prius</span> <span class='ocrx_word' id='word_1_77' title='bbox 1602 1069 1960 1145; x_wconf 87' lang='lat' dir='ltr'>tamquam</span> <span class='ocrx_word' id='word_1_78' title='bbox 1992 1070 2324 1140; x_wconf 64' lang='lat' dir='ltr'>mortum,</span> <span class='ocrx_word' id='word_1_79' title='bbox 2362 1078 2438 1128; x_wconf 87' lang='lat' dir='ltr'>se</span> <span class='ocrx_word' id='word_1_80' title='bbox 2472 1058 2752 1149; x_wconf 88' lang='lat' dir='ltr'>penitus</span> 
     </span>
     <span class='ocr_line' id='line_1_10' title="bbox 174 1144 2750 1240; baseline 0.001 -24"><span class='ocrx_word' id='word_1_81' title='bbox 174 1145 556 1216; x_wconf 80' lang='lat' dir='ltr'>devorasse</span> <span class='ocrx_word' id='word_1_82' title='bbox 590 1157 976 1240; x_wconf 86' lang='lat' dir='ltr'>putaverat.</span> <span class='ocrx_word' id='word_1_83' title='bbox 1030 1151 1174 1221; x_wconf 86' lang='lat' dir='ltr'>Non</span> <span class='ocrx_word' id='word_1_84' title='bbox 1234 1147 1420 1217; x_wconf 88' lang='lat' dir='ltr'>enim</span> <span class='ocrx_word' id='word_1_85' title='bbox 1471 1146 1573 1215; x_wconf 91' lang='lat' dir='ltr'>illi</span> <span class='ocrx_word' id='word_1_86' title='bbox 1621 1144 1912 1217; x_wconf 81' lang='lat' dir='ltr'>fratrum</span> <span class='ocrx_word' id='word_1_87' title='bbox 1978 1145 2491 1219; x_wconf 89' lang='lat' dir='ltr'>imbecillorum</span> <span class='ocrx_word' id='word_1_88' title='bbox 2544 1146 2750 1239; x_wconf 88' lang='lat' dir='ltr'>lapsu</span> 
     </span>
     <span class='ocr_line' id='line_1_11' title="bbox 172 1233 2747 1327; baseline 0 -23"><span class='ocrx_word' id='word_1_89' title='bbox 172 1234 693 1325; x_wconf 81' lang='lat' dir='ltr'>gloriabantur,</span> <span class='ocrx_word' id='word_1_90' title='bbox 745 1233 867 1304; x_wconf 88' lang='lat' dir='ltr'>sed</span> <span class='ocrx_word' id='word_1_91' title='bbox 914 1256 1092 1323; x_wconf 82' lang='lat' dir='ltr'>quae</span> <span class='ocrx_word' id='word_1_92' title='bbox 1136 1235 1321 1305; x_wconf 88' lang='lat' dir='ltr'>dona</span> <span class='ocrx_word' id='word_1_93' title='bbox 1370 1235 1541 1325; x_wconf 87' lang='lat' dir='ltr'>ipsis</span> <span class='ocrx_word' id='word_1_94' title='bbox 1589 1256 1713 1325; x_wconf 90' lang='lat' dir='ltr'>per</span> <span class='ocrx_word' id='word_1_95' title='bbox 1759 1234 1878 1305; x_wconf 90' lang='lat' dir='ltr'>Dei</span> <span class='ocrx_word' id='word_1_96' title='bbox 1925 1236 2220 1325; x_wconf 85' lang='lat' dir='ltr'>gratiam</span> <span class='ocrx_word' id='word_1_97' title='bbox 2262 1235 2527 1306; x_wconf 86' lang='lat' dir='ltr'>affatim</span> <span class='ocrx_word' id='word_1_98' title='bbox 2578 1258 2747 1327; x_wconf 91' lang='lat' dir='ltr'>sup-</span> 
     </span>
     <span class='ocr_line' id='line_1_12' title="bbox 173 1322 2748 1424; baseline 0.001 -31"><span class='ocrx_word' id='word_1_99' title='bbox 173 1324 537 1413; x_wconf 84' lang='lat' dir='ltr'>petebant,</span> <span class='ocrx_word' id='word_1_100' title='bbox 592 1322 773 1404; x_wconf 88' lang='lat' dir='ltr'>aliis,</span> <span class='ocrx_word' id='word_1_101' title='bbox 826 1324 951 1411; x_wconf 89' lang='lat' dir='ltr'>qui</span> <span class='ocrx_word' id='word_1_102' title='bbox 997 1324 1281 1415; x_wconf 85' lang='lat' dir='ltr'>majoris</span> <span class='ocrx_word' id='word_1_103' title='bbox 1328 1323 1483 1424; x_wconf 90' lang='lat' dir='ltr'>opis</span> <span class='ocrx_word' id='word_1_104' title='bbox 1530 1324 1947 1423; x_wconf 73' lang='lat' dir='ltr'>indigerent,</span> <span class='ocrx_word' id='word_1_105' title='bbox 2000 1324 2301 1416; x_wconf 86' lang='lat' dir='ltr'>benigne</span> <span class='ocrx_word' id='word_1_106' title='bbox 2351 1325 2748 1415; x_wconf 86' lang='lat' dir='ltr'>largieban-</span> 
     </span>
     <span class='ocr_line' id='line_1_13' title="bbox 174 1411 2736 1503; baseline 0.001 -22"><span class='ocrx_word' id='word_1_107' title='bbox 174 1425 312 1482; x_wconf 86' lang='lat' dir='ltr'>tur:</span> <span class='ocrx_word' id='word_1_108' title='bbox 376 1426 597 1499; x_wconf 86' lang='lat' dir='ltr'>atque</span> <span class='ocrx_word' id='word_1_109' title='bbox 641 1412 813 1482; x_wconf 90' lang='lat' dir='ltr'>adeo</span> <span class='ocrx_word' id='word_1_110' title='bbox 860 1411 1044 1482; x_wconf 86' lang='lat' dir='ltr'>velut</span> <span class='ocrx_word' id='word_1_111' title='bbox 1090 1413 1330 1483; x_wconf 88' lang='lat' dir='ltr'>matris</span> <span class='ocrx_word' id='word_1_112' title='bbox 1377 1411 1808 1503; x_wconf 82' lang='lat' dir='ltr'>indulgentis</span> <span class='ocrx_word' id='word_1_113' title='bbox 1859 1412 2336 1484; x_wconf 72' lang='lat' dir='ltr'>misericordia</span> <span class='ocrx_word' id='word_1_114' title='bbox 2383 1415 2736 1496; x_wconf 91' lang='lat' dir='ltr'>commoti,</span> 
     </span>
     <span class='ocr_line' id='line_1_14' title="bbox 175 1500 2742 1603; baseline 0.002 -34"><span class='ocrx_word' id='word_1_115' title='bbox 175 1501 443 1572; x_wconf 89' lang='lat' dir='ltr'>multas</span> <span class='ocrx_word' id='word_1_116' title='bbox 493 1500 841 1591; x_wconf 83' lang='lat' dir='ltr'>lacrymas</span> <span class='ocrx_word' id='word_1_117' title='bbox 890 1522 1014 1591; x_wconf 93' lang='lat' dir='ltr'>pro</span> <span class='ocrx_word' id='word_1_118' title='bbox 1063 1523 1303 1572; x_wconf 89' lang='lat' dir='ltr'>eorum</span> <span class='ocrx_word' id='word_1_119' title='bbox 1352 1500 1574 1572; x_wconf 84' lang='lat' dir='ltr'>salute</span> <span class='ocrx_word' id='word_1_120' title='bbox 1623 1502 1694 1570; x_wconf 91' lang='lat' dir='ltr'>in</span> <span class='ocrx_word' id='word_1_121' title='bbox 1744 1513 2121 1591; x_wconf 89' lang='lat' dir='ltr'>conspectu</span> <span class='ocrx_word' id='word_1_122' title='bbox 2162 1502 2282 1572; x_wconf 89' lang='lat' dir='ltr'>Dei</span> <span class='ocrx_word' id='word_1_123' title='bbox 2326 1502 2549 1574; x_wconf 87' lang='lat' dir='ltr'>Patris</span> <span class='ocrx_word' id='word_1_124' title='bbox 2582 1524 2742 1603; x_wconf 86' lang='lat' dir='ltr'>pro-</span> 
     </span>
     <span class='ocr_line' id='line_1_15' title="bbox 174 1588 2742 1681; baseline 0.002 -24"><span class='ocrx_word' id='word_1_125' title='bbox 174 1589 600 1672; x_wconf 84' lang='lat' dir='ltr'>fundebant,</span> <span class='ocrx_word' id='word_1_126' title='bbox 651 1589 861 1659; x_wconf 86' lang='lat' dir='ltr'>vitam</span> <span class='ocrx_word' id='word_1_127' title='bbox 912 1588 1052 1662; x_wconf 92' lang='lat' dir='ltr'>illis</span> <span class='ocrx_word' id='word_1_128' title='bbox 1108 1590 1563 1681; x_wconf 85' lang='lat' dir='ltr'>flagitabant:</span> <span class='ocrx_word' id='word_1_129' title='bbox 1617 1590 1829 1661; x_wconf 88' lang='lat' dir='ltr'>vitam</span> <span class='ocrx_word' id='word_1_130' title='bbox 1889 1590 2229 1662; x_wconf 86' lang='lat' dir='ltr'>concessit</span> <span class='ocrx_word' id='word_1_131' title='bbox 2277 1595 2478 1671; x_wconf 82' lang='lat' dir='ltr'>DeuS,</span> <span class='ocrx_word' id='word_1_132' title='bbox 2534 1604 2742 1663; x_wconf 78' lang='lat' dir='ltr'>vitam</span> 
     </span>
     <span class='ocr_line' id='line_1_16' title="bbox 170 1678 2740 1769; baseline 0.001 -22"><span class='ocrx_word' id='word_1_133' title='bbox 170 1678 388 1761; x_wconf 73' lang='lat' dir='ltr'>etiam</span> <span class='ocrx_word' id='word_1_134' title='bbox 440 1700 608 1749; x_wconf 91' lang='lat' dir='ltr'>cum</span> <span class='ocrx_word' id='word_1_135' title='bbox 657 1678 994 1769; x_wconf 82' lang='lat' dir='ltr'>proximis</span> <span class='ocrx_word' id='word_1_136' title='bbox 1040 1680 1695 1759; x_wconf 90' lang='lat' dir='ltr'>communicarunt,</span> <span class='ocrx_word' id='word_1_137' title='bbox 1750 1678 2038 1750; x_wconf 85' lang='lat' dir='ltr'>victores</span> <span class='ocrx_word' id='word_1_138' title='bbox 2095 1679 2190 1748; x_wconf 68' lang='lat' dir='ltr'>im</span> <span class='ocrx_word' id='word_1_139' title='bbox 2217 1681 2548 1751; x_wconf 90' lang='lat' dir='ltr'>omnibus</span> <span class='ocrx_word' id='word_1_140' title='bbox 2581 1734 2598 1761; x_wconf 94' lang='lat'>,</span> <span class='ocrx_word' id='word_1_141' title='bbox 2653 1680 2740 1750; x_wconf 86' lang='lat' dir='ltr'>ad</span> 
     </span>
     <span class='ocr_line' id='line_1_17' title="bbox 174 1765 2746 1858; baseline 0.002 -23"><span class='ocrx_word' id='word_1_142' title='bbox 174 1771 398 1838; x_wconf 88' lang='lat' dir='ltr'>Deum</span> <span class='ocrx_word' id='word_1_143' title='bbox 452 1765 742 1858; x_wconf 85' lang='lat' dir='ltr'>profecti</span> <span class='ocrx_word' id='word_1_144' title='bbox 793 1780 979 1849; x_wconf 90' lang='lat' dir='ltr'>sunt,</span> <span class='ocrx_word' id='word_1_145' title='bbox 1034 1789 1273 1858; x_wconf 87' lang='lat' dir='ltr'>pacem</span> <span class='ocrx_word' id='word_1_146' title='bbox 1324 1765 1718 1858; x_wconf 85' lang='lat' dir='ltr'>amplexati,</span> <span class='ocrx_word' id='word_1_147' title='bbox 1757 1788 1997 1858; x_wconf 85' lang='lat' dir='ltr'>pacem</span> <span class='ocrx_word' id='word_1_148' title='bbox 2048 1768 2249 1840; x_wconf 89' lang='lat' dir='ltr'>nobis</span> <span class='ocrx_word' id='word_1_149' title='bbox 2296 1769 2746 1840; x_wconf 87' lang='lat' dir='ltr'>commenda-</span> 
     </span>
     <span class='ocr_line' id='line_1_18' title="bbox 173 1855 2746 1946; baseline 0.001 -22"><span class='ocrx_word' id='word_1_150' title='bbox 173 1870 388 1935; x_wconf 89' lang='lat' dir='ltr'>runt,</span> <span class='ocrx_word' id='word_1_151' title='bbox 443 1878 607 1927; x_wconf 89' lang='lat' dir='ltr'>cum</span> <span class='ocrx_word' id='word_1_152' title='bbox 661 1876 830 1946; x_wconf 89' lang='lat' dir='ltr'>pace</span> <span class='ocrx_word' id='word_1_153' title='bbox 876 1855 1177 1944; x_wconf 89' lang='lat' dir='ltr'>denique</span> <span class='ocrx_word' id='word_1_154' title='bbox 1222 1856 1310 1926; x_wconf 90' lang='lat' dir='ltr'>ad</span> <span class='ocrx_word' id='word_1_155' title='bbox 1361 1860 1574 1927; x_wconf 90' lang='lat' dir='ltr'>Deum</span> <span class='ocrx_word' id='word_1_156' title='bbox 1640 1856 2109 1938; x_wconf 90' lang='lat' dir='ltr'>decesserunt,</span> <span class='ocrx_word' id='word_1_157' title='bbox 2164 1878 2302 1927; x_wconf 93' lang='lat' dir='ltr'>non</span> <span class='ocrx_word' id='word_1_158' title='bbox 2363 1858 2570 1927; x_wconf 88' lang='lat' dir='ltr'>matri</span> <span class='ocrx_word' id='word_1_159' title='bbox 2619 1862 2746 1927; x_wconf 92' lang='lat' dir='ltr'>Ec-</span> 
     </span>
     <span class='ocr_line' id='line_1_19' title="bbox 171 1942 2745 2035; baseline 0.001 -22"><span class='ocrx_word' id='word_1_160' title='bbox 171 1942 433 2014; x_wconf 90' lang='lat' dir='ltr'>clesiae</span> <span class='ocrx_word' id='word_1_161' title='bbox 498 1944 888 2015; x_wconf 86' lang='lat' dir='ltr'>molestiam</span> <span class='ocrx_word' id='word_1_162' title='bbox 936 1959 1003 2015; x_wconf 92' lang='lat' dir='ltr'>et</span> <span class='ocrx_word' id='word_1_163' title='bbox 1058 1966 1428 2035; x_wconf 82' lang='lat' dir='ltr'>angorem,</span> <span class='ocrx_word' id='word_1_164' title='bbox 1485 1966 1625 2017; x_wconf 84' lang='lat' dir='ltr'>non</span> <span class='ocrx_word' id='word_1_165' title='bbox 1669 1944 2001 2016; x_wconf 88' lang='lat' dir='ltr'>fratribus</span> <span class='ocrx_word' id='word_1_166' title='bbox 2047 1944 2308 2016; x_wconf 90' lang='lat' dir='ltr'>bellum</span> <span class='ocrx_word' id='word_1_167' title='bbox 2359 1958 2425 2016; x_wconf 92' lang='lat' dir='ltr'>et</span> <span class='ocrx_word' id='word_1_168' title='bbox 2464 1945 2745 2017; x_wconf 90' lang='lat' dir='ltr'>seditio-</span> 
     </span>
     <span class='ocr_line' id='line_1_20' title="bbox 174 2033 2740 2125; baseline 0 -24"><span class='ocrx_word' id='word_1_169' title='bbox 174 2054 366 2115; x_wconf 90' lang='lat' dir='ltr'>nem,</span> <span class='ocrx_word' id='word_1_170' title='bbox 404 2034 527 2104; x_wconf 91' lang='lat' dir='ltr'>sed</span> <span class='ocrx_word' id='word_1_171' title='bbox 561 2033 932 2125; x_wconf 87' lang='lat' dir='ltr'>gaudium,</span> <span class='ocrx_word' id='word_1_172' title='bbox 970 2056 1236 2125; x_wconf 87' lang='lat' dir='ltr'>pacem,</span> <span class='ocrx_word' id='word_1_173' title='bbox 1268 2034 1711 2104; x_wconf 88' lang='lat' dir='ltr'>concordiam</span> <span class='ocrx_word' id='word_1_174' title='bbox 1743 2044 1809 2104; x_wconf 89' lang='lat' dir='ltr'>et</span> <span class='ocrx_word' id='word_1_175' title='bbox 1848 2033 2251 2105; x_wconf 87' lang='lat' dir='ltr'>charitatem</span> <span class='ocrx_word' id='word_1_176' title='bbox 2284 2035 2740 2122; x_wconf 89' lang='lat' dir='ltr'>reliquerunt.</span> 
     </span>
    </p>
   </div>
   <div class='ocr_carea' id='block_1_3' title="bbox 768 2284 2184 2615">
    <p class='ocr_par' dir='ltr' id='par_1_4' title="bbox 768 2284 2184 2615">
     <span class='ocr_line' id='line_1_21' title="bbox 1144 2284 1801 2366; baseline -0.002 -3"><span class='ocrx_word' id='word_1_177' title='bbox 1144 2284 1801 2366; x_wconf 80' lang='lat' dir='ltr'><strong>MARTYRIUM</strong></span> 
     </span>
     <span class='ocr_line' id='line_1_22' title="bbox 768 2510 2184 2615; baseline 0.001 -4"><span class='ocrx_word' id='word_1_178' title='bbox 768 2510 901 2612; x_wconf 90' lang='lat' dir='ltr'>SS.</span> <span class='ocrx_word' id='word_1_179' title='bbox 975 2510 1611 2615; x_wconf 85' lang='lat' dir='ltr'>MARCELLlNl</span> <span class='ocrx_word' id='word_1_180' title='bbox 1685 2512 1808 2614; x_wconf 88' lang='lat' dir='ltr'>ET</span> <span class='ocrx_word' id='word_1_181' title='bbox 1877 2511 2184 2614; x_wconf 82' lang='lat' dir='ltr'>PETRI</span> 
     </span>
    </p>
   </div>
   <div class='ocr_carea' id='block_1_4' title="bbox 189 2719 2747 2827">
    <p class='ocr_par' dir='ltr' id='par_1_5' title="bbox 189 2719 2747 2827">
     <span class='ocr_line' id='line_1_23' title="bbox 189 2719 2747 2827; baseline -0 -11"><span class='ocrx_word' id='word_1_182' title='bbox 189 2767 509 2818; x_wconf 72' lang='lat' dir='ltr'>GRAVITER</span> <span class='ocrx_word' id='word_1_183' title='bbox 572 2766 1030 2817; x_wconf 67' lang='lat' dir='ltr'>consculptum.</span> <span class='ocrx_word' id='word_1_184' title='bbox 1102 2765 1620 2820; x_wconf 80' lang='lat' dir='ltr'><strong>ADSTIPULANTUR</strong></span> <span class='ocrx_word' id='word_1_185' title='bbox 1667 2765 1731 2818; x_wconf 77' lang='grc' dir='ltr'>ΕΙ</span> <span class='ocrx_word' id='word_1_186' title='bbox 1780 2768 2059 2827; x_wconf 77' lang='grc' dir='ltr'><strong>ΑΝΤΙΩΙΙΑ</strong></span> <span class='ocrx_word' id='word_1_187' title='bbox 2106 2719 2612 2827; x_wconf 52' lang='grc' dir='ltr'><strong>ΜΑΒΤΥΒΟΒΟΕῙᾸ,</strong></span> <span class='ocrx_word' id='word_1_188' title='bbox 2667 2769 2747 2816; x_wconf 84' lang='grc' dir='ltr'>ΕΤ</span> 
     </span>
    </p>
   </div>
   <div class='ocr_carea' id='block_1_5' title="bbox 264 2873 2744 3032">
    <p class='ocr_par' dir='ltr' id='par_1_6' title="bbox 264 2873 2744 3032">
     <span class='ocr_line' id='line_1_24' title="bbox 264 2873 2744 2934; baseline 0 -11"><span class='ocrx_word' id='word_1_189' title='bbox 264 2875 567 2924; x_wconf 71' lang='grc' dir='ltr'><strong>ΗΑΒΕΤΗΒ</strong></span> <span class='ocrx_word' id='word_1_190' title='bbox 633 2874 702 2924; x_wconf 60' lang='grc' dir='ltr'>Π</span> <span class='ocrx_word' id='word_1_191' title='bbox 764 2875 1061 2924; x_wconf 77' lang='lat' dir='ltr'>VETUSTIS</span> <span class='ocrx_word' id='word_1_192' title='bbox 1107 2877 1249 2924; x_wconf 67' lang='grc' dir='ltr'>ΗΒΕ.</span> <span class='ocrx_word' id='word_1_193' title='bbox 1317 2875 1669 2925; x_wconf 76' lang='lat' dir='ltr'>flonchBUS.</span> <span class='ocrx_word' id='word_1_194' title='bbox 1739 2876 1981 2924; x_wconf 68' lang='lat' dir='ltr'>STYLUB</span> <span class='ocrx_word' id='word_1_195' title='bbox 2027 2873 2304 2934; x_wconf 80' lang='lat' dir='ltr'><strong>ALIQUOT</strong></span> <span class='ocrx_word' id='word_1_196' title='bbox 2351 2874 2527 2925; x_wconf 87' lang='lat' dir='ltr'>LOCIS</span> <span class='ocrx_word' id='word_1_197' title='bbox 2585 2873 2744 2924; x_wconf 85' lang='lat' dir='ltr'><strong>NON·</strong></span> 
     </span>
     <span class='ocr_line' id='line_1_25' title="bbox 264 2978 1354 3032; baseline 0 -2"><span class='ocrx_word' id='word_1_198' title='bbox 264 2983 449 3030; x_wconf 68' lang='lat' dir='ltr'>mnu„</span> <span class='ocrx_word' id='word_1_199' title='bbox 497 2978 811 3031; x_wconf 66' lang='lat' dir='ltr'>connum·</span> <span class='ocrx_word' id='word_1_200' title='bbox 859 2982 1046 3030; x_wconf 73' lang='lat' dir='ltr'><strong>LAUR.</strong></span> <span class='ocrx_word' id='word_1_201' title='bbox 1102 2983 1354 3032; x_wconf 78' lang='lat' dir='ltr'>sumus,</span> 
     </span>
    </p>
   </div>
   <div class='ocr_carea' id='block_1_6' title="bbox 1047 3162 1891 3219">
    <p class='ocr_par' dir='ltr' id='par_1_7' title="bbox 1047 3162 1891 3219">
     <span class='ocr_line' id='line_1_26' title="bbox 1047 3162 1891 3219; baseline 0.002 -2"><span class='ocrx_word' id='word_1_202' title='bbox 1047 3163 1247 3219; x_wconf 83' lang='lat' dir='ltr'>Anno</span> <span class='ocrx_word' id='word_1_203' title='bbox 1290 3164 1420 3218; x_wconf 81' lang='lat'>303</span> <span class='ocrx_word' id='word_1_204' title='bbox 1464 3192 1537 3203; x_wconf 93' lang='lat'>—</span> <span class='ocrx_word' id='word_1_205' title='bbox 1580 3162 1891 3219; x_wconf 71' lang='lat' dir='ltr'>Romani.</span> 
     </span>
    </p>
   </div>
   <div class='ocr_carea' id='block_1_7' title="bbox 183 3343 2746 4502">
    <p class='ocr_par' dir='ltr' id='par_1_8' title="bbox 183 3343 2746 4502">
     <span class='ocr_line' id='line_1_27' title="bbox 269 3343 2744 3446; baseline 0 -30"><span class='ocrx_word' id='word_1_206' title='bbox 269 3346 309 3431; x_wconf 69' lang='grc' dir='ltr'>ἓ</span> <span class='ocrx_word' id='word_1_207' title='bbox 339 3348 417 3416; x_wconf 83' lang='lat'>1.</span> <span class='ocrx_word' id='word_1_208' title='bbox 473 3343 870 3434; x_wconf 89' lang='lat' dir='ltr'>Benignitas</span> <span class='ocrx_word' id='word_1_209' title='bbox 905 3343 1273 3415; x_wconf 87' lang='lat' dir='ltr'>Salvatoris</span> <span class='ocrx_word' id='word_1_210' title='bbox 1307 3345 1548 3426; x_wconf 84' lang='lat' dir='ltr'>nostri,</span> <span class='ocrx_word' id='word_1_211' title='bbox 1582 3356 1968 3446; x_wconf 68' lang='lat' dir='ltr'>martyrum</span> <span class='ocrx_word' id='word_1_212' title='bbox 2008 3347 2514 3436; x_wconf 71' lang='lat' dir='ltr'>perseverantia</span> <span class='ocrx_word' id='word_1_213' title='bbox 2551 3369 2744 3417; x_wconf 89' lang='lat' dir='ltr'>com-</span> 
     </span>
     <span class='ocr_line' id='line_1_28' title="bbox 184 3431 2742 3524; baseline 0.001 -22"><span class='ocrx_word' id='word_1_214' title='bbox 184 3431 495 3522; x_wconf 86' lang='lat' dir='ltr'>probata,</span> <span class='ocrx_word' id='word_1_215' title='bbox 528 3454 834 3520; x_wconf 91' lang='lat' dir='ltr'>eousque</span> <span class='ocrx_word' id='word_1_216' title='bbox 864 3435 1218 3524; x_wconf 85' lang='lat' dir='ltr'>processit,</span> <span class='ocrx_word' id='word_1_217' title='bbox 1250 3446 1327 3504; x_wconf 88' lang='lat' dir='ltr'>ut</span> <span class='ocrx_word' id='word_1_218' title='bbox 1350 3444 1415 3504; x_wconf 90' lang='lat' dir='ltr'>et</span> <span class='ocrx_word' id='word_1_219' title='bbox 1443 3433 1607 3503; x_wconf 86' lang='lat' dir='ltr'>fidei</span> <span class='ocrx_word' id='word_1_220' title='bbox 1631 3456 1893 3505; x_wconf 78' lang='lat' dir='ltr'>amicos</span> <span class='ocrx_word' id='word_1_221' title='bbox 1918 3445 2299 3518; x_wconf 86' lang='lat' dir='ltr'>coronaret,</span> <span class='ocrx_word' id='word_1_222' title='bbox 2330 3448 2396 3506; x_wconf 93' lang='lat' dir='ltr'>et</span> <span class='ocrx_word' id='word_1_223' title='bbox 2420 3434 2742 3505; x_wconf 90' lang='lat' dir='ltr'>inimicos</span> 
     </span>
     <span class='ocr_line' id='line_1_29' title="bbox 183 3521 2746 3612; baseline 0 -20"><span class='ocrx_word' id='word_1_224' title='bbox 183 3542 427 3592; x_wconf 83' lang='lat' dir='ltr'>eorum</span> <span class='ocrx_word' id='word_1_225' title='bbox 466 3543 549 3592; x_wconf 82' lang='lat' dir='ltr'>ex</span> <span class='ocrx_word' id='word_1_226' title='bbox 597 3521 769 3612; x_wconf 89' lang='lat' dir='ltr'>ipsis</span> <span class='ocrx_word' id='word_1_227' title='bbox 818 3522 1197 3593; x_wconf 85' lang='lat' dir='ltr'>inferorum</span> <span class='ocrx_word' id='word_1_228' title='bbox 1247 3522 1571 3595; x_wconf 88' lang='lat' dir='ltr'>claustris</span> <span class='ocrx_word' id='word_1_229' title='bbox 1618 3534 1912 3593; x_wconf 88' lang='lat' dir='ltr'>erueret.</span> <span class='ocrx_word' id='word_1_230' title='bbox 1953 3525 2260 3611; x_wconf 88' lang='lat' dir='ltr'>Denique</span> <span class='ocrx_word' id='word_1_231' title='bbox 2292 3546 2456 3594; x_wconf 89' lang='lat' dir='ltr'>cum</span> <span class='ocrx_word' id='word_1_232' title='bbox 2489 3529 2746 3594; x_wconf 88' lang='lat' dir='ltr'>Romae</span> 
     </span>
     <span class='ocr_line' id='line_1_30' title="bbox 186 3611 2743 3703; baseline 0.002 -24"><span class='ocrx_word' id='word_1_233' title='bbox 186 3631 223 3679; x_wconf 87' lang='lat' dir='ltr'>a</span> <span class='ocrx_word' id='word_1_234' title='bbox 270 3611 571 3701; x_wconf 87' lang='lat' dir='ltr'>paganis</span> <span class='ocrx_word' id='word_1_235' title='bbox 620 3623 963 3682; x_wconf 88' lang='lat' dir='ltr'>teneretur</span> <span class='ocrx_word' id='word_1_236' title='bbox 1009 3617 1272 3693; x_wconf 79' lang='lat' dir='ltr'>PetruS,</span> <span class='ocrx_word' id='word_1_237' title='bbox 1325 3611 1712 3682; x_wconf 85' lang='lat' dir='ltr'>Exorcistae</span> <span class='ocrx_word' id='word_1_238' title='bbox 1757 3611 2065 3682; x_wconf 86' lang='lat' dir='ltr'>officium</span> <span class='ocrx_word' id='word_1_239' title='bbox 2097 3633 2369 3703; x_wconf 88' lang='lat' dir='ltr'>gerens,</span> <span class='ocrx_word' id='word_1_240' title='bbox 2407 3625 2473 3683; x_wconf 90' lang='lat' dir='ltr'>et</span> <span class='ocrx_word' id='word_1_241' title='bbox 2501 3611 2743 3683; x_wconf 89' lang='lat' dir='ltr'>multis</span> 
     </span>
     <span class='ocr_line' id='line_1_31' title="bbox 184 3698 2744 3797; baseline 0.001 -29"><span class='ocrx_word' id='word_1_242' title='bbox 184 3698 456 3797; x_wconf 75' lang='lat' dir='ltr'>yicibus</span> <span class='ocrx_word' id='word_1_243' title='bbox 503 3721 772 3785; x_wconf 80' lang='lat' dir='ltr'>caesuS,</span> <span class='ocrx_word' id='word_1_244' title='bbox 812 3700 1073 3772; x_wconf 89' lang='lat' dir='ltr'>missus</span> <span class='ocrx_word' id='word_1_245' title='bbox 1116 3699 1189 3770; x_wconf 92' lang='lat' dir='ltr'>in</span> <span class='ocrx_word' id='word_1_246' title='bbox 1237 3699 1808 3770; x_wconf 87' lang='lat' dir='ltr'>obscurissimam</span> <span class='ocrx_word' id='word_1_247' title='bbox 1857 3700 2379 3783; x_wconf 87' lang='lat' dir='ltr'>habitationem,</span> <span class='ocrx_word' id='word_1_248' title='bbox 2421 3712 2744 3771; x_wconf 80' lang='lat' dir='ltr'>,maneret</span> 
     </span>
     <span class='ocr_line' id='line_1_32' title="bbox 186 3787 2741 3876; baseline 0.001 -21"><span class='ocrx_word' id='word_1_249' title='bbox 186 3809 253 3856; x_wconf 86' lang='lat' dir='ltr'>m</span> <span class='ocrx_word' id='word_1_250' title='bbox 281 3787 585 3857; x_wconf 88' lang='lat' dir='ltr'>vinculis</span> <span class='ocrx_word' id='word_1_251' title='bbox 611 3787 849 3860; x_wconf 81' lang='lat' dir='ltr'>ferreis</span> <span class='ocrx_word' id='word_1_252' title='bbox 870 3789 1224 3871; x_wconf 79' lang='lat' dir='ltr'>immotuS,</span> <span class='ocrx_word' id='word_1_253' title='bbox 1252 3799 1624 3876; x_wconf 88' lang='lat' dir='ltr'>custosque</span> <span class='ocrx_word' id='word_1_254' title='bbox 1646 3790 1945 3859; x_wconf 90' lang='lat' dir='ltr'>carceris</span> <span class='ocrx_word' id='word_1_255' title='bbox 1969 3790 2361 3861; x_wconf 87' lang='lat' dir='ltr'>Arthemius</span> <span class='ocrx_word' id='word_1_256' title='bbox 2379 3790 2741 3861; x_wconf 86' lang='lat' dir='ltr'>Paulinam</span> 
     </span>
     <span class='ocr_line' id='line_1_33' title="bbox 184 3876 2742 3968; baseline 0 -22"><span class='ocrx_word' id='word_1_257' title='bbox 184 3877 465 3948; x_wconf 88' lang='lat' dir='ltr'>unicam</span> <span class='ocrx_word' id='word_1_258' title='bbox 498 3876 719 3948; x_wconf 87' lang='lat' dir='ltr'>filiam</span> <span class='ocrx_word' id='word_1_259' title='bbox 751 3900 947 3948; x_wconf 88' lang='lat' dir='ltr'>suam</span> <span class='ocrx_word' id='word_1_260' title='bbox 983 3878 1347 3967; x_wconf 83' lang='lat' dir='ltr'>virginem,</span> <span class='ocrx_word' id='word_1_261' title='bbox 1382 3898 1591 3965; x_wconf 88' lang='lat' dir='ltr'>quam</span> <span class='ocrx_word' id='word_1_262' title='bbox 1628 3878 2021 3968; x_wconf 89' lang='lat' dir='ltr'>impensius</span> <span class='ocrx_word' id='word_1_263' title='bbox 2051 3878 2351 3960; x_wconf 86' lang='lat' dir='ltr'>amabat,</span> <span class='ocrx_word' id='word_1_264' title='bbox 2392 3878 2742 3968; x_wconf 51' lang='lat' dir='ltr'>{daemo-</span> 
     </span>
     <span class='ocr_line' id='line_1_34' title="bbox 185 3965 2741 4059; baseline 0 -25"><span class='ocrx_word' id='word_1_265' title='bbox 185 3965 298 4035; x_wconf 88' lang='lat' dir='ltr'>nio</span> <span class='ocrx_word' id='word_1_266' title='bbox 341 3967 574 4036; x_wconf 79' lang='lat' dir='ltr'>vexari</span> <span class='ocrx_word' id='word_1_267' title='bbox 620 3966 927 4054; x_wconf 89' lang='lat' dir='ltr'>quotidie</span> <span class='ocrx_word' id='word_1_268' title='bbox 970 3968 1351 4059; x_wconf 84' lang='lat' dir='ltr'>plangeret,</span> <span class='ocrx_word' id='word_1_269' title='bbox 1389 3966 1561 4036; x_wconf 87' lang='lat' dir='ltr'>dixit</span> <span class='ocrx_word' id='word_1_270' title='bbox 1590 3966 1677 4035; x_wconf 89' lang='lat' dir='ltr'>ad</span> <span class='ocrx_word' id='word_1_271' title='bbox 1711 3989 1873 4038; x_wconf 90' lang='lat' dir='ltr'>eum</span> <span class='ocrx_word' id='word_1_272' title='bbox 1906 3967 2010 4036; x_wconf 89' lang='lat' dir='ltr'>vir</span> <span class='ocrx_word' id='word_1_273' title='bbox 2041 3967 2154 4037; x_wconf 88' lang='lat' dir='ltr'>Dei</span> <span class='ocrx_word' id='word_1_274' title='bbox 2192 3972 2435 4038; x_wconf 90' lang='lat' dir='ltr'>Petrus</span> <span class='ocrx_word' id='word_1_275' title='bbox 2457 3967 2741 4037; x_wconf 81' lang='lat' dir='ltr'>Exorci-</span> 
     </span>
     <span class='ocr_line' id='line_1_35' title="bbox 186 4054 2738 4147; baseline 0 -26"><span class='ocrx_word' id='word_1_276' title='bbox 186 4064 321 4123; x_wconf 86' lang='lat' dir='ltr'>sta:</span> <span class='ocrx_word' id='word_1_277' title='bbox 361 4054 596 4126; x_wconf 80' lang='lat' dir='ltr'>«Audi</span> <span class='ocrx_word' id='word_1_278' title='bbox 635 4055 1007 4127; x_wconf 90' lang='lat' dir='ltr'>consilium</span> <span class='ocrx_word' id='word_1_279' title='bbox 1043 4078 1303 4136; x_wconf 90' lang='lat' dir='ltr'>meum,</span> <span class='ocrx_word' id='word_1_280' title='bbox 1341 4055 1669 4138; x_wconf 77' lang='lat' dir='ltr'>Arthemi,</span> <span class='ocrx_word' id='word_1_281' title='bbox 1702 4069 1768 4126; x_wconf 91' lang='lat' dir='ltr'>et</span> <span class='ocrx_word' id='word_1_282' title='bbox 1795 4055 1999 4125; x_wconf 90' lang='lat' dir='ltr'>crede</span> <span class='ocrx_word' id='word_1_283' title='bbox 2032 4056 2103 4125; x_wconf 91' lang='lat' dir='ltr'>in</span> <span class='ocrx_word' id='word_1_284' title='bbox 2140 4054 2581 4147; x_wconf 60' lang='lat' dir='ltr'>unigenhum</span> <span class='ocrx_word' id='word_1_285' title='bbox 2632 4059 2738 4123; x_wconf 83' lang='lat' dir='ltr'>Fi-</span> 
     </span>
     <span class='ocr_line' id='line_1_36' title="bbox 188 4139 2732 4235; baseline 0.001 -25"><span class='ocrx_word' id='word_1_286' title='bbox 188 4139 357 4212; x_wconf 88' lang='lat' dir='ltr'>lium</span> <span class='ocrx_word' id='word_1_287' title='bbox 392 4144 510 4214; x_wconf 92' lang='lat' dir='ltr'>Dei</span> <span class='ocrx_word' id='word_1_288' title='bbox 541 4144 676 4213; x_wconf 88' lang='lat' dir='ltr'>vivi</span> <span class='ocrx_word' id='word_1_289' title='bbox 704 4150 943 4215; x_wconf 82' lang='lat' dir='ltr'>Jesum</span> <span class='ocrx_word' id='word_1_290' title='bbox 978 4145 1352 4226; x_wconf 89' lang='lat' dir='ltr'>Christum,</span> <span class='ocrx_word' id='word_1_291' title='bbox 1391 4145 1513 4232; x_wconf 89' lang='lat' dir='ltr'>qui</span> <span class='ocrx_word' id='word_1_292' title='bbox 1544 4157 1657 4215; x_wconf 51' lang='lat' dir='ltr'>est¹</span> <span class='ocrx_word' id='word_1_293' title='bbox 1677 4144 2003 4215; x_wconf 89' lang='lat' dir='ltr'>liberator</span> <span class='ocrx_word' id='word_1_294' title='bbox 2033 4145 2348 4214; x_wconf 91' lang='lat' dir='ltr'>omnium</span> <span class='ocrx_word' id='word_1_295' title='bbox 2391 4145 2466 4213; x_wconf 70' lang='lat' dir='ltr'>in</span> <span class='ocrx_word' id='word_1_296' title='bbox 2502 4145 2732 4235; x_wconf 87' lang='lat' dir='ltr'>ipsum</span> 
     </span>
     <span class='ocr_line' id='line_1_37' title="bbox 190 4232 2736 4313; baseline -0 -15"><span class='ocrx_word' id='word_1_297' title='bbox 190 4232 640 4303; x_wconf 85' lang='lat' dir='ltr'>credentium.</span> <span class='ocrx_word' id='word_1_298' title='bbox 706 4232 774 4302; x_wconf 93' lang='lat' dir='ltr'>Si</span> <span class='ocrx_word' id='word_1_299' title='bbox 822 4232 1008 4303; x_wconf 89' lang='lat' dir='ltr'>enim</span> <span class='ocrx_word' id='word_1_300' title='bbox 1058 4255 1211 4304; x_wconf 90' lang='lat' dir='ltr'>vere</span> <span class='ocrx_word' id='word_1_301' title='bbox 1259 4232 1663 4313; x_wconf 76' lang='lat' dir='ltr'>credideris,</span> <span class='ocrx_word' id='word_1_302' title='bbox 1718 4254 1877 4303; x_wconf 83' lang='lat' dir='ltr'>mox</span> <span class='ocrx_word' id='word_1_303' title='bbox 1922 4232 2052 4303; x_wconf 87' lang='lat' dir='ltr'>erit</span> <span class='ocrx_word' id='word_1_304' title='bbox 2098 4233 2288 4304; x_wconf 89' lang='lat' dir='ltr'>salva</span> <span class='ocrx_word' id='word_1_305' title='bbox 2334 4232 2481 4302; x_wconf 85' lang='lat' dir='ltr'>filia</span> <span class='ocrx_word' id='word_1_306' title='bbox 2532 4246 2671 4302; x_wconf 86' lang='lat' dir='ltr'>tua.</span> <span class='ocrx_word' id='word_1_307' title='bbox 2700 4255 2736 4297; x_wconf 87' lang='lat'>»</span> 
     </span>
     <span class='ocr_line' id='line_1_38' title="bbox 192 4319 2728 4414; baseline -0.001 -24"><span class='ocrx_word' id='word_1_308' title='bbox 192 4321 564 4412; x_wconf 84' lang='lat' dir='ltr'>Respondit</span> <span class='ocrx_word' id='word_1_309' title='bbox 596 4321 1031 4392; x_wconf 88' lang='lat' dir='ltr'>Arthemius:</span> <span class='ocrx_word' id='word_1_310' title='bbox 1091 4349 1117 4388; x_wconf 69' lang='lat' dir='ltr'>c</span> <span class='ocrx_word' id='word_1_311' title='bbox 1172 4322 1377 4394; x_wconf 86' lang='lat' dir='ltr'>Miror</span> <span class='ocrx_word' id='word_1_312' title='bbox 1415 4321 1613 4391; x_wconf 85' lang='lat' dir='ltr'>valde</span> <span class='ocrx_word' id='word_1_313' title='bbox 1648 4321 2058 4414; x_wconf 79' lang='lat' dir='ltr'>imprudens</span> <span class='ocrx_word' id='word_1_314' title='bbox 2092 4319 2465 4392; x_wconf 80' lang='lat' dir='ltr'>consilium</span> <span class='ocrx_word' id='word_1_315' title='bbox 2504 4333 2728 4399; x_wconf 89' lang='lat' dir='ltr'>tuum,</span> 
     </span>
     <span class='ocr_line' id='line_1_39' title="bbox 190 4408 2738 4502; baseline -0.002 -21"><span class='ocrx_word' id='word_1_316' title='bbox 190 4409 364 4496; x_wconf 84' lang='lat' dir='ltr'>quod</span> <span class='ocrx_word' id='word_1_317' title='bbox 411 4433 575 4483; x_wconf 89' lang='lat' dir='ltr'>cum</span> <span class='ocrx_word' id='word_1_318' title='bbox 627 4424 690 4481; x_wconf 90' lang='lat' dir='ltr'>te</span> <span class='ocrx_word' id='word_1_319' title='bbox 737 4410 866 4482; x_wconf 88' lang='lat' dir='ltr'>iste</span> <span class='ocrx_word' id='word_1_320' title='bbox 913 4415 1092 4483; x_wconf 89' lang='lat' dir='ltr'>Deus</span> <span class='ocrx_word' id='word_1_321' title='bbox 1140 4423 1303 4484; x_wconf 90' lang='lat' dir='ltr'>tuus</span> <span class='ocrx_word' id='word_1_322' title='bbox 1353 4410 1645 4492; x_wconf 79' lang='lat' dir='ltr'>liberare</span> <span class='ocrx_word' id='word_1_323' title='bbox 1695 4433 1833 4481; x_wconf 92' lang='lat' dir='ltr'>non</span> <span class='ocrx_word' id='word_1_324' title='bbox 1886 4410 2125 4502; x_wconf 89' lang='lat' dir='ltr'>possit,</span> <span class='ocrx_word' id='word_1_325' title='bbox 2181 4413 2251 4480; x_wconf 86' lang='lat' dir='ltr'>in</span> <span class='ocrx_word' id='word_1_326' title='bbox 2304 4412 2536 4502; x_wconf 70' lang='lat' dir='ltr'>ipsum</span> <span class='ocrx_word' id='word_1_327' title='bbox 2581 4408 2738 4480; x_wconf 87' lang='lat' dir='ltr'>licet</span> 
     </span>
    </p>
   </div>
   <div class='ocr_carea' id='block_1_8' title="bbox 112 4831 2446 4960">
    <p class='ocr_par' dir='ltr' id='par_1_9' title="bbox 112 4803 2446 4960">
     <span class='ocr_line' id='line_1_40' title="bbox 112 4831 2446 4960; baseline -0.009 2"><span class='ocrx_word' id='word_1_328' title='bbox 112 4837 523 4960; x_wconf 52' lang='grc' dir='ltr'>μμ</span> <span class='ocrx_word' id='word_1_329' title='bbox 576 4959 583 4960; x_wconf 21' lang='grc' dir='ltr'>μ</span> <span class='ocrx_word' id='word_1_330' title='bbox 2323 4831 2446 4940; x_wconf 52' lang='grc' dir='ltr'>ε.</span> 
     </span>
    </p>
   </div>
  </div>
 </body>
</html>
