3357 4995
112 3681 155 3697 Νι.

2604 264 2629 295 0

191 322 387 388 Jm'n
436 324 476 387 6
971 340 1051 388 οε
1099 341 1154 388 s.
1207 339 1572 387 nonrnnnro
1622 339 1919 388 Eriscoro
2511 325 2636 389 475

201 421 481 577 plurima
503 419 842 489 bellorum
870 441 1120 519 genera
1145 425 1665 510 praeparantur,
1685 442 1862 507 quae
1883 420 1969 489 ab
1993 419 2307 491 hostibus
2334 435 2467 492 tam
2488 423 2725 493 visibi-

232 510 362 579 ‘bus
386 531 595 595 quam
619 508 1088 579 invisibilibus
1116 508 1350 578 futura
1371 520 1557 578 sunt.
1579 509 1707 577 Sed
1739 509 1895 578 novi
1922 521 2217 597 tyroneS,
2238 511 2359 596 qui
2387 523 2723 581 venerunt

202 620 307 686 per
333 597 681 676 visionem,
718 596 1077 666 visibiliter
1108 597 1379 667 venturi
1419 610 1604 677 sunt,
1642 609 1707 667 et
1737 611 2015 686 accepto
2045 613 2405 689 praecepto
2452 615 2517 670 et
2561 601 2722 670 obe·

201 685 427 755 dientia
460 686 548 754 ab
614 707 694 754 eo
741 686 861 772 qui
909 686 1088 754 Patri
1138 685 1266 755 suit
1311 685 1664 766 obediens,
1723 685 2078 756 vobiscum
2139 701 2302 757 sunt
2358 710 2579 775 usque
2629 689 2718 758 ad

199 774 835 846 consummationem
878 774 1222 844 bellaturi.
1270 776 1566 844 Verbum
1600 775 1730 844 hoc
1767 796 2005 846 verum
2048 773 2199 855 fuit,
2239 777 2423 862 quod
2476 778 2720 848 subse-

197 876 328 932 cuta
376 863 555 932 actio
602 862 907 949 quotidie
937 863 1241 932 declarat
1286 864 1354 932 in
1396 863 1503 932 his
1550 863 1673 950 qui
1722 864 1980 932 relictis
2030 864 2381 946 omnibus,
2420 879 2496 935 ut
2528 888 2722 956 pere-

194 951 351 1041 grini
400 952 708 1032 veniunt,
774 963 839 1020 et
890 952 1308 1043 professione
1371 952 1568 1030 facta,
1621 953 1819 1039 quasi
1886 953 2123 1023 osculo
2172 953 2354 1035 dat0,
2408 954 2495 1023 ad
2546 955 2722 1024 obti·
2810 954 2814 959 ’

192 1040 432 1109 nendas
482 1040 898 1130 praeliorum
948 1042 1154 1119 acies,
1201 1040 1283 1109 ad
1336 1040 1640 1111 diversas
1682 1042 1995 1110 nationes
2044 1041 2397 1112 recedunt.
2437 1066 2472 1109 »

261 1130 293 1216 ξ
335 1132 510 1201 30.
565 1128 739 1211 Quia
779 1151 932 1199 vero
959 1129 1353 1199 aedificium
1386 1141 1453 1199 et
1486 1129 1819 1220 templum
1873 1130 2234 1219 spirituale
2282 1131 2454 1201 bene
2486 1131 2595 1200 dis
2647 1155 2721 1201 o·

183 1219 373 1287 situm
418 1232 485 1287 et
531 1218 988 1307 compositum
1041 1218 1284 1298 fuerat,
1342 1218 1425 1287 ad
1464 1218 1813 1288 materiale.
1848 1219 2315 1289 necessarium
2353 1234 2497 1289 erat
2530 1221 2588 1289 la
2644 1244 2718 1290 o-

183 1328 309 1375 rem
335 1306 690 1385 adhibere,
722 1320 799 1376 ut
821 1321 1071 1376 cuncta
1104 1306 1344 1376 fierent
1375 1329 1532 1376 cum
1571 1307 2069 1377 benedictione.
2109 1313 2346 1395 Itaque
2380 1309 2717 1399 Episcopo

185 1395 686 1465 Bartholomaeo
732 1395 1080 1478 advocat0‚
1126 1396 1507 1483 effossoque
1556 1395 2005 1466 fundamento
2053 1409 2117 1466 et
2164 1410 2585 1478 consectam,
2638 1397 2724 1467 de

96 1535 101 1542 .
185 1484 583 1554 consecratis
626 1483 972 1573 lapidibus
1020 1483 1300 1554 fundari
1332 1485 1901 1562 secitecclesiam,
1956 1497 2220 1555 astante
2285 1485 2542 1556 Thoma
2595 1486 2716 1555 do-

182 1569 353 1642 mino
415 1573 503 1642 de
551 1572 762 1652 Cosci,
828 1574 945 1659 qui
1009 1573 1356 1643 hominem
1412 1574 1524 1642 Dei
1589 1574 1935 1643 metuebat
1984 1588 2050 1644 et
2091 1574 2525 1644 reverebatur
2566 1596 2721 1664 pro-

179 1673 314 1750 pter
360 1666 604 1739 Deum,
650 1662 874 1730 sciens
920 1683 1079 1732 eum
1132 1662 1355 1732 virum
1395 1662 1665 1750 justum
1716 1675 1782 1731 et
1827 1663 2017 1732 omni
2073 1662 2328 1733 honore
2376 1662 2715 1754 dignum:

177 1762 427 1820 astante
476 1750 680 1818 etiam
732 1748 874 1819 filio
923 1750 1425 1840 Ingelerammo
1474 1750 1702 1820 adhuc
1755 1750 2068 1841 pueru10,
2122 1765 2188 1821 et
2237 1751 2475 1821 multis
2525 1752 2721 1821 nobi-

179 1837 347 1907 libus
393 1837 672 1907 clericis
719 1852 782 1907 et
835 1838 1053 1918 laiciS,
1094 1853 1158 1908 et
1200 1838 1612 1929 populorum
1669 1840 2039 1909 innumera
2099 1840 2544 1909 multitudine
2593 1829 2714 1909 ad*-

178 1928 463 1997 mirante
493 1940 560 1996 et
607 1927 803 2013 quasi
853 1927 1324 2017 spectaculum
1376 1928 1882 2009 considerante,
1914 1941 1979 1997 et
2018 1929 2199 1998 intra
2228 1950 2298 1998 se
2328 1928 2720 1998 adinvicem

177 2015 479 2086 dicente:
533 2016 699 2097 Quis
734 2028 934 2106 putas
974 2028 1076 2087 est
1131 2017 1336 2085 homo
1397 2017 1568 2085 iste‘?
1615 2018 1818 2106 cujus
1869 2017 2080 2086 fidei?
2127 2023 2421 2086 Putasne
2477 2018 2722 2087 stabile

173 2106 290 2174 erit
320 2105 457 2175 hoc
506 2126 706 2194 opus,
763 2105 945 2190 quod
991 2106 1060 2173 in
1125 2117 1309 2174 tanta
1365 2105 1739 2190 solitudine
1787 2105 2073 2186 locatur,
2108 2118 2173 2174 et
2220 2106 2421 2195 cujus
2469 2105 2722 2176 sunda-

171 2207 389 2264 menta
450 2215 584 2262 non
638 2193 708 2261 in
759 2206 971 2283 petra,
1027 2215 1165 2262 non
1226 2216 1440 2283 supra
1486 2194 1759 2262 firmam
1830 2208 2088 2284 petram
2133 2195 2413 2282 jacitur,
2480 2195 2595 2264 sed
2652 2195 2721 2264 in

172 2281 470 2438 palude?
532 2287 743 2351 Tanta
790 2304 1090 2370 namque
1149 2282 1245 2350 ibi
1314 2282 1513 2372 palus
1566 2296 1749 2364 erat,
1804 2296 1883 2352 ut
1942 2283 2047 2351 vix
2116 2282 2394 2373 impleri
2445 2297 2714 2373 posset,

197 2372 321 2442 icet
373 2370 596 2440 multa
645 2370 955 2461 lapidum
1006 2370 1363 2461 congeries
1404 2370 1875 2461 projiceretur.
1915 2371 2040 2441 Sed
2082 2393 2215 2440 non
2268 2371 2507 2441 debuit
2559 2372 2721 2441 titu-

170 2458 351 2539 bare,
408 2481 535 2529 nec
584 2460 806 2550 potuit
854 2459 1231 2529 eradicari:
1285 2460 1449 2547 quia
1501 2460 1856 2551 plantatio,
1922 2482 2130 2548 quam
2187 2459 2450 2551 plantat
2496 2459 2720 2531 coele-

169 2550 284 2619 stis
341 2555 567 2629 Pater,
627 2570 761 2618 non
827 2549 1314 2620 eradicabitur.
1381 2550 1734 2636 crevitque
1795 2571 2004 2636 quam
2055 2549 2413 2620 celerrime
2483 2549 2722 2618 aedifi-

169 2638 376 2717 cium,
410 2650 480 2706 et
510 2639 690 2706 intra
716 2649 987 2728 tempus
1019 2660 1259 2708 novem
1290 2639 1637 2709 mensium
1663 2638 2036 2728 perfectum
2061 2650 2126 2708 et
2152 2651 2717 2708 consummatum

170 2740 281 2807 est,
318 2740 387 2796 et
433 2749 473 2795 a
523 2726 920 2816 supradicto
976 2728 1311 2816 Episcopo
1360 2726 1880 2797 Bartholomaeo
1946 2740 2448 2796 consecratum.
2508 2726 2724 2796 Exivit

169 2814 411 2884 deinde
455 2815 661 2884 homo
693 2816 807 2884 Dei
839 2816 924 2885 ad
970 2815 1539 2904 praedicandum,
1579 2815 1860 2896 relictiS,
1891 2816 2012 2902 qui
2049 2828 2446 2905 praeessent
2475 2827 2717 2905 coepto

170 2905 373 2993 operi,
433 2916 502 2973 et
532 2901 687 2972 aliis
718 2904 922 2973 rebus
970 2905 1321 2985 omnibuS,
1361 2915 1425 2972 et
1458 2905 1692 2972 omnia
1720 2905 1988 2994 integra
2020 2918 2529 2985 conservarent,
2567 2916 2716 2973 tum

168 2993 362 3061 etiam
414 2992 538 3079 qui
593 3005 982 3081 praeessent
1015 3005 1152 3063 tam
1202 2993 1611 3062 clericorum
1645 3014 1857 3079 quam
1909 2993 2245 3063 laicorum
2295 2993 2710 3074 conventui,

171 3079 363 3152 binos
396 3093 464 3151 et
498 3081 699 3151 binos
725 3082 793 3149 in
832 3080 1128 3171 singulis
1181 3104 1442 3170 ponens
1489 3080 1775 3151 officiis:
1830 3103 2003 3168 quos
2037 3082 2122 3152 ad
2176 3082 2501 3152 ultimum
2540 3083 2711 3163 vale,

167 3167 245 3237 de
292 3192 465 3259 pace
510 3183 577 3238 et
624 3170 1079 3239 unanimitate
1126 3170 1435 3249 docebat,
1489 3169 1732 3239 dicens
1782 3192 2143 3257 nunquam
2196 3171 2716 3260 posseexorbi-

168 3268 302 3327 tare
348 3270 837 3348 congregatam
868 3258 1170 3345 aliquam
1206 3258 1753 3340 multitudinem,
1806 3280 2015 3345 quam
2055 3258 2519 3348 praelatorum
2548 3279 2716 3328 con-

168 3346 395 3415 cordia
449 3347 862 3416 moderetur.
2095 3411 2106 3420 .
2426 3405 2429 3408 -

248 3438 284 3521 ξ
331 3440 482 3507 81.
541 3441 628 3504 Eo
679 3447 1003 3526 tempore,
1039 3435 1223 3505 fama
1271 3436 1399 3504 viri
1449 3436 1566 3506 Dei
1612 3448 1890 3526 propter
1932 3458 2038 3507 res
2090 3435 2438 3526 praeclare
2487 3450 2717 3526 gestas

170 3521 364 3614 longe
413 3524 684 3612 lateque
733 3536 1144 3614 pervagante
1174 3538 1637 3615 compunctus
1680 3539 1782 3594 est
1814 3525 2243 3615 paupertatis
2292 3524 2545 3615 spiritu
2594 3529 2715 3594 Co-

170 3632 308 3680 mes
355 3613 642 3700 quidam
678 3612 1133 3702 Westphaliae
1178 3614 1724 3703 potentissimus,
1772 3613 2188 3684 Godefridus
2239 3614 2542 3683 nomine.
2582 3614 2730 3695 Qui-

172 3703 450 3772 accessit
482 3702 565 3770 ad
618 3723 780 3770 eum
828 3702 1013 3788 quod
1039 3702 1124 3771 de
1162 3724 1240 3772 eo
1279 3702 1497 3772 multa
1522 3702 1870 3772 audisset:
1925 3702 2042 3774 sed
2082 3723 2242 3772 cum
2285 3702 2541 3772 auditis
2572 3724 2715 3771 ma-

165 3788 306 3874 jora
357 3791 615 3879 Spiritu
647 3795 894 3859 Sancto
943 3791 1373 3880 perdocente,
1417 3793 1697 3881 qui·per
1743 3813 1903 3861 eum
1940 3791 2378 3880 operabatur,
2412 3791 2715 3860 invenis-

175 3890 283 3957 set,
338 3901 543 3948 omne
571 3878 943 3949 consilium
985 3893 1049 3948 et
1096 3880 1512 3949 voluntatem
1566 3902 1772 3949 suam
1812 3881 1875 3949 ei
1917 3879 2211 3969 aperuit,
2252 3880 2463 3967 etqui
2514 3901 2583 3951 se
2612 3891 2709 3948 to-

173 3976 305 4033 turn
326 3969 472 4055 jam
496 3973 629 4037 Deo
655 3967 1012 4037 devoverat
1035 3969 1346 4049 interius,
1378 3968 1526 4039 sine
1550 3991 1743 4038 mora
1768 3968 1853 4038 de
1883 3968 2210 4039 omnibus
2241 3967 2715 4056 relinquendis

169 4064 227 4120 et
272 4054 359 4123 de
378 4069 796 4214 (paupertate
834 4056 1216 4127 voluntaria
1257 4056 1739 4148 amplectenda
1767 4057 2177 4148 perdocetur
2205 4058 2528 4127 exterius.
2554 4062 2713 4125 Erat

170 4142 350 4212 enim
427 4146 587 4227 ives,
625 4158 865 4236 potens
894 4146 962 4215 in
990 4146 1226 4228 armis,
1263 4159 1500 4236 utpote
1530 4145 1738 4215 homo
1784 4146 2073 4225 'uvenis,
2107 4145 2410 4236 praediis
2440 4145 2703 4223 multis,

171 4234 379 4301 servis
411 4245 472 4302 et
517 4234 790 4305 ancillis
840 4235 1230 4315 abundanS,
1277 4235 1535 4321 quibus
1575 4235 1768 4304 omni
1821 4258 1903 4304 us
1947 4256 2100 4304 mox
2151 4234 2597 4314 renuncians,
2636 4254 2711 4301 se

171 4333 233 4387 et
279 4342 405 4390 sua
450 4325 681 4393 omnia
715 4329 843 4393 Deo
876 4346 998 4415 per
1029 4345 1279 4393 manus
1318 4323 1623 4393 hominis
1674 4324 1789 4392 Dei
1829 4323 2264 4414 disponenda
2298 4322 2582 4392 tradidit
2628 4343 2709 4389 ea

178 4409 578 4495 conditione,
630 4425 703 4482 ut
762 4413 1079 4504 propriae
1128 4412 1403 4494 domuS,
1457 4412 1664 4484 castri
1726 4412 2042 4483 videlicet
2091 4410 2705 4502 capenbergensis
