3357 4995
265 325 481 391 JUNII
531 327 612 390 tt
1162 342 1243 388 nr:
1292 341 1346 390 s.
1403 338 1649 388 mismo
1698 339 1914 388 mono
2595 322 2726 388 327

268 439 347 497 ut
379 427 594 497 filiam
645 450 844 498 suam
876 427 1020 497 illic
1053 437 1507 505 consecraret,
1542 436 1608 495 et
1646 423 1717 493 in
1754 425 2170 494 monasterio
2217 424 2648 506 collocatam,
2687 430 2824 494 Deo

268 517 559 587 offerret.
615 517 743 586 Sed
775 503 1121 596 diaboluS,
1159 515 1279 602 qui
1310 514 1399 584 ab
1434 513 1630 583 initio
1681 513 2031 583 homicida
2078 513 2230 594 fuit,
2286 513 2605 583 invidens
2657 514 2825 585 huic

265 617 501 675 sancto
535 627 657 694 pro
710 605 910 688 osit0,
965 626 1191 674 unum
1221 627 1302 673 cx
1328 602 1541 672 servis
1566 601 1761 671 illius
1792 602 1863 671 in
1894 624 2202 672 amorem
2255 601 2524 692 puellae
2553 603 2830 672 inflam-

266 695 499 765 mavit.
553 699 633 764 Se
712 718 873 765 cum
923 716 997 763 se
1042 693 1245 762 sciret
1297 713 1423 781 pro
1482 690 1879 761 conditione
1926 691 2321 780 indignum,
2374 691 2496 778 qui
2550 690 2825 778 aliquid

266 782 610 872 ejusmodi
661 794 1043 863 attentaret,
1102 779 1554 851 execrabilem
1605 779 1978 866 quemdam
2048 801 2333 870 magum
2387 780 2820 872 aggreditur,

264 871 554 941 multam
591 872 653 942 ei
687 872 823 941 vim
876 872 1030 942 auri
1082 870 1438 960 pollicens,
1486 869 1542 938 si
1570 869 1725 956 ejus
1774 871 1984 958 opera
2021 880 2248 958 posset
2295 889 2373 936 ea
2406 868 2658 958 'puella
2701 891 2826 958 po-

265 960 403 1028 tiri.
458 965 533 1030 At
568 961 682 1030 ille
730 982 802 1030 se
840 960 910 1030 id
959 959 1226 1029 efficere
1309 979 1461 1027 osse
1501 956 1817 1049 negavit:
1855 956 1972 1026 sed
2005 958 2065 1026 si
2097 957 2220 1037 vis,
2257 955 2506 1044 inquit,
2550 957 2822 1027 mittam

266 1061 332 1117 te
379 1049 463 1118 ad
535 1050 897 1119 dominum
950 1070 1178 1118 meum
1238 981 1622 1127 diabolum,
1680 1045 1801 1132 qui
1851 1058 1913 1115 te
1966 1044 2166 1115 faciet
2216 1046 2349 1115 voti
2394 1059 2814 1136 compotem.

266 1133 647 1228 Respondit
691 1137 840 1241 ifle:
896 1136 1238 1224 Quicquid
1296 1136 1576 1214 dixeris,
1644 1134 1920 1204 faciam.
1983 1139 2061 1203 Et
2109 1156 2401 1224 magus,
2455 1135 2824 1204 Abrenun-

267 1227 438 1307 ciaS,
484 1227 731 1314 inquit,
769 1226 1034 1296 Christo
1072 1226 1144 1293 in
1193 1226 1327 1294 scri
1388 1226 1491 1294 to?
1536 1223 1640 1293 Ait
1678 1223 1820 1292 illi:
1862 1222 2105 1304 Etiam,
2151 1223 2602 1293 abrenunciO.
2645 1229 2818 1294 Tum

268 1314 389 1384 ille
418 1316 725 1403 iniquus:
768 1316 835 1384 Si
866 1314 1117 1396 isthuc,
1171 1316 1288 1394 ait,
1325 1248 1544 1383 Emere
1583 1335 1721 1382 non
1771 1312 2129 1392 detrectas,
2168 1334 2284 1381 ero
2335 1312 2459 1382 tibi
2514 1312 2813 1402 adjutor.

267 1409 408 1562 Egio
437 1426 617 1505 vern,
662 1404 910 1492 inquit,
965 1402 1185 1472 facere
1243 1415 1524 1494 paratus
1572 1423 1754 1481 sum,
1814 1414 2078 1471 tantum
2140 1413 2216 1470 ut
2266 1422 2416 1470 meo
2464 1400 2657 1471 fruar
2704 1401 2821 1471 de-

271 1514 329 1562 si
384 1515 549 1564 erio.
1513 1537 1518 1542 ¹

360 1585 398 1669 ἓ
444 1588 594 1655 lo.
651 1581 938 1671 Scripsit
965 1602 1126 1671 ergo
1159 1579 1544 1667 iniquitatis
1583 1579 1992 1648 administer
2041 1577 2274 1649 literas
2306 1578 2391 1648 ad
2428 1577 2815 1659 diabolum,

218 1690 230 1700 ·
270 1671 596 1757 misitque
626 1670 727 1739 illi
761 1671 831 1738 in
863 1669 1041 1739 hanc
1071 1670 1479 1740 sententiam
1509 1692 1522 1736 :
1561 1667 2163 1755 Quandoquidem,
2211 1667 2306 1735 mi
2340 1666 2645 1748 domine,
2682 1689 2820 1736 non

269 1771 675 1829 cunctanter
703 1759 774 1827 in
809 1780 958 1827 eam
995 1780 1232 1827 curam
1286 1755 1834 1827 incumbendum
1888 1754 2060 1823 mihi
2089 1769 2214 1836 est,
2247 1768 2324 1825 ut
2351 1778 2391 1824 a
2431 1756 2824 1825 Christiana

271 1847 606 1939 religione
657 1847 974 1917 homines
1022 1846 1444 1928 abstraham‚
1509 1858 1575 1915 et
1622 1858 1781 1914 tuae
1828 1843 2214 1934 adjungam
2266 1844 2624 1925 voluntati,
2678 1867 2821 1932 quo

272 1950 392 2006 tua
489 1958 601 2006 ars
644 1935 762 2005 fiat
801 1936 1105 2005 auctior:
1158 1957 1241 2004 en
1295 1935 1490 2005 mitto
1538 1933 1622 2002 ad
1675 1947 1739 2003 te
1788 1933 1997 2013 hunc,
2052 1932 2171 2020 qui
2225 1945 2618 2023 praesentes
2667 1956 2822 2024 per-

271 2026 400 2093 fert
462 2027 686 2104 iteraS,
741 2024 1009 2114 puellae
1056 2023 1434 2113 cupiditate
1491 2023 2028 2102 inflammatum,
2067 2034 2361 2112 petoque
2399 2034 2475 2091 ut
2524 2023 2725 2092 liceat
2759 2024 2867 2092 ei.

271 2115 562 2205 adipisci
610 2113 792 2199 quod
828 2114 1109 2203 appetit,
1167 2125 1244 2183 ut
1274 2125 1339 2182 et
1387 2114 1456 2181 in
1508 2111 1626 2181 illo
1724 2110 1952 2190 lorier,
2006 2123 2071 2180 et
2117 2133 2277 2179 cum
2314 2111 2532 2180 multa
2567 2111 2819 2181 alacri-

276 2215 408 2273 tate
437 2224 870 2293 congregem,
923 2202 1118 2283 alioS,
1174 2203 1294 2288 qui
1342 2202 1607 2292 placeat
1641 2201 1691 2270 ti
1745 2200 1789 2269 i.
1830 2199 2271 2286 'tradensque
2322 2200 2386 2269 ei
2424 2199 2813 2290 epistolam,

277 2291 410 2360 ait:
454 2292 606 2372 Abi„
651 2303 716 2362 et
765 2289 883 2360 tali
915 2291 1152 2366 ⁸noctis
1198 2290 1369 2359 bora
1405 2290 1704 2360 consiste
1759 2310 1969 2379 super
2010 2288 2313 2358 hominis
2371 2287 2630 2358 ethnici
2673 2311 2819 2358 mo-

277 2393 712 2460 numentum,
765 2379 1212 2465 chartamque
1254 2380 1321 2448 in
1371 2383 1528 2448 aera
1564 2378 1888 2448 sustolle:
1928 2376 2359 2463 aderuntque
2391 2377 2513 2463 qui
2565 2389 2627 2445 te
2663 2399 2819 2466 per-

272 2468 532 2539 ducant
581 2468 668 2538 ad
701 2467 1084 2540 diabolum.
1123 2467 1246 2538 Ille
1279 2468 1588 2538 hilariter
1612 2467 1811 2555 jussa
1842 2487 2235 2558 capessenS,
2262 2465 2534 2537 sublata
2569 2466 2823 2536 misera

276 2580 461 2638 voce,
513 2557 906 2649 imploravit
937 2557 1294 2627 daemonis
1333 2579 1561 2648 opem.
1614 2562 1763 2625 Mox
1812 2578 1970 2626 vero
2018 2556 2273 2624 adsunt
2315 2555 2667 2645 principes
2699 2577 2823 2645 po-

273 2647 532 2716 testatis
579 2647 1044 2728 tenebrarum,
1089 2646 1421 2736 spiritalis
1473 2645 1838 2732 nequitiae,
1877 2656 1942 2714 et
1994 2643 2395 2714 laetabundi
2430 2644 2823 2734 apprehen-

269 2757 425 2805 sum
479 2735 725 2806 misere
771 2748 1137 2817 errantem,
1191 2735 1276 2803 ad
1326 2733 1588 2803 diaboli
1634 2755 1802 2803 cons
1855 2745 2084 2803 ectum
2139 2732 2550 2822 perducunt,
2629 2754 2823 2802 mon-

272 2837 630 2910 strantque
677 2845 834 2893 eum
872 2823 976 2892 illi
1024 2824 1094 2891 in
1131 2823 1416 2893 sublimi
1449 2823 1694 2893 throno
1721 2844 1791 2892 se
1843 2834 2096 2903 entem,
2136 2820 2468 2890 vallatum
2511 2821 2826 2909 undique

272 2913 495 2983 turbis
542 2912 1007 3002 malignorum
1050 2913 1447 3001 spirituum.
1479 2911 1837 3001 Accipiens
1876 2923 2104 2980 autem
2137 2910 2251 2979 ille
2284 2910 2518 2979 literas
2548 2933 2588 2979 a
2620 2932 2825 2998 mago

271 3001 546 3081 missas,
581 3001 753 3070 dixit
786 3001 871 3070 ad
925 3001 1294 3070 miserum:
1351 3001 1586 3070 Credis
1619 2999 1688 3068 in
1726 3004 1876 3069 me?
1906 3004 1982 3069 At
2009 2997 2146 3079 ille,
2188 2998 2425 3079 Cred0,
2463 3000 2714 3086 inquit.
2747 3003 2827 3069 Et

275 3089 582 3179 abnegas
614 3090 955 3160 Christum
1000 3093 1244 3159 tuum?
1272 3089 1687 3180 Respondit:
1739 3089 2039 3178 Abnego.
2086 3093 2254 3157 Tum
2287 3087 2630 3168 diabolus,
2667 3093 2827 3157 Per-

273 3178 423 3261 fidi,
478 3178 596 3259 ait,
648 3180 837 3260 estis,
877 3199 996 3248 vos
1030 3177 1438 3248 Christiani:
1483 3181 1605 3265 qui
1643 3200 1805 3248 cum
1858 3199 2011 3246 mea
2058 3176 2385 3267 indigetis
2431 3180 2663 3268 opera,
2718 3197 2827 3245 ve-

279 3268 445 3336 nitis
483 3267 567 3336 ad
621 3290 770 3338 me:
829 3266 950 3337 ubi
1009 3280 1265 3349 autem,
1325 3268 1508 3354 quod
1562 3266 1812 3348 vultis,
1865 3267 2165 3336 assecuti
2202 3267 2411 3348 estiS,
2468 3266 2828 3356 abnegatis

275 3378 411 3428 me.
464 3370 529 3425 et
569 3357 807 3426 reditis
855 3355 940 3424 ad
992 3355 1334 3426 Christum
1387 3370 1718 3437 vestrum,
1757 3355 2067 3442 quicum
2106 3355 2193 3424 sit
2217 3353 2566 3444 benignus
2599 3354 2826 3424 etele-

275 3445 776 3528 mentissimuS‚
805 3445 1048 3535 recipit
1070 3467 1210 3514 vos.
1243 3444 1366 3513 Sed
1393 3467 1610 3514 manu
1637 3457 1754 3513 tua
1779 3443 2073 3533 scriptas
2096 3443 2266 3512 mihi
2293 3442 2538 3512 exhibe
2561 3442 2816 3523 literaS,

273 3534 533 3621 quibus
581 3535 846 3605 Christo
896 3547 1013 3604 tuo
1051 3546 1117 3603 et
1164 3532 1561 3624 baptismati
1607 3531 1793 3602 ultro
1840 3532 2231 3613 renuncieS,
2288 3544 2551 3619 meque·
2582 3543 2828 3621 sponte

271 3623 344 3691 in
381 3635 735 3694 aeternum
765 3622 1173 3714 profitearis,
1212 3635 1278 3692 et
1322 3622 1504 3709 quod
1540 3622 1608 3691 in
1651 3621 1763 3690 die
1793 3620 2047 3711 judicii
2080 3633 2520 3710 praeparatas
2570 3641 2827 3709 poenas

271 3712 730 3802 sempiternas
791 3734 1061 3782 mecum
1112 3710 1334 3782 libens
1382 3711 1478 3780 sis
1525 3708 1922 3780 subiturus:
1978 3721 2042 3778 et
2093 3709 2190 3779 ita
2251 3709 2613 3780 confestim
2679 3707 2828 3778 effi-

272 3800 454 3869 ciam
492 3813 555 3870 te
587 3801 686 3871 rei
714 3813 984 3892 optatae
1031 3811 1444 3890 compotem.
1481 3799 1769 3890 Scripsit
1809 3798 1926 3867 ille
1960 3797 2241 3888 propria
2290 3820 2529 3880 manu,
2562 3809 2638 3866 ut
2685 3809 2833 3867 erat

273 3888 687 3979 postulatus
741 3895 872 3960 Nec
905 3912 1124 3969 mora,
1183 3889 1576 3958 animarum
1613 3899 1978 3979 corruptor
2024 3885 2232 3957 draco
2281 3899 2656 3967 tortuosuS,
2698 3886 2832 3956 mi-

270 3978 361 4046 sit
419 3976 895 4050 fornicationis
957 3979 1351 4057 daemones,
1402 3991 1482 4048 ut
1530 3976 1801 4069 puellae
1870 3974 2189 4045 animum
2242 3975 2524 4065 juvenis
2597 3996 2832 4046 amore

267 4066 744 4138 accenderent.
800 4067 927 4137 Illa
958 4088 1289 4139 corruens
1338 4066 1407 4136 in
1458 4080 1738 4146 terram,
1769 4066 1996 4156 coepit
2034 4065 2144 4147 his
2195 4065 2481 4135 vocibus
2529 4086 2679 4134 com
2736 4064 2832 4133 el-

269 4155 413 4224 lare
443 4169 706 4245 patrem
738 4180 752 4224 :
786 4156 1125 4237 Miserere,
1159 4156 1488 4225 miserere
1517 4155 1649 4224 mei
1689 4166 1902 4245 pater,
1939 4153 2109 4245 quia
2141 4153 2289 4223 dire
2335 4154 2609 4225 crucior
2637 4152 2684 4221 il
2721 4153 2830 4223 ius

267 4244 445 4313 servi
493 4265 747 4315 amore.
803 4246 1119 4316 Miserere
1166 4245 1511 4316 viscerum
1564 4256 1868 4323 tuorum,
1922 4242 2200 4331 declara
2248 4243 2321 4312 in
2382 4264 2492 4312 me
2539 4242 2827 4311 unicam

222 4330 228 4337 ’
271 4331 489 4403 filiam
524 4346 713 4403 tuam
765 4348 1133 4424 paternum
1169 4355 1500 4415 amorem,
1551 4345 1619 4433 et
1645 4334 1867 4422 junge
1916 4355 2027 4401 me
2074 4340 2290 4426 puero
2338 4331 2543 4421 cujus
2591 4350 2828 4399 amore

272 4420 503 4491 ardeo.
557 4422 750 4504 Quod
801 4423 861 4493 si
896 4423 959 4492 id
996 4422 1216 4493 facere
1263 4421 1467 4503 nolis,
1523 4420 1791 4491 videbis
1840 4442 1949 4490 me
1985 4434 2136 4512 post
2169 4418 2537 4511 paululum
2576 4415 2830 4490 acerba
