3357 4995
187 357 349 425 JUNII
392 362 430 425 2
682 377 1021 426 mansur.
1077 379 1168 426 ss.
1224 380 1337 426 un.
1393 379 1573 427 partu
1620 379 1697 426 m·
1744 376 2120 426 mancatum
2502 361 2585 426 67
2647 424 2658 437 ,

190 469 539 545 prosecutus
584 471 711 529 est.
764 459 1231 528 Processimus
1289 458 1451 527 inde
1505 458 1843 549 paulatim
1877 480 2037 528 cum
2080 460 2406 529 crucibus
2455 472 2520 529 et
2560 481 2674 529 ce-

188 545 304 626 reis,
334 547 690 629 laudanoes
724 546 996 616 Domini
1029 547 1601 629 misericordiam,
1643 569 1866 636 usque
1913 547 2000 616 ad
2049 549 2452 627 oratorium,
2484 548 2670 635 quod

184 647 289 703 erat
313 636 373 704 in
419 637 629 706 domo
663 647 898 706 nostra
933 635 1051 705 vili
1099 657 1304 726 opere
1343 648 1848 717 constructum,
1901 636 2102 723 eique
2146 636 2312 724 quia
2350 636 2539 706 aliud
2576 637 2672 707 ibi

183 744 286 793 non
327 725 728 805 habebatur,
784 722 939 795 illas
971 746 1202 794 sacras
1251 725 1581 812 reliquias
1631 722 2021 796 intulimus,

242 814 272 899 ἓ
311 820 399 888 8.
452 819 534 882 In
586 812 708 883 illa
751 815 1397 907 veroprocessione
1442 824 1700 897 nostra,
1738 835 1947 901 quam
1999 812 2084 883 de
2131 812 2419 882 basilica
2453 836 2675 901 usque

173 899 235 968 ad
276 903 645 972 oratorium
699 914 1013 973 nostrum
1063 924 1190 973 nos
1224 903 1484 973 ‘fecisse
1530 902 1697 984 dixi,
1738 901 1907 991 quid
1949 901 2271 972 miraculi
2320 902 2669 986 acciderit,

170 1010 376 1060 censeo
406 1012 544 1061 non
585 1012 738 1061 esse
776 990 1169 1061 tacendum.
1208 991 1737 1089 Egredieqtibus
1775 991 1963 1061 enim
1990 990 2189 1060 nobis
2223 990 2308 1059 de
2347 992 2661 1072 ecclesia,

168 1075 549 1168 laudemque
598 1080 889 1149 Domino
951 1084 1084 1150 Deo
1148 1093 1380 1151 nostro
1427 1081 1694 1151 excelsa
1762 1102 1924 1150 voce
1979 1079 2429 1160 canentibus,
2485 1091 2674 1151 tanta

167 1167 249 1235 vis
305 1168 698 1239 suavissimi
746 1168 976 1239 odoris
1040 1191 1190 1239 eam
1252 1180 1516 1260 partem
1566 1170 1700 1239 vici
1755 1168 2112 1257 Aquensis,
2151 1168 2184 1203 ’⁴
2211 1189 2387 1254 quae
2435 1168 2521 1238 ab
2569 1191 2679 1239 ec-

164 1255 346 1326 clesia
398 1256 483 1327 ad
536 1256 971 1327 Occidentem
1010 1258 1313 1348 respicit,
1370 1271 1575 1329 totam
1617 1257 1952 1349 implevit,
2004 1269 2082 1328 ut
2130 1256 2250 1326 illa
2297 1255 2678 1348 fragrantia

166 1364 314 1430 pene
362 1367 605 1415 omnes
652 1344 959 1435 ejusdem
1013 1348 1230 1437 partis
1290 1347 1732 1429 habitatoreS,
1804 1348 2104 1433 itemque
2163 1346 2495 1427 universi,
2553 1348 2676 1434 qui

164 1453 270 1520 pro
326 1432 752 1521 quibuslibet
810 1436 1040 1505 causis
1089 1447 1291 1523 atque
1355 1437 1648 1527 negotiis
1718 1435 1958 1506 eadem
2018 1436 2090 1503 in
2141 1448 2332 1525 parte
2400 1434 2674 1505 fuerant

161 1522 510 1603 constituti,
553 1523 651 1591 ita
681 1522 1015 1595 divinitus
1059 1538 1680 1605 commoverentur,
1734 1537 1810 1595 ut
1858 1524 2136 1595 omissis
2182 1545 2359 1610 quae
2407 1525 2478 1592 in
2535 1547 2679 1594 ma-

162 1610 357 1680 nibu's‘
388 1611 826 1681 habebantur
870 1613 1221 1703 operibuS‚
1274 1614 1510 1684 cuncti
1557 1636 1771 1684 cursu
1820 1613 2264 1703 rapidissimo
2315 1613 2539 1702 primo
2587 1614 2675 1682 ad

158 1699 517 1781 ecclesiam,
572 1699 823 1769 deinde
861 1702 1062 1788 quasi
1110 1723 1229 1792 per
1276 1702 1641 1793 vestigium
1677 1702 1764 1772 ad
1805 1702 2179 1771 oratorium
2224 1715 2562 1781 nostrum,
2599 1704 2672 1770 in

158 1787 319 1872 quod
366 1788 521 1859 illas
580 1788 731 1858 Reli
781 1790 935 1859 uias
989 1789 1214 1859 illatas
1262 1813 1409 1860 esse
1464 1791 1851 1874 audierant,
1898 1811 2338 1880 summopere
2395 1790 2676 1861 festina-

158 1888 310 1945 rent.
376 1877 474 1946 Fit
521 1879 738 1947 immo
793 1878 943 1948 icus
1010 1879 1189 1950 intra
1234 1894 1424 1970 septa
1472 1892 1706 1950 nostra
1770 1878 2141 1949 exultantis
2191 1877 2399 1948 simul
2461 1892 2666 1965 atque

158 1964 541 2037 admirantis
591 1967 834 2067 populi
898 1989 1319 2038 concursus:
1373 1981 1436 2038 et
1484 1990 1643 2037 cum
1697 1989 1950 2058 magna
2009 1988 2171 2067 pars
2226 1989 2499 2048 eorum,
2603 1969 2676 2037 ui

157 2054 629 2136 confluxerant,
684 2055 756 2124 1d
795 2055 978 2143 quod
1029 2079 1066 2125 a
1118 2056 1360 2126 ebatur
1403 2056 1727 2145 quodque
1781 2067 1958 2126 esset
2006 2069 2374 2156 ignoraret,
2422 2078 2556 2146 gau
2616 2056 2677 2126 io

157 2153 360 2211 tamen
397 2157 461 2212 et
498 2143 919 2214 exultatione
965 2080 1229 2236 repleti,
1269 2146 1388 2215 Dei
1415 2145 1906 2237 omnipotentis
1956 2144 2502 2214 misericordiam
2539 2144 2678 2213 col-

156 2226 533 2302 laudabant.
589 2237 956 2321 Postquam
1006 2246 1236 2304 autem
1283 2234 1468 2305 fama
1514 2234 1983 2305 crebrescente
2049 2232 2477 2323 divulgatum
2534 2246 2671 2315 est,

154 2318 463 2407 reliquias
498 2326 565 2391 S.
609 2321 986 2392 Marcellini
1022 2323 1345 2413 martyris
1400 2324 1471 2393 in
1524 2345 1682 2393 eum
1737 2323 1965 2393 locum
2015 2344 2164 2393 esse
2212 2322 2495 2404 delatas,
2537 2344 2674 2391 non

156 2406 362 2478 solum
397 2409 484 2479 de
530 2408 771 2479 eodem
804 2411 952 2481 vico
985 2412 1306 2497 Aquensi,
1345 2425 1410 2481 et
1431 2410 1676 2483 vicinis
1705 2423 1910 2501 atque
1957 2410 2435 2501 adjacentibus
2463 2411 2670 2493 villis,

155 2517 371 2566 verum
420 2499 628 2569 etiam
691 2499 777 2569 de
843 2500 1448 2591 longinquioribus
1508 2501 1680 2572 locis
1726 2524 1806 2571 ac
1857 2501 2053 2590 pagis
2123 2499 2291 2569 adeo
2349 2499 2673 2587 frequens

154 2597 340 2672 atque
386 2588 714 2657 immanis
764 2588 1137 2660 multitudo
1193 2602 1607 2681 congregata
1653 2603 1777 2670 est,
1841 2600 1918 2659 ut
1981 2589 2182 2658 nobis
2230 2589 2314 2657 ad
2365 2588 2669 2658 officium

156 2673 215 2742 in
262 2675 493 2745 eodem
532 2678 830 2747 oratorio
873 2678 1389 2760 celebrandum,
1441 2690 1721 2769 propter
1775 2676 2197 2768 vespertinas
2232 2676 2438 2747 horas
2472 2688 2676 2764 atque

156 2774 536 2847 τωρωι-1135,
581 2765 770 2835 haud
819 2764 1043 2836 facilis
1140 2769 1348 2837 ateret
1379 2768 1721 2837 introitus.
1791 2765 2329 2840 Adducebantur.
2369 2765 2680 2852 undique

156 2849 418 2951 debileS,
455 2867 521 2923 et
558 2854 768 2925 variis
816 2855 1038 2926 affecti
1114 2856 1540 2947 anguoribus
1573 2856 1755 2926 circa
1798 2854 2078 2925 oratorii
2126 2854 2420 2956 parietes
2453 2877 2492 2923 a
2523 2876 2679 2945 pro—

156 2942 435 3036 pinquis·
465 2943 616 3013 suis
663 2955 869 3031 atque
923 2944 1168 3015 amicis
1215 2945 1663 3014 collocantur.
1719 2943 1995 3014 Videres
2058 2943 2156 3012 ibi
2205 2965 2380 3034 pene
2440 2944 2676 3013 omnia

160 3027 617 3101 infirmitatum
651 3053 903 3122 genera
950 3055 1072 3123 per
1118 3033 1436 3103 virtutem
1471 3032 1720 3102 Christi
1762 3033 2057 3113 Domini,
2095 3045 2161 3101 et
2194 3054 2316 3123 per
2350 3033 2675 3101 meritum

158 3115 516 3190 beatissimi
552 3122 878 3209 martyris
926 3121 995 3190 in
1045 3123 1236 3191 omni
1284 3145 1451 3192 sexu
1480 3131 1549 3191 et'
1592 3133 1808 3192 aetate
1854 3122 2109 3191 curari.
2166 3121 2396 3220 Caefis
2447 3122 2671 3201 visus,

157 3204 404 3278 claudis
450 3209 790 3291 incessuS,
844 3209 1076 3280 surdis
1105 3210 1407 3293 audituS,
1461 3211 1674 3281 mutis
1721 3231 1945 3282 sermo
1993 3209 2346 3280 redditur:
2402 3209 2680 3301 paraly-

160 3293 262 3363 tici
308 3297 504 3366 etiam
538 3310 605 3366 et
632 3298 753 3385 qui
786 3299 994 3369 totius
1043 3299 1350 3389 corporis
1395 3300 1659 3372 viribus
1699 3299 2033 3380 destituti,
2074 3298 2320 3369 alienis
2341 3299 2681 3384 ,manibus

161 3387 479 3541 &portati
528 3399 713 3468 sunt,
771 3388 1064 3458 sanitate
1110 3402 1403 3479 recepta,
1460 3390 1760 3480 propriis
1808 3387 2103 3480 pedibus
2151 3388 2238 3457 ad
2288 3409 2413 3459 sua
2461 3409 2681 3457 rever-

260 3487 478 3544 antur.

232 3563 268 3647 ξ
310 3565 383 3632 ¹2.
435 3568 617 3633 Haec
656 3563 778 3633 ubi
825 3564 912 3633 ad
962 3566 1188 3656 regias
1235 3587 1438 3636 aures
1485 3566 1814 3637 relatione
1853 3563 2160 3636 Hildoini
2194 3563 2453 3655 perlata
2484 3575 2672 3646 sunt,

160 3651 375 3721 statuit
419 3651 670 3743 prim0,
725 3663 803 3723 ut
849 3652 935 3722 ad
976 3653 1314 3744 palatium
1365 3676 1743 3745 regressus,
1797 3654 2174 3725 oratorium
2239 3665 2553 3724 nostrum
2604 3655 2677 3721 in

159 3755 281 3888 quo
324 3739 484 3810 haec
532 3740 812 3820 fiebant,
866 3754 1241 3831 martyrem
1289 3743 1823 3813 venerabundus
1870 3742 2243 3813 accederet:
2299 3742 2417 3811 sed
2475 3764 2559 3811 ne
2609 3742 2678 3811 id

182 3840 403 3909 aceret,
446 3830 687 3900 eodem
737 3828 1059 3900 Hildoino
1108 3844 1517 3921 suggerente
1602 3830 1968 3913 rohibituS,
2022 3831 2108 3900 ad
2167 3830 2501 3920 maj0rem
2552 3831 2680 3900 ba-

160 3912 401 4013 silicam
450 3918 777 4005 reliquias
823 3918 1075 3989 deferri
1110 3920 1495 4020 praecepit:
1531 3855 1768 4007 ibique
1801 3920 2084 4002 delatas,
2122 3920 2375 3990 humili
2409 3920 2683 4009 suppli-

163 4015 402 4076 catione
447 4018 805 4076 veneratus
854 4019 995 4080 est:
1049 4007 1549 4096 celebratlsque
1577 4010 1961 4079 0Missarum
2017 4008 2396 4090 solemniiS,
2433 4007 2682 4079 obtulit

164 4085 357 4163 beatis
400 4096 816 4185 martyribus
866 4096 1261 4168 Marcellino
1308 4110 1373 4167 et
1421 4104 1611 4167 Petro
1671 4097 2039 4184 quoddam*
2072 4097 2530 4187 praediolum,
2587 4098 2678 4168 si-

168 4185 293 4275 tum
307 4182 493 4270 juxta
524 4184 814 4256 fluvium
845 4190 1072 4269 Aram,
1111 4186 1447 4257 vocabulo
1482 4185 2022 4277 Ludolvestropf.
2060 4185 2319 4256 Obtulit
2347 4200 2412 4256 et
2436 4187 2679 4276 regina

170 4283 261 4334 em
357 4271 491 4340 lum
544 4294 775 4355 suum,
829 4296 908 4344 ex
956 4296 1125 4345 auro
1164 4288 1230 4346 et
1262 4276 1557 4366 gemmis
1600 4274 1886 4356 sactum,
1928 4297 2226 4366 pensans
2263 4274 2475 4346 libras
2507 4288 2669 4343 tres.

328 4380 406 4429 us
462 4361 790 4451 expletis,
862 4363 1115 4435 relatae
1183 4376 1343 4434 sunt
1410 4363 1763 4452 Reliquiae
1820 4364 1907 4434 ad
1975 4364 2202 4434 locum
2273 4384 2477 4436 suum
2511 4417 2529 4440 ‚
2605 4364 2674 4429 in

216 4481 241 4508 ⁸
261 4483 572 4538 lampenae.
