3357 4995
631 293 761 359 266
1259 251 1262 254 ’
1944 297 1945 300 ‘
2748 295 2973 367 amn
3024 298 3109 406 aa

1046 536 1290 638 VITA
1353 536 1435 637 S.
1505 535 2018 640 HONUFRll
2078 536 2606 639 EREMlTAE

1371 796 1471 861 ET
1521 796 1890 863 ALIORUM
1942 797 2270 863 PATRUM
2354 805 2373 830 ³·

546 1045 706 1103 QUOS
744 1045 864 1095 EGO
907 1044 1305 1093 PAPHNUTIUS
1346 1044 1787 1103 ANACHORETA,
1849 1046 1951 1093 DEI
2009 1041 2452 1104 PnovlnENTIA,
2514 1046 2593 1092 UT
2644 1044 3096 1096 COGNOSOEREH

629 1151 859 1201 DIGNUS
907 1152 1015 1200 rm
1063 1152 1357 1211 HABITUS,
1411 1151 1487 1198 ΕΤ
1534 1131 1795 1208 QUORUM
1816 1151 2026 1201 Ammo
2060 1153 2183 1200 Pus
2225 1151 2303 1200 Ac
2336 1151 2685 1200 RELIGIOSIS
2736 1152 3090 1201 FRATRIBUS

637 1259 932 1308 NARRARE
981 1256 1345 1306 HISTORIAM.
1399 1274 1489 1286 -
1535 1259 1828 1305 HABETUR
1875 1259 1940 1306 IN
1990 1258 2261 1306 sluEONE
2310 1221 2781 1306 METAPH‘RASTE'.

1535 1420 1722 1476 mor.
1771 1420 1959 1481 saec.
2003 1420 2122 1477 IV.
2174 1375 2177 1378 ⁵

631 1638 670 1725 ἓ
715 1643 794 1708 1.
846 1636 1157 1719 Quodam
1209 1635 1321 1706 die
1368 1636 1681 1708 studium
1731 1636 2046 1718 adhibui,
2092 1648 2171 1708 ut
2225 1637 2295 1705 in
2337 1638 2728 1708 interiorem
2782 1640 3100 1709 venirem
3207 1678 3213 1683 ·

545 1724 1016 1805 solitudinem,
1053 1737 1119 1795 et
1157 1725 1459 1795 viderem
1490 1746 1577 1796 an
1610 1738 1789 1796 esset
1834 1723 2026 1796 ullus
2073 1725 2254 1795 alius
2287 1725 2494 1795 frater
2524 1727 2934 1808 monachuS‚
2970 1729 3095 1815 qui

545 1814 838 1884 interius
866 1836 1018 1884 meo
1049 1815 1330 1885 serviret
1377 1814 1690 1884 Domin0.
1722 1819 2025 1902 Cumque
2058 1814 2536 1896 surrexissem,
2570 1815 2915 1905 profectus
2938 1840 3098 1887 sum

544 1902 673 1973 iter
722 1915 1022 1990 quatuor
1068 1902 1340 1973 dierum
1391 1902 1459 1972 in
1513 1904 1909 1974 interiorem
1959 1902 2625 1984 solitudinemtlicet
2673 1926 2798 1973 nec
2846 1925 3099 1995 panem

545 1992 820 2063 interim
868 1992 1349 2072 comedissem,
1391 2013 1612 2079 neque
1658 1993 1897 2061 vinum
1955 2004 2074 2062 aut
2124 2014 2379 2080 aquam
2429 1992 2784 2062 bibissem.
2842 1999 3098 2076 Quarto

544 2092 773 2156 autern
824 2080 959 2162 die,
1013 2102 1173 2150 cum
1209 2080 1671 2171 pervenissem
1723 2080 1810 2150 ad
1864 2093 2143 2151 antrum
2193 2081 2605 2162 venerabile,
2647 2083 2873 2151 mansi
2923 2084 3097 2153 hora

541 2191 686 2240 una
742 2168 1031 2259 pulsans
1077 2169 1360 2251 ostium,
1407 2190 1695 2260 sperans
1744 2169 1907 2250 fore,
1961 2184 2038 2239 ut
2080 2191 2203 2259 pro
2259 2191 2448 2240 more
2481 2170 2922 2260 egrederetur
2966 2172 3097 2241 ali-

542 2260 701 2346 quis
748 2280 830 2328 ex
878 2256 1232 2340 fratribus,
1288 2269 1355 2328 et
1400 2279 1514 2328 mo
1558 2259 1708 2348 ipse
1755 2257 2105 2328 salutaret.
2163 2264 2329 2329 Cum
2364 2279 2521 2328 vero
2563 2259 2975 2349 pulsassem,
3027 2271 3094 2330 et

541 2369 746 2417 nemo
786 2346 1275 2438 respondisset,
1312 2347 1555 2437 aperui
1602 2347 1883 2427 ostium,
1918 2358 1984 2416 et
2013 2348 2368 2437 ingressus
2395 2369 2551 2417 sum
2601 2347 2936 2430 clamanS,
2973 2354 3097 2420 Be-

541 2436 768 2506 nedic.
800 2440 1111 2525 Cumque
1136 2435 1464 2508 vidissem
1489 2436 1863 2525 quemdam
1894 2436 2268 2519 sedentem,
2297 2436 2484 2527 tetigi
2511 2437 2662 2528 ejus
2690 2437 3088 2508 humerum:

540 2524 810 2613 fuitque
863 2539 1193 2613 tanquam
1245 2524 1411 2595 lanu
1463 2546 1525 2594 o.
1574 2531 1880 2614 Cumque
1935 2524 2280 2614 reliquum
2316 2526 2625 2615 corporis
2673 2539 3091 2597 contrectas-

541 2637 712 2695 sem,
768 2616 1000 2684 inveni
1033 2635 1193 2684 eum
1229 2615 1378 2704 jam
1411 2547 1619 2705 {ingo
1650 2626 1956 2714 tempore
1988 2625 2365 2686 mortuum.
2402 2614 2556 2683 Vidi
2587 2636 2743 2685 vero
2779 2616 3091 2708 pendens

537 2724 817 2791 quoque
862 2703 1237 2774 colobium.
1292 2707 1602 2860 Cumgue
1647 2702 1874 2793 ego-id
1925 2703 2325 2803 tetigissem,
2365 2704 2579 2773 evasit
2610 2726 2746 2774 non
2780 2727 2981 2775 secus
3007 2727 3090 2775 ac

540 2792 774 2882 pulvis
823 2793 894 2861 in
934 2813 1150 2862 manu
1180 2813 1357 2873 mea,
1416 2815 1456 2862 a
1516 2813 1595 2861 eo
1641 2806 1719 2861 ut
1765 2813 1891 2882 ego
1925 2803 2152 2862 statlrn
2203 2812 2315 2861 me
2366 2806 2545 2862 veste
2581 2794 2858 2883 propria
2888 2815 3097 2863 exue-

537 2882 699 2962 rim,
747 2892 813 2950 et
859 2880 1117 2950 mortui
1173 2902 1290 2950 cor
1342 2903 1427 2950 us
1475 2882 1915 2971 contexerim‚
1973 2891 2429 2972 promptoque
2476 2895 2542 2951 et
2597 2883 2809 2952 alacri
2856 2882 3094 2953 animo

538 2970 843 3060 propriis
878 2969 1208 3039 manibus
1254 2991 1291 3039 e
1344 2991 1502 3039 ossa
1538 2972 1717 3039 terra
1747 2991 2057 3052 arenosa,
2093 2970 2245 3061 eJus
2285 2969 2720 3060 deposuerim
2763 2969 3095 3058 reliquias

537 3080 698 3127 cum
752 3057 1077 3147 precibus
1110 3069 1177 3127 et
1216 3057 1458 3128 multis
1506 3056 1855 3147 lacrymis

623 3148 660 3233 ξ
712 3151 801 3218 2.
858 3144 1062 3215 Illinc
1087 3157 1318 3216 autem
1355 3167 1702 3236 egressuS,
1743 3147 2091 3237 profectus
2140 3169 2299 3217 sum
2332 3147 2418 3217 ad
2470 3148 2829 3237 interiores
2864 3160 3097 3239 partes

539 3233 962 3305 solitudinis.
1019 3235 1303 3304 Invenio
1356 3245 1586 3305 autem
1636 3236 1709 3303 in
1760 3234 1975 3305 altera
2009 3234 2343 3325 spelunca
2381 3236 2592 3306 veluti
2632 3238 2922 3328 vestigia
2968 3238 3094 3307 ho-

538 3323 774 3391 miniS.
830 3326 1139 3410 Cumque
1190 3324 1667 3413 cognovissem
1728 3323 2033 3411 aliquem
2069 3324 2138 3393 in
2189 3347 2270 3394 ea
2301 3325 2638 3406 habitare,
2695 3326 2792 3394 fui
2843 3348 3092 3416 parum

537 3412 774 3482 animo
823 3423 1234 3481 commotus.
1282 3416 1448 3481 Cum
1502 3424 1733 3482 autem
1783 3412 2197 3503 pulsassem,
2251 3426 2317 3483 et
2365 3413 2629 3483 nullam
2685 3436 2915 3485 vocem
2967 3436 3092 3485 au-

532 3500 844 3585 diissem,
903 3499 1264 3590 ingressus
1312 3522 1468 3573 sum
1520 3501 1588 3569 in
1641 3500 1954 3571 eamdem
1999 3502 2429 3589 speluncam.
2462 3507 2770 3591 Cumque
2804 3503 3089 3574 nullum

523 3588 976 3669 invenissem,
1023 3611 1181 3659 sum
1232 3608 1580 3680 egressus,
1618 3602 1951 3679 reputans
1983 3611 2262 3661 servum
2317 3591 2436 3661 Dei
2483 3590 2628 3660 illic
2678 3591 2962 3662 solitum
3011 3612 3086 3661 se

525 3698 864 3747 exercere.
919 3682 1086 3747 Cum
1137 3690 1367 3749 autem
1417 3678 1836 3748 invenissem
1890 3679 2245 3770 propriam
2286 3680 2438 3771 ejus
2486 3679 2759 3763 cellam,
2823 3681 2894 3750 in
2946 3701 3088 3768 qua

527 3765 850 3837 similiter
898 3766 1138 3840 nullus
1166 3778 1334 3847 erat,
1376 3767 1804 3857 perseveravi
1855 3789 2136 3837 manere
2185 3768 2509 3850 totofdie,
2562 3771 2856 3859 cupiens
2905 3769 3093 3839 salu-

526 3865 672 3925 tare
712 3854 1090 3937 hominem,
1138 3868 1206 3925 et
1252 3856 1425 3927 citra
1472 3854 1693 3926 ullam
1725 3856 2316 3937 intermissionem
2348 3855 2590 3928 dicens
2619 3880 2699 3928 ex
2730 3858 3081 3949 psalterio,

528 3948 698 4013 Cum
761 3943 879 4013 ille
925 3955 1155 4015 autem
1202 3944 1353 4014 dies
1401 3944 1757 4025 finiretur,
1813 3944 1956 4014 vidi
2005 3966 2284 4036 gregem
2336 3945 2754 4017 bubalorum
2805 3947 3094 4017 venien-

527 4042 690 4113 tem,
728 4042 794 4103 et
823 4032 1105 4104 fratrem
1152 4031 1631 4104 ambulantem
1682 4033 1755 4101 in
1802 4032 2030 4103 medio
2078 4055 2344 4105 eorum.
2392 4039 2559 4105 Cum
2595 4056 2754 4105 vero
2786 4037 2836 4104 ii
2876 4057 3093 4127 prope

523 4142 639 4192 me
685 4122 1056 4204 venissent,
1113 4118 1316 4192 illum
1357 4120 1641 4209 quidem
1692 4120 1834 4191 vidi
1874 4121 2101 4192 virum
2150 4134 2333 4194 veste
2382 4123 2679 4205 nudum,
2746 4123 2911 4215 pilis
2958 4147 3092 4196 au-

526 4221 664 4281 tem
701 4223 953 4282 tectum
1003 4229 1313 4301 corpore.
1359 4210 1490 4293 Qui
1545 4232 1705 4280 cum
1766 4210 2189 4311 pervenisset
2236 4211 2309 4281 in
2357 4232 2518 4282 eum
2554 4213 2786 4283 locum
2822 4211 2895 4285 in
2946 4233 3091 4301 quo

526 4298 824 4382 stabam,
881 4313 947 4369 et
995 4321 1105 4370 me
1138 4309 1447 4390 putasset
1492 4320 1642 4371 esse
1692 4309 2040 4390 spiritum,
2080 4300 2337 4373 mansit
2368 4316 2600 4372 orans.
2656 4301 2848 4372 Multi
2897 4302 3091 4371 enim

523 4387 815 4477 spiritus
843 4387 1032 4481 inpiis
1080 4387 1252 4460 locis
1298 4409 1458 4459 eum
1494 4398 1862 4470 tentarant,
1907 4388 2498 4476 quemadmodum
2550 4388 2699 4480 ipse
2739 4400 3090 4480 postremo
