3357 4995
302 329 519 400 JUNII
571 333 655 396 ⁴6
1133 352 1213 397 nn
1259 351 1317 398 s.
1370 347 1699 398 Lurexnnss
1756 349 2012 398 vmenm
2630 335 2757 400 425

300 457 462 506 cum
523 434 640 504 ille
708 434 945 504 multis
992 433 1216 504 modis
1277 446 1454 506 esset
1506 434 1753 504 mundi
1802 435 2014 525 hujus
2062 435 2269 506 rebus
2305 447 2371 506 et
2419 436 2667 506 studiis
2716 438 2846 505 im-

351 524 600 594 licatus
647 533 711 592 et
765 523 1094 593 irretituS.
1150 523 1399 593 Eodem
1458 522 1596 593 fere
1638 534 1944 614 tempore
1993 522 2282 595 illustris
2337 525 2622 595 Ducissa
2683 531 2842 596 Bra-

299 547 598 692 Eantiaffi
654 611 797 681 filia
847 611 1147 702 Philippi
1186 613 1366 703 regis
1399 613 1746 693 Franciae‚
1781 612 1972 703 gravi
2000 624 2144 682 erat
2177 613 2415 684 affecta
2450 614 2712 683 morbo.
2753 621 2846 685 Ea

301 724 461 772 vero
524 724 604 771 ex
676 700 894 771 multo
944 701 1091 790 jam
1163 715 1465 792 tempore
1519 702 1796 771 amabat
1844 702 2296 792 Lutgardem,
2354 702 2841 790 mandavitque

305 793 392 871 ei,
431 801 508 860 ut
545 812 669 881 pro
710 812 783 859 se
844 790 1208 858 Dominum
1289 802 1577 879 rogaret.
1641 791 1821 859 Fecit
1867 790 1948 858 id
2009 791 2394 880 LutgardiS,
2470 805 2537 860 et
2597 813 2844 878 quam-

307 879 613 970 primum
663 877 1022 948 remandat
1067 877 1153 958 ei,
1199 891 1274 947 ut
1322 893 1648 966 tanquam
1700 902 1736 948 e
1775 879 1955 949 lecto
2002 880 2456 970 aegritudinis
2506 902 2670 949 suae
2711 882 2844 949 ini-

307 968 495 1038 nime
541 980 960 1048 surrectura,
1030 989 1151 1055 per
1195 966 1697 1037 confessionem
1750 981 2107 1058 praeparet
2155 991 2248 1048 se,
2301 982 2365 1038 et
2414 991 2573 1038 cum
2628 968 2845 1039 multa

303 1056 534 1127 cordis
555 1056 812 1125 fiducia
844 1056 1202 1124 Dominum
1237 1078 1310 1124 ex
1367 1069 1557 1126 ectet.
1599 1061 1742 1126 Non
1774 1056 1896 1127 diu
1919 1070 2071 1146 post
2101 1058 2385 1128 Ducissa
2410 1057 2835 1147 defungitur,

304 1168 386 1215 ac
422 1144 674 1214 deinde
723 1158 1007 1234 apparet
1055 1149 1308 1232 Lutgar
1363 1146 1404 1226 i,
1461 1145 1780 1214 indicans
1808 1147 1870 1214 ei
1901 1147 2302 1221 certissime,
2352 1158 2618 1234 praeter
2649 1168 2840 1236 spem

309 1235 397 1304 ab
438 1234 770 1304 omnibus
821 1233 1059 1323 poenis
1090 1234 1466 1323 purgatorii
1520 1234 1953 1304 beatissimae
2006 1234 2239 1303 Matris
2291 1236 2428 1315 Dei,
2484 1257 2694 1321 quam
2745 1236 2843 1303 vi-

303 1344 471 1392 vens
504 1323 675 1391 mire
703 1321 1053 1400 dilexerat,
1109 1323 1597 1393 intercessione
1632 1346 1703 1392 se
1739 1323 2117 1393 liberatam.
2161 1322 2347 1391 Idem
2385 1324 2671 1412 contigit
2699 1324 2844 1393 viro

305 1410 520 1481 nobili
557 1411 844 1481 Domino
884 1410 1270 1489 Godefrido,
1319 1411 1582 1481 domini
1610 1411 2341 1481 GodefridiCastellani
2384 1411 2843 1482 Bruxeliensis

306 1500 477 1581 filio,
530 1501 732 1591 cujus
769 1498 1059 1581 obitum,
1113 1512 1480 1586 antequam
1541 1500 1824 1570 aliunde
1871 1500 2191 1591 cognitus
2237 1512 2436 1578 esset,
2483 1501 2842 1591 Lutgardis

305 1589 664 1659 sororibus
713 1588 1055 1658 revelavit.

389 1680 425 1766 §
471 1682 629 1750 tu.
686 1677 963 1746 Inclusa
996 1678 1332 1764 quaedam
1386 1677 1470 1746 ad
1504 1677 1739 1747 aedem
1775 1684 1841 1747 S.
1881 1677 2231 1768 Stephani,
2289 1679 2356 1746 in
2390 1691 2605 1748 aetate
2649 1679 2842 1769 puel-

305 1766 435 1835 lari
484 1766 970 1835 molestissima
1001 1767 1368 1836 tentatione
1419 1780 1672 1846 vexata,
1727 1767 1966 1836 orabat
2009 1767 2442 1856 Lutgardem,
2479 1780 2556 1837 ut
2601 1768 2685 1837 ad
2717 1773 2842 1836 Do-

308 1856 576 1925 minum
604 1877 838 1945 preces
879 1877 1002 1946 pro
1037 1857 1186 1944 ipsa
1225 1854 1561 1924 funderet.
1604 1860 1770 1924 Cum
1808 1868 2032 1924 autem
2069 1878 2288 1944 genus
2338 1857 2734 1928 tentationis
2763 1879 2842 1925 ex

305 1944 461 2034 ipsa
510 1944 686 2014 scire
720 1943 917 2013 vellet
965 1944 1352 2031 Lutgardis‚
1391 1956 1454 2013 et
1482 1943 1599 2013 illa
1631 1944 1860 2013 dicere
1893 1957 2257 2024 vereretur,
2304 1945 2474 2014 dixit
2506 1946 2608 2013 ei:
2647 1947 2839 2028 Quod

302 2044 379 2103 tu
412 2032 764 2102 erubescis
798 2033 1086 2122 aperire,
1120 2033 1454 2102 Dominus
1495 2033 1664 2102 mihi
1696 2033 2060 2103 indicavit:
2095 2035 2545 2122 exposuitque
2575 2034 2840 2124 puellae

303 2142 449 2190 rem
499 2133 707 2190 totam
758 2143 964 2209 quam
1015 2144 1094 2191 ea
1150 2144 1234 2191 ne
1282 2122 1349 2190 in
1404 2120 1830 2191 confessione
1860 2122 2139 2209 quidem
2178 2122 2595 2212 presbyteris
2628 2123 2841 2213 expli-

301 2231 458 2278 care
485 2209 812 2279 voluerat.
858 2210 1107 2280 Deinde
1134 2211 1509 2281 adhortans
1535 2232 1684 2280 eam
1720 2210 1803 2280 ad
1843 2222 2276 2302 peccatorum
2306 2211 2832 2292 confessionem,

300 2310 367 2366 et
415 2318 686 2366 morum
738 2299 1255 2381 correctionem,
1309 2299 1479 2368 adeo
1526 2299 1816 2389 perfecte
1865 2312 2173 2368 sanatam
2216 2311 2280 2367 et
2329 2299 2545 2368 multa
2594 2322 2838 2368 conso-

302 2385 556 2454 latione
603 2387 913 2456 afl'ectam
955 2411 995 2457 a
1025 2410 1095 2457 se
1143 2388 1428 2468 dimisit,
1484 2400 1558 2457 ut
1609 2402 1842 2478 postea
1874 2410 2033 2457 cum
2068 2388 2325 2476 ingenti
2379 2388 2665 2476 spiritus
2695 2389 2839 2456 ala-

299 2474 540 2545 critate
569 2486 634 2545 et
672 2476 927 2567 gaudio
961 2477 1250 2546 Domino
1300 2476 1631 2547 servierit.
1694 2477 1879 2547 Idem
1934 2476 2070 2546 fere
2117 2476 2402 2566 contigit
2440 2476 2629 2546 fratri
2691 2481 2838 2546 We-

300 2563 444 2633 rico
511 2569 846 2636 Converso
912 2566 1253 2652 Aquiriae.
1330 2571 1556 2652 Neque
1610 2565 1680 2634 id
1732 2567 2013 2635 mirum.
2076 2565 2381 2634 Habebat
2430 2566 2548 2634 illa
2599 2588 2834 2636 secum

300 2655 715 2734 Dominum,
771 2655 973 2745 cujus
1040 2654 1224 2724 oculi
1272 2653 1639 2725 lucidiores
1689 2667 1851 2724 sunt
1899 2676 2108 2743 super
2157 2654 2378 2723 Solem
2411 2709 2425 2733 ,
2477 2653 2659 2741 quod
2730 2677 2839 2724 res

298 2764 595 2830 sequens
613 2743 816 2812 etiam
855 2743 1077 2833 magis
1104 2754 1420 2813 testatum
1457 2743 1726 2812 efficiet.
1761 2743 2143 2813 Admiserat
2170 2742 2453 2828 quidam
2480 2753 2835 2833 peccatum

300 2830 447 2901 loco
502 2831 959 2913 abditissimo,
1005 2846 1208 2918 atque
1243 2832 1308 2900 id
1361 2832 1696 2901 sacerdoti
1745 2831 2043 2902 revelare
2092 2832 2470 2901 verebatur.
2524 2837 2667 2902 Non
2717 2831 2838 2899 diu

302 2932 458 3009 post
486 2920 769 3007 quidam
810 2922 939 2992 sub
974 2920 1315 3011 peregrini
1351 2921 1575 3010 specie
1624 2921 1907 3011 rogabat
1945 2921 2168 3000 illum,
2198 2933 2275 2989 ut
2314 2942 2436 3010 pro
2464 2920 2836 2989 obtinenda

300 3009 498 3077 venia
554 3010 815 3099 peccati
860 3009 1075 3089 illius,
1127 3009 1308 3095 quod
1367 3010 1735 3100 praecipue
1784 3010 2015 3100 ipsum
2074 3020 2377 3099 angeret,
2432 3009 2564 3077 sibi
2632 3023 2840 3099 caput

300 3096 580 3167 lavaret.
636 3098 818 3168 Fecit
864 3097 1003 3179 ille,
1044 3110 1120 3167 ut
1166 3111 1310 3167 erat
1357 3120 1430 3167 ro
1482 3112 1658 3178 atus,
1714 3111 1780 3167 et
1833 3120 1989 3167 ecce
2037 3099 2107 3167 in
2155 3098 2404 3167 vertice
2444 3098 2634 3167 illius
2672 3121 2837 3167 ocu-

297 3186 447 3254 lum
497 3187 716 3256 cernit
758 3186 1294 3265 lucidissimum,
1329 3208 1447 3256 exc
1478 3201 1839 3274 amatque:
1884 3192 1935 3256 Ο
1984 3187 2361 3265 hominem,
2422 3199 2660 3256 contra
2714 3210 2836 3256 na-

296 3286 495 3344 turae
533 3296 792 3344 morem
845 3276 912 3343 in
963 3276 1209 3345 vertice
1242 3275 1616 3346 oculatum.
1672 3276 1848 3345 Dixit
1902 3289 2131 3345 autem
2199 3276 2649 3364 peregrinus:
2705 3277 2829 3345 Hic

297 3363 547 3433 oculus
596 3376 658 3432 te
693 3364 761 3433 in
797 3362 1199 3433 abscondito
1241 3379 1634 3452 peccantem
1678 3365 1867 3444 vidit,
1912 3386 2118 3451 quem
2162 3363 2354 3433 nulla
2389 3377 2679 3454 possunt
2727 3386 2834 3434 se-

292 3464 477 3521 creta
526 3451 756 3522 latere.
811 3453 932 3522 His
980 3452 1204 3533 dictis,
1244 3453 1330 3521 ab
1371 3453 1588 3524 oculis
1622 3454 2034 3523 admirantis
2063 3453 2361 3522 evanuit.

381 3542 419 3628 ξ
467 3545 624 3613 85.
681 3547 838 3610 Erat
886 3541 1140 3611 mirum
1193 3541 1261 3610 in
1314 3542 1594 3611 modum
1625 3542 1892 3611 solicita
1924 3540 2310 3630 Lutgardis,
2343 3553 2422 3610 ut
2468 3541 2600 3640 ipsi
2643 3553 2837 3610 notos

294 3629 684 3700 sacerdotes
732 3629 1152 3706 admoneret,
1188 3629 1370 3717 quod
1420 3631 1625 3700 etiam
1675 3653 1834 3700 cum
1882 3630 2098 3700 multa
2145 3628 2284 3698 oris
2332 3642 2551 3719 gratia
2598 3630 2837 3699 crebro

292 3717 608 3800 faciebat,
660 3729 739 3788 ut
793 3741 1070 3810 gregem
1135 3719 1306 3808 ipsis
1354 3719 1689 3789 creditum
1743 3719 1984 3789 sedulo
2033 3731 2376 3799 curarent,
2441 3731 2504 3786 et
2536 3718 2830 3797 animas,

293 3807 543 3877 Christi
609 3809 947 3898 sanguine
996 3808 1422 3896 redemptaS‚
1476 3830 1514 3876 a
1563 3808 1981 3877 daemonum
2042 3807 2363 3877 servitute
2441 3806 2830 3877 liberarent.

293 3899 431 3985 Ego
483 3907 752 3977 autem,
806 3896 963 3967 licet
1010 3896 1344 3986 indignus
1374 3952 1389 3976 ‚
1443 3917 1603 3966 cum
1652 3895 1738 3964 ad
1789 3895 2247 3966 sacerdotium
2305 3908 2520 3966 aetate
2558 3896 2835 3987 juvenis

293 3986 760 4066 accessissem,
813 4000 879 4055 et
927 3985 1224 4055 necdum
1275 3986 1492 4055 sancti
1545 3985 1885 4054 Dominici
1918 3984 2239 4055 Ordinem
2291 3984 2693 4075 complexus
2726 4007 2833 4054 es-

292 4091 485 4153 sem,
538 4073 609 4143 in
685 4074 1101 4174 recipiendis
1165 4072 1719 4143 confessionibus
1779 4074 2096 4165 cogebar,
2151 4073 2453 4143 indebite
2509 4085 2574 4143 et
2620 4095 2705 4142 su
2759 4095 2834 4142 ra

292 4159 491 4259 vires,
530 4163 849 4253 Episcopi
897 4164 1077 4233 vices
1114 4184 1337 4263 agere.
1393 4166 1700 4256 Cumque
1748 4183 1884 4232 non
1935 4163 2084 4232 sine
2127 4184 2381 4253 magna
2420 4162 2647 4233 cordis
2722 4185 2831 4231 or-

290 4247 554 4320 m1d1ne
602 4251 674 4320 id
721 4250 943 4322 facere
991 4272 1397 4343 coepissem,
1454 4272 1658 4320 aures
1721 4251 2076 4321 auditione
2116 4252 2577 4331 vexabantur,
2641 4250 2830 4320 intus

289 4358 449 4406 vero
498 4341 951 4411 tentationum
1010 4338 1273 4410 stimuli
1312 4338 1711 4411 existebant.
1775 4339 2152 4409 Immodico
2219 4340 2430 4430 igitur
2478 4340 2722 4409 timore
2767 4349 2833 4406 et

285 4425 572 4497 horrore
617 4442 1012 4520 correptus,
1066 4428 1479 4519 Lutgardem
1550 4441 1881 4516 tanquam
1941 4442 2232 4500 matrem
2280 4428 2485 4498 unice
2544 4428 2830 4523 charam
