3357 4995
670 318 794 384 ⁴42
1276 337 1353 383 na
1403 337 1457 383 s.
1512 336 1782 385 omnmo
1829 336 2027 385 muso.
2084 334 2418 384 msummo
2819 317 3038 383 JUNII
3090 318 3136 382 6

577 429 817 487 sancto
865 437 1150 506 corpore
1181 415 1284 485 vel
1324 430 1865 506 pernoctassent.
1902 415 2005 487 vel
2056 417 2344 485 meridie
2385 415 2702 496 fuissent,
2766 428 2993 504 postea
3026 437 3142 483 ec-

578 504 823 574 clesias
871 505 941 573 in
989 505 1141 595 ejus
1172 504 1504 575 honorem
1547 507 2027 576 aedificarunt.
2073 510 2311 592 ltaque
2340 526 2502 574 cum
2556 504 2677 574 tali
2734 504 3136 574 celebritate

526 624 541 636 ·
577 605 643 663 et
673 592 929 684 gaudio
977 593 1352 683 perductus
1384 607 1486 664 est
1520 595 1589 664 in
1629 595 1966 665 Fuldense
2000 594 2522 672 monasterium,
2561 593 2683 662 ubi
2713 592 2818 661 vir
2839 606 3140 663 ‘sanctus

578 702 783 772 saepe
818 694 1171 772 optaverat
1217 704 1290 752 se
1343 681 1523 764 eliri,
1583 697 1648 754 et
1694 697 1778 754 ut
1830 682 1900 752 id
1951 683 2164 764 fieret,
2222 704 2357 753 non
2406 681 2618 751 semel
2683 681 2880 752 heato
2931 680 3138 752 Lullo

577 770 963 841 mandarat.
998 776 1213 858 Atque
1242 770 1288 839 il
1322 792 1359 840 e
1408 793 1645 862 preces
1684 773 1837 862 ejus
1892 772 2115 843 modis
2175 772 2504 841 omnibus
2551 771 2793 857 exequi
2835 783 3136 841 conten-

575 858 770 940 denS,
805 880 885 928 ea
915 882 1055 948 qua
1103 881 1230 951 par
1257 872 1403 930 erat
1432 862 1870 932 veneratione
1903 883 2177 931 sacrum
2210 860 2494 948 quidem
2527 881 2781 949 corpus
2808 860 2965 949 ejus
2996 872 3138 928 ter-

576 968 693 1017 rae
742 948 1120 1030 mandavit,
1151 948 1459 1018 animam
1512 972 1666 1021 vero
1714 949 2129 1021 coelestibus
2155 948 2555 1019 sociandam
2584 947 2863 1038 gaudiis
2893 946 3140 1019 multis

577 1036 906 1126 precibus
951 1023 1486 1108 commendavit.

664 1127 701 1212 §
746 1129 895 1198 18.
948 1125 1043 1195 Ad
1075 1126 1226 1215 ejus
1263 1139 1495 1196 autem
1532 1127 1909 1206 tumulum,
1953 1149 2072 1217 per
2099 1126 2341 1195 merita
2377 1127 2530 1195 e‘us
2559 1125 2778 1195 multa
2807 1146 3132 1224 congrua

574 1213 710 1283 fide
758 1214 1149 1304 petentibus
1187 1214 1559 1305 obtingunt
1612 1215 1947 1286 beneficia
1994 1215 2360 1301 utriusque
2465 1214 2723 1284 ominis
2773 1214 3134 1284 interioris

572 1301 902 1389 quidem,
971 1302 1141 1372 dum
1193 1324 1479 1374 suorum
1540 1317 1980 1395 peccatorum
2039 1304 2308 1373 veniam
2358 1302 2707 1373 obtinent:
2760 1302 3126 1373 exterioris

576 1404 830 1471 autem,
876 1391 1046 1460 dum
1094 1412 1165 1460 se
1199 1391 1508 1462 sentiunt
1554 1415 1593 1461 a
1630 1393 1889 1463 morbis
1941 1393 2240 1462 liberari.
2307 1392 2375 1461 si
2427 1413 2584 1461 vero
2637 1392 2998 1492 contingat
3045 1412 3133 1459 ea

575 1479 909 1549 beneficia
956 1479 1099 1549 illic
1149 1501 1286 1550 non
1336 1480 1429 1550 im
1484 1483 1714 1563 etrari‚
1754 1504 1891 1552 non
1923 1481 1989 1550 id
2027 1479 2516 1570 imputandum
2558 1490 2662 1550 est
2692 1480 2793 1549 vel
2844 1479 3135 1548 divinae

576 1567 1080 1649 inclementiae,
1136 1569 1238 1638 vel
1287 1570 1399 1638 ine
1451 1571 1626 1640 icaci
1673 1570 1858 1661 apud
1912 1575 2123 1641 Deum
2176 1575 2240 1639 S.
2306 1568 2637 1638 Bonifacii
2691 1568 3127 1658 patrocinio:

579 1655 698 1725 sed
738 1656 825 1726 iis
876 1657 1112 1757 potius
1174 1656 1295 1745 qui
1348 1679 1472 1749 pro
1527 1671 1627 1728 ter
1696 1681 1892 1729 suam
1962 1657 2512 1728 incredulitatem
2566 1680 2701 1726 non
2771 1663 3134 1727 merentur

580 1744 930 1814 exaudiri:
985 1746 1165 1816 sicut
1209 1747 1413 1817 etiam
1512 1770 1549 1818 e
1599 1748 1887 1818 Domino
1935 1748 2200 1817 Christo
2249 1768 2525 1816 sacrum
2579 1757 2867 1816 testatur
2899 1751 3128 1814 Evan-

574 1832 830 1933 gelium
882 1835 1062 1921 quod
1137 1857 1273 1905 non
1344 1835 1580 1906 fecerit
1628 1838 1910 1907 virtutes
1952 1836 2204 1906 multas
2254 1836 2324 1905 in
2377 1835 2597 1926 patria
2655 1857 2785 1905 sua
2833 1849 3120 1925 propter

574 1921 1122 1993 incredulitatem
1149 1923 1452 1994 illorum.
1492 1929 1928 2012 Quamquam
1970 1925 2175 1994 etiam
2207 1938 2478 1996 cessant
2520 1922 2868 1993 interdum
2910 1923 3128 1993 mira-

572 2010 731 2112 cula
764 2023 909 2081 tum
959 2013 1046 2111 ob
1082 2012 1315 2083 cultus
1343 2013 1560 2083 divini
1593 2015 2010 2104 neglectum,
2056 2026 2203 2083 tum
2250 2014 2340 2083 ob
2389 2011 2940 2112 incorrigibilem
2977 2033 3124 2080 ma-

572 2098 792 2168 litiam
845 2100 1342 2171 habitatorum:
1399 2115 1546 2172 tum
1584 2103 1791 2172 etiam
1840 2103 2026 2190 quod
2127 2124 2201 2172 ro
2225 2101 2549 2172 exhibitis
2595 2100 2957 2171 miraculis
2985 2122 3130 2170 non

572 2187 798 2260 solum
827 2193 957 2259 Deo
994 2201 1059 2259 et
1108 2190 1373 2261 Sanctis
1418 2192 1569 2279 ejus
1617 2190 1888 2261 debitae
1938 2191 2052 2260 lau
2104 2212 2178 2262 es
2223 2203 2289 2260 et
2337 2202 2564 2279 grates
2613 2211 2751 2258 non
2793 2201 3124 2279 agantur,

573 2276 692 2346 sed
744 2298 867 2346 nec
916 2279 1287 2349 memoriae
1332 2280 1926 2350 commendentur.
1967 2280 2142 2349 Vixit
2192 2279 2260 2348 in
2324 2279 2742 2369 Episcopatu
2792 2283 2858 2347 S.
2917 2279 3128 2347 Boni-

572 2362 791 2436 facius
838 2388 1058 2437 annos
1107 2367 1388 2458 triginta
1436 2389 1574 2448 sex,
1638 2390 1911 2440 menses
1972 2390 2111 2448 sex,
2185 2381 2250 2438 et
2298 2367 2446 2437 dies
2496 2367 2803 2437 totidem.
2862 2372 3123 2435 Passus

570 2475 727 2525 vero
775 2468 876 2527 est
920 2476 1081 2527 cum
1131 2456 1338 2527 sociis
1372 2456 1518 2528 suis
1581 2456 1791 2528 Nonis
1836 2458 2054 2538 santi,
2091 2461 2281 2527 Anno
2322 2455 2903 2548 peregrinationis
2954 2476 3128 2525 suae

569 2543 1102 2635 quadragesimo
1136 2601 1151 2627 ‚
1219 2545 1718 2617 incarnationis
1775 2558 2005 2616 autem
2059 2546 2451 2616 Dominicae
2499 2545 3126 2646 septingentesimo

568 2633 1419 2722 quinquagesimoquinto‚
1460 2647 1791 2725 regnante
1815 2634 2055 2705 eodem
2109 2635 2431 2705 Domino:
2486 2657 2601 2704 cui
2651 2634 2806 2703 laus
2854 2647 2922 2702 et
2974 2633 3129 2724 glo-

571 2722 671 2792 ria
724 2743 843 2811 per
890 2722 1127 2792 omnia
1159 2723 1393 2794 secula
1433 2723 1855 2804 seculorum,
1905 2728 2140 2794 Amen.

918 3009 1153 3111 VITA
1222 3010 1302 3110 S.
1374 3010 1788 3112 CLAUDII
1859 3009 2175 3115 EPISC.
2243 3009 2767 3112 BISUNTINI

1267 3266 1385 3313 raa
1430 3265 1621 3313 uun.
1673 3264 1912 3313 sunum
1961 3234 2210 3313 uuum
2260 3264 2449 3312 srvio

1099 3372 1177 3420 Ex
1242 3370 1500 3429 Quorum
1565 3369 1871 3419 mrnasso
1933 3369 2153 3419 comen
2210 3368 2572 3418 nascmrn.

866 3562 990 3621 Ob.
1037 3559 1498 3630 nonagenario
1539 3561 1754 3630 major
1795 3576 1975 3618 anno
2019 3563 2146 3618 699
2191 3591 2266 3602 -
2306 3562 2462 3617 Nat.
2504 3561 2832 3617 Francus.

655 3781 691 3866 ἓ
737 3786 813 3852 1.
869 3785 1114 3849 Beatus
1162 3777 1490 3850 Claudius
1537 3777 1756 3848 fertur
1802 3778 2143 3868 originem
2192 3776 2478 3847 duxisse
2528 3798 2606 3846 ex
2640 3774 2898 3853 illustri
2948 3776 3124 3846 Sali-

564 3869 886 3939 nensium
937 3866 1338 3959 principum
1367 3869 1509 3938 sive
1548 3866 2022 3959 Palatinorum
2070 3864 2359 3935 familia.
2415 3869 2495 3934 In
2551 3876 2924 3954 parentum
2955 3887 3127 3936 suo-

560 3950 720 4029 rum
771 3956 978 4026 domo
1017 3977 1239 4042 usque
1287 3955 1373 4025 ad
1409 3956 1783 4048 septimum
1833 3955 2076 4025 aetatis
2108 3976 2374 4024 annum
2426 3954 2494 4022 in
2555 3953 2669 4023 Dei
2715 3952 2961 4023 timore
3008 3976 3128 4024 ac-

555 4056 797 4117 curate
843 4045 1212 4123 enutritus,
1273 4056 1503 4135 postea
1567 4043 1919 4114 discendis
1970 4043 2188 4113 literis
2237 4042 2565 4112 admotus
2611 4054 2737 4122 est,
2780 4042 3129 4131 probatis-

557 4135 769 4205 simis
807 4132 1104 4203 traditus
1154 4134 1535 4224 magistris:
1591 4135 1725 4204 sub
1773 4133 2030 4221 quibus
2078 4132 2198 4201 ille
2238 4154 2374 4202 non
2427 4129 2661 4201 solum
2709 4129 3127 4219 disciplinas

556 4221 881 4293 liberales
930 4223 1118 4292 brevi
1168 4222 1581 4312 perdidicit,
1638 4221 1756 4294 sed
1821 4221 2029 4291 etiam
2097 4220 2352 4310 scripta
2417 4219 2659 4289 divina
2714 4231 2782 4298 et
2849 4233 3128 4290 sancto-

565 4334 721 4383 rum
771 4311 1136 4381 hominum
1197 4333 1305 4384 res
1353 4323 1579 4402 gestas
1628 4310 1870 4380 sedulo
1921 4308 2106 4401 perle
2160 4310 2231 4377 it.
2289 4314 2445 4378 Erat
2492 4308 2683 4379 enim
2735 4308 2804 4376 in
2857 4307 2979 4377 illa
3033 4323 3128 4379 te·

567 4404 989 4477 nera.aetate
1018 4400 1371 4492 praeclaro
1412 4413 1478 4472 et
1524 4399 1732 4470 docili
1766 4399 2067 4490 ingenio,
2134 4398 2393 4468 erventi
2433 4396 2695 4483 animo,
2736 4396 3014 4488 piisque
3059 4409 3129 4468 et
