3357 4995
653 336 782 400 250
2766 328 2979 399 JUNII
3030 332 3103 397 Η

1178 517 1279 616 ΙΝ
1349 516 1424 616 S.
1496 516 2077 617 BARNABAM
2150 514 2496 616 APOST.

1552 702 2118 784 ENcoMmM

1170 935 1453 983 AUCTORE
1501 935 1872 983 ALEXANDRO
1924 932 2223 983 MONACHO
2273 934 2495 983 CYPRIO

563 1044 643 1090 Ex
692 1044 795 1090 MS·
859 1042 1209 1090 VATICANAE
1272 1040 1745 1101 BIBLIOTHECAE,
1800 1044 1873 1089 ET
1922 1042 2500 1090 INTERPRETATIONE
2551 1041 2877 1090 FRANCISCI
2937 1042 3107 1090 ΖΕΝΙ.

1147 1223 1271 1279 ob.
1318 1221 1499 1280 circa
1540 1238 1696 1282 ann.
1741 1185 1896 1284 Chr.
1944 1225 2028 1280 70
2071 1253 2148 1262 ——
2190 1223 2509 1292 cyprius.

656 1408 692 1492 ξ
741 1411 815 1478 1.
872 1409 1038 1473 Cum
1092 1405 1477 1474 Barnabam
1511 1406 1905 1486 laudamus,
1960 1418 2124 1474 tunc
2173 1418 2238 1474 et
2277 1405 2589 1474 omnium
2634 1403 3111 1494 Apostolorum

569 1508 844 1564 sacrum
893 1492 1262 1583 collegium
1327 1492 1830 1574 collaudamuS,
1882 1515 2177 1580 quorum
2228 1494 2411 1562 enim
2464 1494 2729 1563 vocatio
2761 1515 2903 1561 una
2951 1493 3104 1573 fuit,

567 1604 806 1651 eorum
847 1581 1086 1650 eadem
1135 1595 1236 1650 est
1283 1594 1348 1651 et
1380 1582 1630 1671 gloria:
1685 1594 1750 1652 et
1796 1605 2093 1669 quorum
2137 1581 2302 1651 ordo
2335 1604 2546 1662 unus,
2579 1604 2815 1662 eorum
2868 1581 3109 1650 eadem

567 1685 669 1740 est
736 1683 801 1738 et
861 1670 1204 1758 dignitas:
1258 1692 1556 1757 quorum
1626 1671 1817 1762 paria
1880 1672 2303 1750 certamina,
2348 1670 2750 1740 eorumdem
2819 1691 3113 1739 coronae

567 1760 876 1829 diversae
939 1781 1074 1829 non
1126 1774 1317 1829 sunt:
1371 1782 1667 1846 quorum
1720 1760 2019 1846 denique
2078 1759 2530 1829 institutionis
2580 1761 2752 1829 ratio
2801 1780 3113 1828 commu-

568 1848 711 1926 nis,
766 1869 1003 1916 eorum
1074 1848 1378 1936 praemia
1426 1871 1641 1935 aeque
1691 1848 2022 1917 honorata
2072 1861 2254 1917 sunt.
2307 1854 2462 1917 Jam
2524 1870 2679 1917 vero
2728 1847 3110 1917 Barnabam

568 1937 799 2025 ipsum
851 1937 1156 2005 oratione
1192 1948 1422 2006 nostra
1473 1938 1541 2004 in
1588 1938 1891 2006 medium
1931 1936 2420 2026 producamuS‚
2460 1949 2525 2005 et
2553 1959 2758 2023 quam
2817 1937 3113 2005 maxime

567 2047 966 2114 possumuS,
1023 2025 1308 2094 laudum
1373 2027 1738 2115 praeconia
1802 2025 1913 2114 illi
1968 2026 2442 2105 concinemus,
2498 2048 2653 2095 sum
2722 2026 2905 2094 enim
2958 2026 3110 2124 ejus

566 2114 694 2180 viri
744 2126 1008 2182 amator
1037 2114 1593 2184 ardentissimus
1628 2115 1778 2182 Scio
1818 2123 2072 2195 autem,
2099 2128 2184 2206 ‚et
2233 2114 2402 2182 mihi
2454 2114 2856 2203 persuadeo,
2900 2115 3110 2202 hujus

566 2202 866 2291 Apostoli
916 2202 1015 2271 vel
1059 2223 1308 2271 nomen
1363 2203 1591 2292 ipsum
1644 2203 1933 2273 auribus
1985 2203 2224 2273 vestris
2262 2203 2862 2291 jucundissimum
2928 2205 3110 2271 acci-

565 2291 748 2358 dere.
787 2295 1032 2378 ltaque
1065 2291 1265 2360 illum
1318 2291 1762 2368 honoremus,
1819 2305 2163 2378 quatenus
2214 2313 2336 2381 pro
2377 2291 2640 2361 viribus
2688 2292 2773 2360 de
2836 2290 2954 2359 illo
3002 2291 3110 2358 di-

564 2392 816 2458 centeS,
870 2381 1074 2465 aequi
1123 2379 1340 2447 animi
1390 2380 1445 2448 si
1501 2379 1964 2450 nificationem
2009 2380 2290 2450 demus:
2345 2379 2529 2466 quod
2564 2381 2749 2449 enim
2790 2381 2941 2469 ejus
2980 2380 3108 2447 viri

565 2467 866 2557 dignitas
902 2467 1224 2558 postulat,
1281 2469 1348 2537 id
1403 2482 1462 2537 ta
1496 2490 1532 2538 e
1584 2479 1708 2550 est,
1762 2482 1840 2538 ut
1886 2489 2156 2539 omnem
2209 2469 2585 2539 orationem
2637 2470 2723 2539 ab
2774 2491 2853 2538 eo
2901 2490 3107 2559 supe-

562 2558 701 2625 rari
735 2558 1095 2627 fateamur.
1814 2630 1815 2637 χ
2588 2588 2593 2593 ·

649 2648 684 2731 ξ
738 2651 824 2717 2.
885 2647 1225 2717 Laudetur
1273 2647 1484 2735 igitur
1536 2669 1575 2715 a
1625 2647 1826 2716 nobis
1876 2647 2138 2715 infimis
2215 2669 2511 2736 magnus
2581 2646 2696 2715 ille
2745 2646 3110 2746 Apostolus

560 2736 927 2803 Barnabas.
977 2736 1364 2805 Celebretur
1395 2738 1865 2804 consolacionis
1906 2738 2100 2891 silius
2125 2737 2210 2804 ab
2263 2734 2665 2805 hominibus
2695 2757 2817 2821 qul
2845 2736 3109 2803 Christo

1931 2825 2186 2893 iomine
2235 2816 2389 2904 ille,
2444 2824 2566 2910 qui
2619 2844 2659 2891 a
2709 2829 2901 2892 Patre
2956 2824 3137 2912 ipso·

559 2823 1029 2893 crediderunt.
1104 2824 1480 2894 Extollatur
1526 2847 1567 2894 a
1613 2824 1856 2910 quovis

558 2911 960 2991 honoratus,
994 2936 1034 2981 a
1069 2914 1236 2981 Filio
1264 2926 1568 2993 vocatus,
1603 2926 1669 2981 et
1717 2936 1755 2980 a
1806 2913 2065 3002 Spiritu
2115 2918 2361 2982 Sancto
2403 2912 2745 3001 perfectus
2793 2925 2917 2981 est.
2951 2918 3111 2980 Bar—

563 3000 802 3079 nabaS,
859 3001 1171 3087 inquam,
1230 3000 1527 3091 magnus
1562 3001 1900 3070 Ecclesiae
1948 3013 2198 3079 orator,
2244 3000 2362 3069 illa
2412 3000 2858 3091 Evangelicae
2909 3022 3107 3089 prae—

562 3087 932 3157 dicationis
974 3090 1162 3163 tuba,
1220 3112 1470 3180 magna
1522 3090 1772 3159 Christi
1815 3112 1961 3168 vox,
2022 3090 2318 3179 Spiritus
2377 3090 2604 3159 Sancti
2653 3090 2939 3170 cithara,
3004 3090 3111 3157 di-

558 3176 757 3245 vinae
799 3178 1059 3266 gratiae
1094 3178 1458 3267 plectrum.
1499 3179 1847 3247 Barnabas
1885 3178 1951 3246 in
1981 3178 2425 3267 expediendis
2458 3200 2580 3268 pro
2614 3179 2879 3247 Christo
2908 3178 3109 3248 bellis

559 3265 762 3333 miles
813 3266 1376 3337 robustissimus:
1441 3268 1563 3352 qui
1611 3288 1897 3357 corpore
1975 3269 2456 3356 incorporeum
2529 3267 2837 3346 hostem,
2892 3267 3104 3337 simul

562 3376 840 3423 versans
888 3375 1047 3422 cum
1100 3356 1578 3444 Apostolorum
1625 3356 1951 3435 exercitu,
2017 3356 2443 3424 validissime
2492 3355 2924 3445 profligavit:
2983 3357 3107 3442 qui

558 3442 899 3517 bonarum
937 3443 1470 3532 disciplinarum
1524 3444 1887 3533 religiosus
1938 3456 2332 3533 praeceptor
2363 3445 2603 3524 extitit,
2638 3458 2704 3512 et
2736 3444 3104 3515 Christiani

554 3531 753 3599 ovilis
793 3524 933 3600 dxix
975 3546 1223 3609 certus,
1264 3545 1328 3601 et
1379 3533 1730 3602 rationalis
1760 3533 2044 3632 quidam
2098 3533 2354 3602 summi
2386 3533 2501 3601 Dei
2534 3532 2922 3622 paradisuS,
2957 3554 3105 3600 om-

554 3620 749 3687 nium
804 3621 1136 3689 virtutum
1175 3621 1490 3710 germina
1537 3622 1951 3690 florentiam
2006 3643 2078 3689 se
2125 3623 2523 3691 continens:
2577 3622 2698 3708 qui
2740 3621 3096 3711 egregium

550 3708 898 3794 quoddam
931 3710 1091 3777 fidei
1141 3731 1422 3796 germen
1464 3710 1614 3791 fuit,
1669 3710 2023 3779 charitatis
2073 3732 2226 3779 rosa
2275 3709 2769 3779 suavissimum
2820 3709 3099 3778 odorem

548 3798 892 3875 emittens,
943 3800 1087 3887 spei
1139 3798 1265 3867 ssos
1313 3799 1780 3888 incorruptuS,
1830 3798 2105 3867 divinae
2134 3799 2392 3889 gratiae
2427 3798 2690 3868 fructus
2728 3798 3101 3886 jucundis-

548 3886 794 3965 simuS,
853 3887 1044 3955 illius
1093 3887 1249 3957 vitis
1295 3909 1473 3972 quae
1523 3888 1730 3957 vitam
1782 3888 2109 3956 omnibus
2207 3888 2456 3969 raebet‚
2512 3888 2776 3977 palmes
2826 3886 3102 3956 feracis-

546 3974 792 4053 simuS,
849 3977 1384 4046 immortalitatis
1435 3979 1776 4056 racemus,
1832 3976 1964 4044 mel
2000 3910 2370 4057 distillans,
2427 3976 2792 4064 patientiae
2842 3997 3101 4064 propu-

545 4065 927 4151 gnaculum
1004 4064 1283 4133 firmum
1353 4077 1555 4151 atque
1632 4064 2031 4143 immobile,
2108 4064 2569 4135 continentiae
2642 4076 2932 4134 sectator
3008 4064 3101 4132 ita

542 4151 838 4225 validus.
895 4167 970 4222 ut
1024 4157 1305 4224 Crucem
1357 4155 1760 4243 gestaverit,
1813 4165 1878 4221 et
1932 4152 2261 4222 adversus
2321 4153 2570 4222 Christi
2634 4153 3101 4222 interfectores

543 4240 937 4329 intrepidus
989 4242 1275 4312 militiae
1323 4242 1462 4312 dux
1511 4241 1751 4323 fuerit,
1812 4241 2060 4311 Christi
2109 4241 2430 4311 Crucifixi
2477 4262 2755 4332 germen
2808 4242 2893 4310 ad
2944 4263 3098 4311 coe-

544 4328 687 4398 lum
741 4352 964 4417 usque
999 4342 1425 4421 protensum.
1468 4332 1839 4410 Barnabas,
1880 4329 2152 4421 pietatis
2186 4332 2535 4420 magister,
2568 4329 2730 4400 fidei
2769 4329 3099 4400 columna

543 4442 622 4486 ac
674 4418 1053 4509 fastigium,
1107 4418 1639 4491 fundamentum
1691 4419 1957 4499 stabile,
1994 4432 2060 4489 et
2093 4419 2583 4490 fluctuantium
2621 4431 2860 4509 portus
2901 4418 3097 4488 valde
