3357 4995
703 324 789 389 28
1459 342 1538 388 nr.
1587 340 1643 387 s,
1699 339 1972 389 sumone
2018 339 2318 388 uomeno
2852 322 3070 389 JUNII
3128 326 3152 388 t

703 429 739 514 ξ
788 429 884 496 9.
929 430 1087 495 Post
1133 425 1303 495 haec
1350 424 1435 494 ad
1489 425 1744 505 vicum,
1783 425 1904 512 qui
1956 425 2311 516 proximus
2358 435 2523 504 erat,
2569 422 2808 494 tendit:
2848 425 3169 495 homines

611 514 716 584 illi
751 514 1123 584 Christiani
1169 536 1278 595 ne,
1333 533 1420 583 an
1471 513 1728 605 Pagani
1776 525 2027 594 essent,
2082 513 2258 583 scire
2305 534 2440 583 non
2494 513 2738 602 potuit.
2775 517 3170 584 Instructus

611 605 960 694 Aegyptia,
1016 608 1208 693 Syra,
1261 601 1574 683 Arabica,
1629 606 1884 671 Graeca
1931 614 1997 671 et
2043 606 2352 672 Romana
2399 601 2810 690 eloquentia,
2849 601 3170 693 linguam

611 693 837 782 gentis
913 690 1103 761 illius
1166 690 1550 781 intelligere
1612 711 1750 760 non
1810 703 2095 779 poterat.
2167 691 2386 760 Biduo
2447 689 2541 759 ita
2598 689 2832 759 nudus
2879 692 3163 762 mansit.

603 781 826 853 „Tertia
877 780 989 849 die
1036 778 1320 867 quidam
1371 801 1452 847 ex
1500 777 1640 849 illis
1688 778 2093 849 hominibus
2143 779 2535 859 miseratus,
2589 778 3008 869 vilissimum
3054 779 3165 849 illi

613 868 1098 941 vestimentum
1166 867 1462 957 projicit.
1537 871 1686 949 Quo
1756 866 2093 948 indutus,
2205 889 2280 936 er
2351 866 2605 938 multas
2682 867 3167 937 tribulationes

609 970 675 1025 et
722 956 1082 1048 angustias
1129 955 1556 1025 Antiochiam
1608 955 1813 1025 venit:
1867 955 1991 1025 ubi
2041 978 2080 1024 a
2155 955 2455 1025 idelibus
2502 955 2669 1026 viris
2701 968 3014 1026 amanter
3044 980 3164 1027 su-

612 1058 912 1135 sceptus,
966 1043 1305 1124 induitur,
1359 1043 1795 1133 amplexatur
1824 1057 1890 1113 et
1935 1044 2311 1114 honorifice
2357 1055 2806 1114 sustentatur.
2847 1049 2926 1113 ln
2967 1046 3165 1115 brevi

609 1134 1047 1205 Patriarchae
1093 1145 1158 1203 et
1195 1132 1372 1223 ipsis
1419 1132 1862 1223 principibus
1892 1133 2188 1203 habetur
2220 1132 2650 1203 notissimus.
2683 1134 2938 1204 Omnes
2968 1134 3161 1202 enim

660 1223 733 1292 ui
781 1244 940 1292 eum
994 1234 1369 1299 noverant,
1421 1221 1626 1307 quasi
1672 1214 2166 1291 dulcissimum
2218 1234 2481 1311 patrem
2532 1220 3040 1301 venerabantur
3098 1236 3168 1292 et

608 1244 736 1379 gili
787 1311 1018 1381 ebant.
1081 1314 1193 1378 Ea'
1244 1321 1645 1400 tempestate
1692 1310 2024 1400 contigit,
2079 1308 2505 1379 Richardum
2556 1308 2884 1378 Abbatem
2934 1311 3166 1380 virum

610 1333 933 1490 perffectis
997 1397 1164 1468 viris
1229 1397 1639 1468 imitabilem
1671 1452 1688 1480 ,
1743 1397 1897 1487 piae
1962 1396 2343 1467 devotionis
2460 1398 2630 1467 ratia
2690 1397 3168 1487 Jerosolymae

608 1487 783 1557 velle
826 1485 1058 1556 videre
1106 1486 1277 1557 loca.
1359 1490 1534 1556 Dum
1601 1507 1766 1578 ergo
1827 1486 1955 1556 iter
2014 1507 2138 1577 per
2195 1486 2430 1558 Antioc
2486 1486 2621 1555 iam
2690 1486 3155 1569 haberemuS,
3225 1488 3243 1502 “

610 1576 848 1664 ibique
896 1576 1298 1645 necessitate
1353 1574 1641 1644 itineris·
1692 1586 2015 1666 cogente,
2069 1574 2481 1662 aliquandiu
2534 1595 3011 1657 moraremur,
3067 1576 3168 1645 fa-
3220 1664 3225 1668 .

610 1664 851 1736 mulus
899 1662 1018 1733 Dei
1083 1664 1357 1734 Simeon
1398 1664 1691 1754 junctus
1738 1676 1840 1732 est
1887 1663 2089 1733 nobis
2156 1664 2507 1744 amicitia,
2564 1663 2995 1754 praedictum
3045 1666 3166 1734 Ri-

608 1751 952 1823 chardum
1008 1753 1335 1823 Abbatem
1383 1750 1724 1842 adoptans
1774 1751 1908 1821 sibi
1958 1751 2030 1821 in
2076 1765 2367 1844 patrem.
2422 1753 2543 1822 Cui
2590 1773 2751 1821 cum
2801 1754 3165 1843 exposuis-

610 1854 712 1912 set
758 1862 884 1942 per
928 1839 1269 1922 ordinem,
1304 1860 1482 1926 quae
1522 1839 1656 1909 sibi
1690 1839 2008 1927 injuncta
2039 1853 2289 1921 essent,
2329 1841 2432 1910 vel
2466 1861 2644 1928 quae
2681 1842 3159 1931 contigissent,

610 1929 903 2009 addidit,
959 1927 1173 1998 nullis
1220 1927 1548 2029 periculis
1592 1927 1696 1998 vol
1738 1928 2084 2019 angustiis
2131 1950 2207 1998 se
2251 1929 2531 1999 retineri
2581 1950 2805 2020 posse,
2843 1951 2981 2017 quo
3031 1931 3167 1999 mi-

611 2039 748 2088 nus
793 2017 1074 2088 Abbatis
1139 2039 1248 2089 sul
1296 2015 1661 2109 mandata,
1684 2029 2063 2105 exequatur
2109 2038 2234 2118 pro
2282 2018 2575 2090 viribus.
2645 2022 2837 2088 lmus
2884 2040 3049 2109 ergo
3097 2032 3166 2088 et

611 2106 947 2186 redimus,
1001 2126 1301 2193 eumque
1338 2104 1703 2176 nobiscum
1745 2116 2064 2195 paratum
2116 2106 2535 2176 invenimus.
2602 2110 2907 2194 Cumque
2940 2108 3012 2176 in
3046 2129 3166 2177 co-

610 2195 859 2265 mitatu
920 2204 1099 2263 esset
1146 2206 1415 2273 nostro,
1470 2192 1861 2281 frequenter
1928 2194 2206 2284 injuriis
2253 2208 2459 2284 atque
2505 2193 2800 2285 flagellis
2846 2196 3162 2275 affectus,

609 2304 738 2353 ceu
785 2281 932 2353 ovis
983 2282 1569 2360 mansuetissima,
1622 2282 1960 2371 patienter
2016 2282 2194 2353 tulit.

697 2373 734 2458 ξ
780 2375 940 2444 ίθ.
1003 2369 1563 2441 Pei-venientibus
1611 2382 1843 2445 autem
1895 2371 2093 2441 nobis
2142 2394 2364 2461 usque
2418 2372 2506 2441 ad
2556 2371 2900 2441 civitatem
2948 2371 3169 2442 Belle-

609 2459 934 2552 gradum‚
986 2480 1165 2547 quae
1196 2471 1299 2530 est
1334 2458 1406 2529 in
1454 2457 1759 2529 confinio
1807 2458 2521 2552 Bulgarorum'atque
2568 2464 3082 2551 Hungarorum,
3122 2484 3166 2532 a

607 2549 903 2620 civitatis
951 2547 1431 2620 infelicissimo
1479 2547 1797 2639 principe
1844 2549 2236 2639 prohibitus
2282 2563 2386 2620 est
2433 2550 2797 2620 nobiscum
2834 2551 3157 2620 transire.

615 2639 837 2728 Igitur
890 2638 1066 2707 flens
1130 2650 1197 2708 et
1253 2640 1389 2706 Deo
1459 2636 1717 2727 gratias
1776 2636 2071 2709 reddens
2107 2693 2123 2720 ,
2176 2638 2458 2726 reliquit
2505 2660 2632 2708 nos
2681 2638 2907 2710 tristes
2954 2650 3169 2726 atque

612 2728 878 2797 flentes.
942 2731 1068 2797 Per
1116 2724 1371 2795 multas
1418 2723 1721 2812 denique
1766 2727 2127 2817 angustias
2182 2739 2248 2797 et
2311 2727 2655 2798 latronum
2707 2726 3018 2818 insidias·
3051 2750 3165 2797 re-

609 2816 895 2885 vertitur
933 2836 1154 2902 usque
1200 2813 1283 2883 ad
1337 2836 1551 2884 mare.
1598 2819 1748 2898 Quo
1796 2813 2084 2884 transito
2132 2836 2483 2906 prospere,
2527 2815 2655 2884 iter
2713 2814 2998 2895 faciens,
3041 2838 3170 2906 per

610 2907 901 2972 Romam
934 2957 949 2984 ,
1006 2902 1191 2972 venit
1239 2902 1311 2972 in
1362 2903 1748 2974 Franciam.
1815 2908 1862 2972 A
1909 2903 2211 2992 quodam
2263 2904 2475 2995 igitur
2525 2904 2658 2974 sibi
2708 2915 2867 2974 noto
2913 2905 3171 2975 comite

608 2991 907 3081 benigne
955 2990 1374 3090 suscipitur,
1428 3004 1494 3063 et
1548 2991 1733 3082 apud
1794 3014 1955 3062 eum
2004 2991 2418 3080 aliquandiu
2477 3003 2808 3063 moratur.
2877 2997 2953 3061 In
3020 2992 3167 3064 illis

607 3100 771 3169 ergo
817 3079 1132 3170 partibus
1196 3080 1626 3161 monachus,
1690 3081 1795 3150 vir
1841 3081 2367 3162 sanctissimuS,
2415 3103 2647 3151 comes
2693 3082 2846 3171 ejus
2880 3135 2897 3162 ,
2949 3103 3167 3169 quem

608 3189 843 3238 secum
878 3167 963 3236 de
993 3167 1348 3238 Antiochia
1394 3167 1796 3250 adduxerat,
1852 3170 2167 3239 moritur:
2222 3170 2410 3240 unde
2444 3168 2745 3244 multum
2794 3170 3167 3240 contrista—

608 3268 741 3325 tur.
802 3259 968 3325 Cum
1019 3256 1458 3346 recogitasset
1498 3269 1752 3337 autem,
1805 3258 1971 3344 quia
2021 3256 2196 3327 nihil
2232 3258 2310 3327 fit
2343 3258 2491 3329 sine
2524 3258 2980 3347 dispositione
3011 3260 3161 3341 Dei,

606 3357 762 3435 post
792 3343 1048 3413 multas
1087 3344 1433 3434 lacrymas
1472 3365 1621 3414 sese
1678 3346 2100 3416 consolatur.
2158 3347 2537 3417 Destitutus
2585 3367 2744 3417 vero
2792 3348 2980 3416 omni
3026 3347 3167 3418 hu-

610 3453 815 3502 mano
847 3432 1128 3515 auxilio,
1181 3446 1389 3503 totam
1454 3454 1649 3523 spem
1699 3454 1900 3503 suam
1953 3455 2219 3524 ponens
2275 3435 2347 3504 in
2390 3435 2701 3516 Domino,
2747 3434 2939 3506 solus
2977 3438 3170 3506 venit

605 3522 1110 3611 Rothomagum
1167 3520 1500 3621 (Rauen),
1552 3541 1732 3608 quae
1791 3533 1894 3591 est
1938 3522 2180 3592 civitas
2227 3529 2811 3594 Nortmannorum
2865 3524 3163 3594 nobilis-

606 3610 807 3690 sima,
860 3609 1081 3680 sancti
1136 3609 1447 3679 Audoe'm
1508 3609 1821 3699 episcopi
1868 3622 1934 3680 et
1980 3611 2394 3683 confessoris
2443 3633 2732 3702 corpore
2778 3624 2844 3681 et
2901 3613 3172 3684 meritis

606 3697 805 3767 valde
871 3698 1250 3788 praeclara.
1320 3698 1448 3767 Ubi
1500 3718 1664 3767 cum
1735 3696 2162 3770 Richardum
2224 3700 2552 3770 Comitem
2617 3700 2751 3769 ‘am
2806 3713 3166 3772 mortuum

603 3788 1074 3877 comperisset,
1128 3785 1214 3855 de
1269 3785 1567 3876 pecunia
1604 3797 1670 3856 et
1720 3808 1971 3869 censu,
2029 3789 2150 3877 qui
2205 3788 2291 3860 de
2341 3800 2520 3859 terra
2572 3722 2764 3859 il'lius
2811 3810 2938 3880 pro
2985 3791 3170 3861 elee-

604 3895 898 3965 mosyna
943 3896 1073 3945 suo
1115 3874 1532 3960 monasterio
1581 3874 1989 3966 debebatus,
2025 3876 2268 3948 nullus
2313 3878 2376 3947 ei
2426 3899 2759 3969 responsa
2812 3877 3159 3958 redderet,

604 3975 909 4034 moestus
952 3961 1497 4051 aliquantulum,
1525 3984 1673 4063 ‘non
1727 3985 1852 4055 pro
1899 3981 2028 4035 suo
2083 3965 2338 4048 labore,
2378 3967 2498 4036 sed
2531 3967 2715 4055 quod
2750 3968 2942 4038 locus
2974 3968 3170 4038 Sinai

605 4052 978 4124 frustratus
1008 4063 1189 4123 esset
1216 4063 1408 4122 tanta
1437 4051 1760 4134 utilitate,
1797 4063 1894 4123 tot
1971 4053 2183 4124 corde
2219 4075 2597 4126 conversus
2639 4055 2722 4125 ad
2762 4053 3165 4138 Dominum,

602 4140 769 4229 quid
821 4153 1076 4232 ageret,
1129 4141 1401 4229 quaerit
1443 4065 2213 4301 consilium.39urrit
2255 4154 2487 4214 autem
2545 4144 2802 4226 animo,
2846 4156 2925 4212 ut
2957 4167 3171 4216 suum

605 4243 868 4320 patrem
919 4229 1439 4308 charissimum,
1501 4229 1857 4300 Richardu
1981 4229 2242 4301 scilicet
2282 4231 2648 4315 Abbatem,
2689 4253 2952 4320 nosque
3001 4254 3171 4303 suos

605 4320 891 4390 comites
958 4319 1314 4390 inviseret:
1385 4319 1571 4407 quod
1625 4331 1693 4390 et
1755 4318 1936 4392 fecit.
1999 4324 2148 4389 ·Per
2213 4319 2499 4410 longum
2578 4333 2809 4392 autem
2883 4333 3159 4412 tempus
