3357 4995
225 342 443 407 sUNn
500 343 576 404 16
1006 295 1083 404 nr:
1131 359 1185 404 s.
1239 357 1479 404 JoANNE
1529 357 1753 406 rame.
1811 359 1991 406 natus
2559 341 2687 406 397

225 445 544 514 tribubus
591 455 655 512 et
703 442 979 533 populis
1013 456 1077 511 et
1128 442 1410 532 linguiS,
1457 465 1579 533 spe
1627 442 1850 523 firmi,·
1889 443 2026 512 fide
2081 443 2388 523 robusti,
2444 443 2782 515 charitate

225 533 563 614 ardentes,
617 532 837 633 gratia
885 545 950 600 et
982 532 1226 600 virtute
1274 532 1509 600 divina
1543 532 2030 602 ascenderunt.
2071 533 2156 602 Hi
2205 542 2368 602 sunt
2413 533 2536 618 qui
2580 555 2780 603 vene-

227 635 386 691 runt
433 622 518 692 de
566 621 1006 691 tmbutatione
1042 624 1319 720 magna,
1359 634 1423 688 et
1452 619 1756 690 lavantes
1807 620 2017 690 stolas
2060 642 2222 690 suas
2269 634 2335 690 et
2382 620 2781 693 dealbantes

226 733 341 780 eas
392 710 462 779 in
513 711 855 799 sanguine
910 709 1101 799 Agni,
1162 723 1342 778 intra
1390 709 1876 780 densissimam
1930 709 2186 779 nubem
2248 722 2314 780 et
2361 709 2783 800 imperscru-

226 798 457 870 tabilis
508 799 892 886 Divinitatis
959 797 1327 887 caliginem
1392 798 1687 889 ingressi
1737 809 1944 879 sunt,
2013 797 2134 867 ubi
2191 797 2471 868 divinus
2519 803 2782 889 Moyses

225 893 438 958 Deum
492 894 756 956 Patrem
806 887 1203 972 alloquitur,
1260 899 1324 954 et
1372 885 1459 954 ad
1507 887 1656 977 ejus
1697 885 2042 956 dexteram
2074 886 2342 958 'sedens
2391 899 2457 957 et
2504 909 2784 977 compa-

226 977 403 1048 tiens
459 976 983 1046 infirmitatibus
1033 976 1282 1045 nostris
1358 974 1748 1066 interpellat
1817 997 1944 1064 pro
1996 975 2193 1044 nobis
2242 975 2298 1044 ’ἦ
2354 979 2503 1045 Huc
2551 989 2780 1046 autem

225 1067 549 1135 accedere
598 1087 734 1135 non
778 1064 1028 1134 audeat
1066 1063 1365 1134 carnalis
1396 1064 1727 1143 Judaeus,
1755 1064 1872 1133 sed
1918 1065 2095 1133 intra
2130 1065 2458 1134 terminos
2497 1077 2562 1133 et
2593 1079 2784 1156 septa

222 1154 555 1245 legalium
637 1176 878 1244 praece
935 1167 1157 1221 torum
1210 1175 1281 1220 se
1348 1154 1739 1234 contineat,
1795 1166 1859 1221 et
1909 1152 2110 1243 longe
2177 1154 2270 1223 ab
2327 1154 2470 1222 ima
2529 1154 2782 1225 montis

224 1256 418 1333 parte
452 1242 749 1322 fumum,
806 1264 883 1311 ca
920 1242 1175 1331 iginem
1209 1254 1273 1311 et
1320 1241 1576 1331 ignem,
1614 1241 1912 1342 ·fulgura
1961 1255 2027 1311 et
2075 1241 2414 1321 tonitrua,
2477 1243 2780 1313 sonitum

224 1346 287 1401 et
329 1332 726 1420 clangorem
763 1330 1111 1406 tubarum,
1166 1330 1455 1419 gloriam
1494 1331 1787 1410 Domini,
1826 1330 1955 1400 hoc
1983 1344 2087 1400 est
2120 1330 2469 1421 magnalia
2518 1331 2783 1421 gratiae

228 1444 397 1491 suae
444 1434 508 1489 et
542 1420 857 1510 prodigia
892 1418 1295 1498 sanctitatis,
1350 1419 1808 1488 admiratione
1843 1419 2054 1488 simul
2094 1433 2158 1488 et
2206 1432 2462 1489 terrore
2512 1419 2784 1508 percul-

227 1533 352 1579 sus
389 1509 783 1600 prospiciat.
823 1506 1064 1576 Procul
1100 1507 1261 1574 hinc
1309 1509 1535 1577 omnis
1584 1507 1723 1576 fera
1777 1508 1992 1578 bestia
2049 1519 2113 1578 et
2162 1508 2420 1577 animal
2471 1508 2783 1578 immun-

226 1599 423 1676 dum,
462 1620 546 1666 ne
595 1597 726 1666 loci
769 1596 1195 1667 sanctitatem
1234 1598 1576 1686 sanguine
1606 1595 1828 1666 foedet
1862 1597 1960 1665 vel
2003 1597 2399 1687 impuritate
2450 1597 2787 1667 contami-

228 1699 367 1756 net.
418 1688 606 1756 Foris
655 1707 885 1764 caneS,
940 1699 1005 1753 et
1052 1683 1359 1764 venefici,
1404 1698 1467 1753 et
1500 1685 1865 1776 impudici,
1903 1698 1968 1754 et
2017 1685 2426 1766 homicidae,
2479 1699 2544 1756 et
2582 1685 2787 1756 idolis

226 1776 623 1848 servientes,
658 1788 722 1843 et
770 1775 998 1844 omnis
1029 1773 1150 1859 qui
1204 1786 1389 1842 amat
1436 1786 1501 1842 et
1533 1773 1697 1843 facit
1745 1774 2215 1843 mendacium.
2269 1774 2610 1845 Accedant
2658 1797 2783 1845 au-

229 1878 387 1945 tem,
428 1866 549 1951 qui
592 1862 916 1933 vitalibus
945 1863 1145 1948 aquis
1180 1862 1249 1930 in
1301 1885 1496 1931 sacro
1536 1862 1722 1932 fonte
1769 1863 2009 1944 renati,
2067 1862 2168 1931 vel
2222 1864 2494 1954 purgati
2555 1886 2786 1934 sacra-

228 1968 463 2022 mento
514 1952 993 2043 poenitentiae,
1049 1952 1283 2020 amicti
1333 1964 1494 2020 sunt
1543 1953 1736 2021 stolis
1808 1951 2172 2031 candidis3
2240 1952 2613 2035 accedant,
2668 1951 2784 2024 sed

227 2042 476 2111 solutis
509 2055 707 2111 antea
747 2040 1232 2109 calceamentis
1264 2061 1344 2108 ex
1378 2041 1563 2109 corio
1595 2052 2026 2111 mortuorum
2059 2039 2498 2121 animalium,
2537 2062 2789 2132 nempe

226 2131 525 2200 mortuis
575 2128 831 2198 relictis
887 2129 1256 2219 operibus,
1310 2131 1474 2215 quia
1525 2141 1701 2198 terra
1752 2141 1989 2199 sancta
2052 2143 2175 2199 est.
2229 2133 2426 2199 Arcta
2485 2143 2587 2198 est
2632 2129 2781 2210 via,

130 2243 143 2256 ·
229 2217 499 2287 arduus
540 2231 743 2304 atque
773 2232 1113 2307 angustus
1160 2231 1261 2285 est
1301 2216 1522 2296 limeS,
1576 2231 1641 2286 et
1691 2240 1892 2287 nemo
1942 2229 2130 2287 tutus
2177 2239 2299 2308 per
2357 2239 2516 2287 eum
2558 2219 2785 2308 ingre-

235 2305 430 2374 ditur
476 2318 540 2374 et
587 2306 670 2374 ad
708 2305 980 2375 culmen
1028 2328 1314 2375 securus
1343 2306 1689 2396 pertingit,
1724 2306 1859 2375 nisi
1887 2306 2190 2397 vestigiis
2220 2306 2501 2376 insistat·
2541 2305 2790 2375 Christi

237 2394 512 2463 Domini
547 2392 914 2465 clamantis
943 2406 1009 2463 et
1054 2395 1391 2463 dicentis:
1444 2398 1702 2485 Siquis
1748 2399 1897 2464 vult
1943 2397 2169 2464 venire
2212 2405 2360 2486 post
2397 2418 2537 2475 me,
2593 2397 2790 2464 tollat

236 2506 495 2552 crucem
527 2507 724 2553 suam
774 2486 1061 2573 quotidie
1105 2484 1351 2574 (Lucae
1380 2508 1468 2564 lx,
1522 2483 1660 2571 ⁶23).
1716 2483 2227 2553 Ambulandum
2278 2495 2380 2555 est
2417 2483 2630 2578 igitur
2676 2505 2791 2553 ve-

236 2569 466 2672 stigiis
580 2573 842 2651 aribus,
901 2587 965 2641 et
1013 2572 1288 2653 aemula
1351 2573 1780 2663 ingressione
1829 2572 2237 2653 nitendum;
2281 2572 2445 2660 quia
2506 2592 2641 2642 non
2689 2587 2791 2643 est
2863 2653 2870 2659 ἱ

232 2684 459 2751 major
555 2662 790 2729 omino
840 2684 965 2729 suo
1007 2668 1267 2741 servits,
1323 2683 1447 2730 nec
1489 2662 1851 2731 liberatore
1899 2661 2253 2741 liberamS,
2306 2673 2371 2730 et
2415 2662 2539 2748 qui
2589 2661 2790 2752 cupi-

234 2772 399 2819 mus
436 2772 588 2819 esse
638 2749 1029 2833 Christiani,
1086 2751 1443 2827 debemus,
1498 2751 1683 2838 quod
1735 2750 2043 2820 Christus
2073 2749 2244 2819 dixit
2280 2763 2347 2819 et
2398 2749 2579 2830 fecit,
2636 2750 2792 2818 imi-

229 2839 391 2920 tari,
430 2851 503 2908 ut
556 2838 963 2929 respondeat
996 2840 1080 2908 ad
1132 2838 1337 2907 fidem
1392 2840 1697 2908 nominis
1736 2839 2012 2910 sectatio
2051 2838 2376 2908 veritatis,
2623 2892 2630 2899 .

320 2931 359 3015 ξ
413 2933 501 2998 8.
544 2932 795 3028 Aspera
829 2940 893 2996 et
928 2927 1269 2998 laboriosa
1311 2929 1439 2997 hac
1488 2929 1595 2998 via
1645 2928 2143 2999 incessitfortis
2193 2927 2306 2997 Dei
2339 2926 2538 2997 miles
2573 2928 2792 2996 Joan-

228 3038 357 3085 nes
410 3020 820 3099 Franciscus
868 3019 1095 3107 Regis,
1149 3017 1271 3104 qui
1310 3017 1665 3089 accinctus
1726 3018 1970 3087 robore
2030 3030 2096 3086 et
2141 3016 2210 3085 in
2248 3016 2499 3107 spiritu
2544 3017 2791 3087 ambu-

230 3106 412 3185 lanS‚
448 3106 729 3175 calcatis
756 3104 1121 3177 desideriis
1170 3106 1425 3185 carniS,
1473 3117 1539 3175 et
1572 3106 2015 3195 passionibus
2049 3105 2259 3193 hujus
2298 3106 2629 3195 temporis
2658 3104 2792 3175 for-

227 3196 392 3264 titer
428 3194 753 3271 toleratis,
794 3216 917 3283 per
949 3194 1429 3265 tribulationes
1461 3218 1539 3264 ac
1572 3194 2052 3274 contumelias,
2099 3216 2221 3285 per
2259 3194 2528 3265 labores
2565 3208 2630 3263 et
2666 3215 2792 3263 an—

225 3284 519 3439 fustias,
576 3284 643 3352 in
688 3284 1119 3354 orationibus
1155 3339 1170 3365 ,
1225 3284 1295 3353 in
1348 3284 1662 3374 jejuniis,
1731 3284 1802 3352 in
1854 3283 2110 3375 vigiliis
2142 3283 2226 3352 ad
2280 3283 2533 3354 montis
2579 3283 2792 3353 evasit

170 3438 175 3445 .
253 3372 614 3462 astigium,
651 3374 980 3461 aspiciens
1023 3376 1092 3441 in
1142 3379 1493 3442 Auctorem
1538 3375 1702 3462 fidei
1761 3383 1824 3441 et
1883 3382 2476 3461 consummatorem
2533 3377 2820 3454 Jesum‚·

269 3464 370 3539 ui,
418 3463 760 3551 proposito
806 3463 937 3529 sibi
986 3463 1264 3551 gaudia,
1318 3464 1643 3530 sustinuit
1684 3485 1969 3542 crucem,
2010 3463 2390 3550 confusione
2418 3471 2792 3552 contempta

224 3486 464 3639 YHebr.
519 3572 635 3629 χιι,
675 3550 769 3637 2).
806 3554 938 3619 Nos
972 3563 1199 3619 autem
1232 3550 1490 3637 quibus
1539 3554 1844 3640 superna
1894 3548 2789 3641 dignatione‘commissum

224 3651 326 3707 est
380 3637 654 3706 fidelem
711 3639 824 3706 Dei
875 3638 1141 3729 plebem
1182 3639 1250 3706 in
1302 3640 1482 3708 viam
1535 3639 1783 3709 salutis
1812 3639 2139 3728 dirigere,
2190 3639 2468 3709 beatum
2495 3637 2615 3707 Dei
2648 3659 2791 3710 ser-

222 3749 417 3803 vum,
476 3729 591 3812 qui
629 3727 711 3794 ad
766 3727 992 3797 locum
1047 3726 1434 3809 latitudinis
1483 3749 1605 3818 per
1636 3727 1906 3798 labores
1939 3741 2005 3796 et
2038 3728 2398 3818 angustias
2447 3726 2786 3808 transivit,

222 3816 345 3904 qui
382 3815 466 3883 ad
520 3816 881 3884 coelestem
935 3817 1225 3905 patriam
1280 3838 1400 3907 per
1456 3816 1669 3907 hujus
1718 3815 2032 3886 mortalis
2072 3816 2249 3886 vitae
2314 3814 2793 3887 tribulationes

225 3918 291 3974 et
324 3926 698 3974 aerumnas
746 3904 1075 3993 pervenit,
1132 3905 1200 3973 in
1238 3916 1634 3975 sanctorum
1698 3926 2069 3976 munerum
2128 3904 2526 3975 solemniter
2569 3926 2651 3975 ex
2683 3924 2794 3974 ve-

228 3994 356 4063 teri
401 4007 685 4062 moreet
734 3993 1046 4064 instituto
1087 3994 1428 4063 Romanae
1472 3994 1815 4063 Ecclesiae
1871 3994 2207 4065 hodierna
2254 3993 2368 4065 die
2413 3993 2641 4064 adscri
2697 3993 2794 4064 εἰτ

174 4140 183 4149 .
224 4103 413 4161 mus,
468 4094 565 4162 ut,
598 4082 749 4172 ejus
798 4083 1167 4172 propositis
1212 4082 1583 4152 virtutibus
1631 4095 1697 4152 et
1745 4082 1932 4174 apud
1983 4087 2196 4153 Deum
2245 4083 2654 4174 suffraganti
2705 4105 2792 4154 us

224 4168 579 4260 precibu8‚
629 4192 753 4261 per
799 4171 1042 4241 merita
1075 4172 1286 4242 unius
1335 4171 1553 4241 divini
1604 4171 2008 4242 mediatoris
2055 4177 2221 4243 Jesu
2273 4171 2520 4243 Christi
2561 4184 2793 4241 nostra

226 4258 596 4349 adjuvetur
642 4260 1038 4343 infirmitas,
1093 4262 1424 4331 excitetur
1476 4283 1656 4350 spes,
1715 4261 2078 4332 roboretur
2125 4260 2321 4344 fides,
2373 4259 2794 4331 accendatur

278 4474 306 4501 ¹·
334 4473 374 4515 Δ
405 4472 669 4518 nmeeitatt·
689 4477 847 4519 monte
866 4478 949 4528 qui
967 4478 1182 4519 creentur
1204 4499 1255 4506 -
1274 4480 1413 4519 Arcta
1432 4481 1473 4529 ej
1482 4489 1537 4519 us
1558 4476 1728 4520 semit-
1752 4499 1803 4507 -
1822 4478 2022 4528 Quinam
2042 4477 2234 4519 boatum
2257 4477 2445 4519 eulmen
2466 4477 2718 4528 parting-t.

776 4584 795 4615 ι
