3357 4995
226 320 445 385 JUNII
499 321 582 383 16
780 363 787 372 -
940 338 1019 382 nn
1068 338 1122 383 s.
1180 336 1471 384 nannoni-1
1521 338 1816 385 uisas-:ivm
1865 338 2062 384 EPtSC.
2451 343 2465 356 ·
2576 323 2704 385 389

228 435 459 493 autem
501 420 603 490 illi
680 420 1011 490 Dominus
1059 421 1353 510 gratiam
1402 435 1467 491 et
1518 422 1860 492 malorum
1928 422 2262 508 requiem,
2316 435 2393 492 ut
2454 423 2788 515 deinceps

232 512 531 599 reliquos
558 510 730 588 vitae
764 532 982 579 annos
1014 532 1234 597 usque
1260 510 1347 579 ad
1397 510 1813 601 decrepitam
1852 524 2194 581 senectam
2227 511 2298 578 in
2328 533 2495 601 paee
2536 535 2779 603 agens,

224 599 716 671 restaurandae
764 599 1103 668 Ecclesiae
1152 621 1316 669 suae
1348 612 1412 668 et
1458 601 1903 690 extirpandae
1951 600 2289 679 zizaniae,
2350 623 2527 687 quae
2571 601 2783 691 longo

216 691 367 780 jam
437 701 743 778 tempore
815 689 885 756 in
961 689 1314 760 Dominico
1389 711 1555 777 agro
1628 688 2266 778 suppullulaverat,
2333 690 2786 776 tranquillam

230 790 457 869 posset
485 799 762 867 operam
800 776 1243 866 impendere:
1297 778 1480 864 quod
1531 789 1595 847 et
1645 777 1885 848 sedulo
1911 777 2215 868 perfecit.
2272 782 2347 846 Et
2385 779 2548 865 quia
2585 801 2787 868 prae-

226 869 431 957 cipue
479 868 629 955 ejus
668 867 902 934 animo
938 866 1259 935 haerebat
1297 868 1583 954 antiqua
1633 865 2031 935 Sclavorum
2066 889 2273 935 cura:
2332 867 2592 936 idcirco
2640 891 2778 954 quo

228 956 485 1036 studiO,
536 978 674 1042 qua
706 955 1059 1034 doctrina,
1106 955 1991 1041 quibusve-miraculorum
2042 955 2262 1045 signis
2325 956 2478 1026 illos
2527 957 2614 1026 ab
2664 979 2788 1025 an-

228 1046 439 1132 tiquis
494 1066 732 1113 eorum
783 1044 1134 1112 erroribus
1175 1044 1257 1112 ad
1314 1044 1748 1114 infallibilem
1801 1045 2048 1114 Christi
2097 1044 2449 1113 veritatem
2504 1045 2781 1114 tandem

230 1134 665 1210 revocaverit,
719 1155 927 1219 quam
982 1133 1380 1201 brevissime
1415 1148 1645 1223 potero
1694 1135 2143 1220 sequentibus
2192 1133 2632 1223 complectar.

317 1226 353 1309 ξ
406 1225 549 1293 ²2.
622 1221 1010 1289 Meminisse
1072 1221 1182 1290 hic
1231 1221 1495 1310 oportet
1541 1245 1781 1291 eorum
1813 1278 1828 1300 ,
1881 1245 2058 1310 quae
2122 1245 2335 1312 supra
2395 1223 2478 1290 de
2530 1224 2788 1291 sclavis

242 1311 755 1380 disseruimus:
794 1309 922 1390 Qui
971 1310 1231 1379 scilicet
1276 1323 1641 1397 utramque
1693 1311 1911 1401 ripam
1939 1312 2135 1388 Albis
2183 1311 2778 1384 circumsidentes,

236 1399 479 1489 gentili
534 1399 1147 1487 superstitiosoque
1197 1398 1353 1478 ritu,
1409 1400 1736 1468 honorem
1788 1422 1992 1486 quem
2049 1401 2344 1469 Creatori
2393 1400 2782 1476 debebant,

234 1489 445 1557 rebus
472 1488 886 1557 exhibebant
911 1489 1177 1567 creatis,
1226 1487 1490 1578 lignum
1529 1488 1712 1574 quod
1748 1489 2097 1568 dolabant,
2138 1504 2202 1557 et
2244 1488 2542 1578 lapidem
2579 1512 2783 1576 quem

236 1577 615 1645 caedebant
662 1577 1203 1645 irrationabilem
1253 1577 1637 1646 adorantes.
1676 1583 1762 1645 De
1788 1600 2083 1663 quorum
2129 1578 2438 1647 moribus
2485 1601 2645 1646 cum
2682 1578 2788 1646 di-

232 1689 355 1734 vus
406 1671 635 1734 Benno
685 1665 1086 1752 Gregorium
1139 1666 1537 1735 Pontificem
1571 1667 1927 1735 certiorem
1983 1666 2441 1746 reddidisset,
2497 1667 2783 1735 manda-

227 1767 375 1823 tum
407 1767 471 1822 et
503 1756 922 1844 Apostolicae
970 1754 1332 1844 legationis
1360 1777 1618 1824 munus
1649 1756 1736 1823 ab
1786 1778 1864 1823 eo
1914 1757 2190 1843 recepit,
2237 1779 2398 1824 cum
2444 1768 2776 1846 potestate

235 1843 675 1930 praedicandi
728 1844 826 1912 eis
859 1845 1141 1912 verbum
1183 1845 1319 1922 Dei,
1371 1857 1435 1911 et
1468 1843 1871 1913 absolvendi
1904 1867 1942 1912 a
1991 1845 2193 1912 certis
2240 1845 2519 1913 casibus
2568 1845 2780 1914 etiam

232 1932 387 2001 Sedi
436 1932 852 2022 Apostolicae
904 1932 1543 2102 reservatisaLePuare
1572 1933 1793 2002 factus
1839 1947 1940 2001 est
1979 1933 2202 2002 indies
2235 1934 2457 2022 major
2505 1933 2591 2002 ad
2621 1954 2782 2002 eum

229 2043 612 2090 concursus
662 2023 1101 2111 populorum,
1208 2044 1237 2088 r
1351 2022 1523 2110 ipue
1574 2022 1996 2098 sclavorum,
2043 2043 2341 2108 quorum
2378 2022 2591 2108 aliqui
2643 2045 2785 2090 me-

233 2130 458 2178 mores
497 2110 725 2179 adhuc
774 2112 1101 2209 pristinae
1175 2111 1500 2190 octrinae‚
1540 2133 1747 2198 quam
1786 2110 1924 2179 illis
1965 2112 2118 2198 pius
2149 2125 2337 2200 pater
2369 2112 2782 2199 priusquam

231 2221 273 2265 a
322 2203 509 2285 Rege
556 2199 624 2265 in
693 2199 973 2268 exilium
1032 2200 1287 2269 missus
1334 2213 1554 2277 esset,
1612 2199 2029 2277 tradiderat,
2118 2221 2277 2288 prae
2327 2199 2668 2269 desiderio
2717 2212 2784 2268 et

232 2306 469 2352 amore
508 2286 683 2353 sacri
720 2288 940 2375 ipsius
986 2286 1238 2374 eloquii
1289 2288 1470 2356 ultro
1532 2311 1602 2355 se
1665 2287 1765 2356 illi
1823 2300 2195 2377 prostratos
2237 2288 2659 2366 offerebant,
2719 2300 2786 2357 et

233 2371 594 2441 commissi
645 2375 918 2443 sceleris
973 2397 1130 2444 cum
1203 2399 1508 2444 moerore
1567 2399 1645 2445 ae
1702 2376 1889 2445 luctu
1943 2377 2208 2444 veniam
2261 2379 2603 2467 petebant.
2660 2375 2785 2444 Ille

233 2471 492 2539 autem,
548 2475 622 2529 ut
672 2463 856 2531 mitis
895 2478 1037 2533 erat
1084 2464 1333 2546 corde,
1388 2478 1452 2534 et
1500 2487 1763 2555 pronus
1811 2464 1894 2534 ad
1954 2465 2490 2555 ignoscendum,
2562 2464 2784 2534 obviis

231 2572 348 2619 eos
400 2551 721 2621 manibus
754 2605 772 2629 ,
832 2565 894 2619 et
944 2553 1150 2622 veluti
1200 2553 1607 2641 postliminii
1658 2555 1818 2642 jure
1866 2553 1953 2622 ad
2013 2553 2356 2624 Christum
2407 2554 2784 2625 redeuntes

235 2640 547 2728 excepit:
606 2640 1128 2729 Scripturasque
1194 2642 1332 2711 illis
1383 2646 1529 2712 t‘um
1604 2644 1890 2721 veteris,
1946 2655 2088 2712 tum
2146 2645 2298 2712 novi
2366 2644 2783 2713 Testamenti

239 2749 653 2818 proponenS,
707 2730 1281 2815 quantum.coelo
1327 2744 1503 2801 esset
1549 2733 1886 2821 gaudium
1937 2753 2148 2820 super
2189 2754 2328 2800 uno
2361 2732 2566 2800 etiam
2626 2753 2782 2820 pec-

233 2829 459 2886 catore
493 2838 844 2894 converso,
898 2839 1032 2885 non
1066 2818 1287 2887 solum
1330 2821 1416 2888 ad
1474 2821 1838 2909 lacrymas,
1879 2820 1994 2891 sed
2030 2833 2093 2889 et
2139 2821 2629 2906 quodcumque
2679 2842 2787 2888 sa-

236 2904 647 2976 tisfactionis
695 2928 915 2995 genus
963 2905 1161 2975 facile
1210 2907 1600 2977 inducebat.

321 2998 357 3081 ξ
416 2998 562 3065 28.
649 3000 815 3063 Cum
890 3008 1115 3063 autem
1191 2997 1704 3067 multitudinem
1772 2998 2270 3067 confluentium
2339 2998 2580 3066 civitas
2648 3020 2784 3067 non

231 3096 547 3171 caperet,
623 3083 848 3153 locum
924 3085 1240 3152 concioni
1302 3100 1540 3175 aptum
1591 3086 1892 3175 delegit,
1953 3085 2196 3154 vallem
2262 3088 2522 3156 scilicet
2568 3109 2785 3161 unam

232 3172 489 3260 apricis
538 3172 829 3241 saltibus
861 3194 1246 3253 amoenam,
1304 3175 1492 3243 mille
1541 3176 1626 3243 ab
1684 3177 1856 3244 urbe
1915 3176 2258 3264 passibus,
2330 3178 2503 3244 inter
2551 3176 2787 3245 Orien-

233 3273 362 3328 tem
414 3272 479 3329 et
507 3262 908 3347 Aquilonem
937 3262 1266 3351 exposita.
1304 3267 1452 3332 Huc
1482 3264 1693 3364 igitur
1725 3265 2119 3332 catervatim
2147 3265 2537 3333 advolantia
2571 3264 2788 3333 multa

231 3347 452 3417 millia
486 3349 847 3419 hominum
883 3351 1385 3422 sacratissimos
1435 3352 1623 3421 ill1us
1673 3374 2046 3427 sermones,
2083 3353 2167 3421 de
2217 3375 2490 3423 summo
2524 3376 2603 3423 ac
2630 3375 2786 3421 vero

228 3441 384 3517 De0,
441 3438 526 3507 de
562 3440 784 3529 prima
826 3439 1187 3508 hominum
1239 3440 1504 3529 origine
1533 3453 1597 3508 et
1644 3463 1884 3510 eorum
1930 3441 2150 3529 lapsu,
2186 3441 2272 3509 de
2314 3443 2788 3511 incarnatione

227 3526 451 3607 Verbi,
491 3540 556 3596 et
605 3527 893 3596 humani
945 3528 1216 3617 generis
1267 3530 1784 3609 restauratione,
1838 3542 2239 3615 caeteraque
2288 3530 2355 3598 id
2417 3552 2639 3621 genus
2675 3553 2787 3599 sa-

226 3628 581 3685 cramenta
615 3615 897 3686 arrectis
932 3616 1345 3685 hauriebant
1374 3618 1686 3687 auribus
1749 3617 2060 3703 Plerique
2117 3621 2322 3688 etiam
2389 3620 2639 3710 spiritu
2689 3620 2786 3688 ita

225 3706 630 3794 compuncti
679 3718 863 3784 sunt,
922 3718 998 3774 ut
1052 3704 1260 3784 idola,
1321 3708 1498 3791 quae
1546 3705 1735 3774 domi
1811 3706 2176 3787 habebant,
2232 3708 2362 3777 sub
2410 3723 2787 3797 conspectu

226 3792 352 3860 viri
401 3795 619 3862 sancti
657 3793 1075 3894 proferentes
1124 3794 1466 3863 frustatim
1517 3794 2107 3874 comminuerent,
2175 3797 2411 3883 sicque
2459 3797 2676 3866 ductu
2722 3809 2787 3865 et

225 3882 564 3972 auspiciis
611 3882 751 3951 divi
789 3884 1147 3952 -Bennonis
1222 3882 1492 3952 animas
1568 3904 1730 3951 suas
1806 3883 2029 3953 salvas
2079 3884 2401 3954 facerent.
2470 3884 2784 3969 Quadam

226 3992 384 4038 vero
432 3970 566 4051 die,
620 3993 779 4041 cum
836 3971 1138 4061 populus
1186 3971 1689 4040 ferventissimo
1738 3971 1902 4042 solis
1967 3986 2161 4043 aestu
2225 3974 2581 4052 laborans,
2636 3974 2785 4044 siti-

224 4058 465 4127 bunda
527 4060 829 4149 amplius
898 4082 1017 4129 ora
1068 4061 1175 4128 vix
1224 4059 1399 4128 ferre
1462 4073 1735 4150 posset:
1808 4060 2251 4132 beatissimus
2299 4076 2493 4154 pater
2555 4069 2784 4132 Benno

221 4146 448 4216 oculis
486 4170 766 4218 sursum
819 4149 1054 4220 levatis
1102 4161 1167 4217 et
1212 4149 1519 4218 oratione
1550 4148 1726 4218 facta
1766 4150 1850 4219 ad
1901 4171 2060 4219 eum
2110 4152 2231 4239 qui
2280 4154 2613 4221 convertit
2667 4172 2782 4240 pe-

229 4248 407 4303 tram
458 4237 524 4304 in
577 4249 844 4327 stagna,
897 4249 962 4307 et
1012 4258 1253 4327 rupem
1313 4238 1380 4305 in
1446 4237 1666 4307 fontes
1714 4260 2080 4326 aquarum,
2157 4241 2406 4310 baculo
2458 4238 2782 4332 pastorali

226 4336 479 4392 terram
525 4323 797 4417 feriisse·
837 4326 1127 4395 dicitur:
1180 4348 1259 4395 ex
1308 4348 1446 4413 qua
1497 4348 1653 4395 mox
1701 4325 1853 4395 fons
1911 4349 2129 4415 aquae
2179 4329 2488 4400 salientis
2549 4340 2778 4398 scatu-

228 4412 438 4496 τίθης,
470 4413 663 4482 arida
704 4413 1064 4485 hominum
1100 4414 1291 4485 labra
1338 4415 1612 4486 coelesti
1641 4415 1906 4503 liquore
1957 4416 2211 4506 proluit
2242 4439 2322 4486 ac
2348 4415 2771 4487 refocillavit.
