3357 4995
170 330 361 396 mm
404 332 446 396 2
695 349 1039 398 rmsmr.
1092 351 1185 399 ss.
1240 351 1354 398 int.
1410 352 1591 399 vanu
1639 352 1717 399 ετ
1766 350 2146 402 uanescunt
2523 336 2597 401 61

174 433 369 503 adhuc
410 454 749 525 magnum
799 433 990 505 illius
1037 434 1332 505 inauditi
1398 437 1698 527 portenti
1746 447 1943 526 paret
1989 436 2359 507 indicium.
2424 443 2700 508 Constat

171 522 325 591 enim
396 522 769 592 humorem
843 521 1044 613 illum
1103 525 1373 612 saporis
1419 523 2034 606 fuisse‘subsalsi,
2088 525 2172 595 ad
2228 526 2696 616 lacrymarum

168 610 454 681 videlicet
483 610 916 699 qualitatem:
953 624 1019 680 et
1049 613 1449 683 tenuitatem
1498 612 2076 701 quidem·aquae‚
2129 612 2429 683 colorem
2466 627 2695 685 autem

162 699 279 767 veri
316 700 689 790 sanguinis
732 697 1086 770 habuisse.
1126 700 1379 771 Eadem
1428 714 1627 773 nocte
1673 701 1955 771 cuidam
2004 723 2083 772 ex
2133 702 2370 792 pueris
2411 703 2690 785 nostris,

159 787 419 858 nomine
468 787 885 858 Ruodlando
932 809 1056 878 per
1108 790 1406 876 quietem
1464 790 1605 860 duo
1644 791 1940 881 juvenes
1979 789 2110 860 visi
2158 802 2324 861 sunt
2371 791 2692 873 astitisse,

155 876 257 962 qui
293 878 382 957 ei,
437 887 519 946 ut
566 877 717 967 ipse
765 887 1050 948 testatus
1087 890 1212 959 est,
1264 877 1352 948 de
1398 878 1894 950 transferendis
1935 883 2342 949 Sanctorum
2392 880 2700 971 corpori-

151 964 269 1034 bus
318 965 546 1047 multa
592 964 770 1034 mihi
831 964 1126 1036 dicenda
1186 967 1716 1048 mandaverunt,
1761 980 1827 1038 et
1882 966 1968 1037 ad
2016 988 2225 1054 quem
2279 967 2535 1049 locuni,
2590 968 2693 1038 vel

149 1053 442 1137 qualiter
487 1052 559 1122 id
608 1054 760 1123 fieri
805 1053 1104 1136 deberet,
1156 1055 1646 1127 ostenderunt:
1700 1069 1764 1126 et
1806 1068 1885 1127 ut
1922 1056 2051 1126 hoc
2092 1056 2266 1126 mihi
2315 1056 2464 1126 sine
2506 1078 2699 1126 mora

150 1141 383 1213 fuisset
456 1142 851 1212 nuntiatum
882 1198 900 1223 ,
969 1143 1370 1215 terribiliter
1430 1144 1924 1215 comminando
1987 1158 2508 1246 praeceperunt.
2564 1146 2695 1228 Qui

148 1252 299 1300 mox
329 1242 413 1301 ut
448 1253 560 1300 me
590 1230 783 1300 adire
830 1232 1076 1322 potuit,
1109 1233 1357 1303 omnia
1386 1253 1564 1320 quae
1594 1234 1841 1323 jussus
1873 1233 2122 1315 fuerat,
2161 1234 2335 1303 rmhi
2377 1234 2699 1303 intimare

149 1321 435 1389 curavit.
491 1319 758 1403 Quibus
806 1319 1087 1403 auditiS‚
1127 1322 1328 1394 curis
1373 1322 1779 1414 ingentibus
1825 1334 2176 1403 aestuare,
2213 1335 2282 1391 et
2316 1321 2480 1410 quid
2522 1322 2697 1391 mihi

151 1420 321 1477 esset
367 1407 721 1500 agendum
753 1463 769 1489 ,
823 1410 1058 1479 animo
1105 1421 1397 1480 tractare
1442 1411 1681 1501 coepi:
1733 1422 1972 1480 utrum
2022 1410 2274 1481 iterum
2314 1410 2587 1501 jeJunia
2633 1423 2699 1480 et

152 1518 229 1566 su
281 1495 693 1587 plicationes
740 1496 1215 1579 celebrandae,
1250 1522 1331 1568 ac
1362 1504 1542 1570 Deus
1592 1521 1837 1570 rursus
1885 1520 2009 1589 pro
2040 1512 2274 1569 nostra
2303 1500 2698 1570 curiositate

152 1606 221 1654 so
251 1585 654 1655 icitandus:
708 1607 797 1656 an
859 1586 1116 1673 aliquis
1183 1592 1314 1658 Deo
1362 1588 1602 1659 devote
1667 1609 1748 1659 ac
1812 1586 2109 1678 perfecte
2170 1587 2476 1658 serviens
2522 1600 2701 1658 esset

149 1675 611 1759 quaerendus,
663 1674 780 1744 cui
827 1676 1236 1745 anxietatem
1286 1676 1519 1749 cordis
1565 1676 1785 1746 nostri
1823 1689 1889 1746 et
1925 1698 2256 1747 curarum
2301 1688 2698 1747 nostrarum

149 1763 621 1848 querimonias
669 1762 1001 1845 iudicare,
1045 1785 1394 1852 quemque
1430 1787 1672 1857 rogare
1720 1766 2214 1855 potuissemus,
2259 1777 2337 1835 ut
2368 1765 2700 1836 orationi·

151 1849 277 1920 bus
325 1854 477 1922 suis
523 1874 566 1921 a
614 1855 748 1921 Deo
796 1852 999 1923 nobis
1048 1853 1263 1943 hujus
1312 1855 1417 1924 rei'
1459 1854 2084 1926 manifestationem
2122 1854 2544 1944 impetraret.
2570 1853 2699 1924 Sed

152 1938 264 2008 ubi
315 1941 420 2010 vel
470 1931 753 2029 quan’do
801 1940 919 2010 ille
960 1941 1118 2012 talis
1152 1942 1404 2013 Christi
1434 1941 1743 2013 famulus
1788 1965 1829 2013 a
1876 1941 2079 2012 nobis
2111 1955 2341 2032 posset
2379 1942 2699 2022 inveniri,

152 2030 554 2115 praesertim
593 2029 663 2098 in
703 2028 1165 2121 illa-regione,
1217 2031 1288 2100 in
1337 2053 1478 2119 qua
1525 2031 1798 2101 tametsi
1845 2029 2185 2118 quaedam
2234 2032 2566 2101 coenobia
2615 2030 2701 2100 ab

152 2136 224 2186 eo
271 2118 447 2198 loco,
502 2118 575 2188 in
622 2139 761 2205 quo
808 2139 1090 2190 eramus
1118 2174 1134 2201 ,
1190 2120 1376 2190 haud
1429 2120 1631 2211 longe
1678 2119 1903 2210 posita
1947 2140 2099 2192 esse
2143 2120 2542 2201 constabat,
2597 2131 2699 2189 ta-

153 2227 305 2275 men
339 2220 621 2297 propter
660 2207 904 2277 rudem
940 2208 1011 2276 in
1047 2207 1158 2278 his
1192 2208 1362 2281 locis
1398 2209 1551 2299 ejus
1589 2207 2132 2279 conversationis
2167 2208 2694 2288 institutionem,

156 2308 267 2362 aut
316 2318 522 2366 rarus
567 2308 691 2365 aut
736 2295 977 2366 nullus
1023 2309 1200 2379 erat,
1271 2296 1356 2366 de
1416 2298 1620 2387 cujus
1680 2297 2039 2367 sanctitate
2088 2295 2221 2366 tale
2267 2296 2530 2384 aliquid
2597 2297 2702 2367 vel

161 2383 382 2453 tenuis
430 2383 620 2454 fama
668 2383 1087 2473 loqueretur.
1354 2456 1365 2459 ,
2065 2410 2066 2413 ’
2423 2417 2440 2435 ·

241 2473 277 2559 ξ
323 2478 468 2546 15.
500 2478 792 2544 ‚Interea
838 2472 1008 2543 dum
1059 2474 1169 2545 his
1201 2474 1451 2545 anxius
1481 2473 1668 2545 curis
1703 2485 2102 2546 sanctorum
2143 2486 2528 2564 martyrum
2563 2472 2707 2544 suf-

160 2558 451 2651 fragium
493 2561 1004 2652 implorassem,
1057 2576 1260 2651 atque
1307 2585 1549 2635 omnes
1592 2563 1714 2650 qui
1763 2586 1906 2634 una
1941 2563 2302 2634 nobiscum
2354 2576 2574 2643 erant,
2629 2575 2707 2632 ut

161 2647 338 2718 idem
384 2649 725 2729 facerent,‘
750 2649 993 2721 sedulo
1038 2652 1655 2733 commonuissem,
1710 2650 1969 2722 factum
2033 2664 2136 2722 est
2183 2663 2262 2722 ut
2310 2672 2432 2742 per
2483 2651 2707 2721 conti-

161 2757 328 2808 nuos
374 2739 528 2809 dies
575 2738 772 2808 nulla
819 2761 950 2809 nox
1000 2741 1422 2831 praeteriret,
1475 2742 1738 2829 in-qua
1788 2740 1887 2810 vel
1935 2739 2060 2809 uni
2113 2739 2212 2809 vel
2256 2739 2557 2821 duobus,
2601 2738 2704 2809 vel

162 2827 353 2896 etiam
388 2827 614 2898 tribus
639 2828 986 2898 sociorum
1018 2841 1410 2900 nostrorum
1447 2830 1512 2899 in
1551 2829 1818 2900 somnis
1850 2828 2226 2899 revelatum
2258 2850 2394 2898 non
2432 2827 2701 2908 fuisset,

162 2914 331 3068 quod
379 2916 502 2986 illa
550 2920 954 2987 Sanctorum
1019 2939 1309 3010 corpora
1355 2918 1443 2987 de
1488 2938 1567 2987 eo
1610 2916 1758 2994 loco
1805 2918 1877 2986 in
1946 2916 2161 2986 alium
2211 2928 2440 2987 essent
2488 2929 2709 2986 trans-

186 3003 457 3074 erenda..
505 3004 600 3074 Ad
650 3016 1028 3075 extremum
1081 3019 1313 3077 autem
1362 3004 1645 3076 cuidam
1696 3006 2106 3096 presbytero
2154 3005 2238 3075 de
2290 3005 2424 3088 his,
2458 3005 2583 3093 qui
2608 3005 2712 3075 ibi

166 3090 512 3163 nobiscum
558 3106 778 3175 erant,
826 3095 1105 3165 nomine
1145 3094 1530 3175 Hildfrido,
1570 3094 1900 3185 apparuit
1959 3095 2029 3163 in
2081 3094 2370 3176 visione,
2423 3106 2501 3164 ut
2559 3094 2710 3184 ipse

168 3176 510 3264 fatebatur,
556 3182 661 3251 vir
691 3181 977 3269 quidam
1028 3184 1271 3254 habitu
1320 3182 1754 3264 sacerdotali,
1809 3183 2062 3253 canitie
2115 3182 2504 3253 veneranda
2542 3204 2709 3252 con-

173 3269 466 3366 spicuus,
519 3270 820 3341 candida
870 3283 1053 3341 veste
1085 3272 1402 3353 indutuS,
1443 3272 1560 3360 qui
1596 3292 1758 3342 eum
1792 3271 2051 3345 talibas
2075 3271 2302 3342 verbis
2332 3270 2711 3362 compella-

174 3369 293 3425 vit:
345 3379 380 3423 a
418 3364 574 3439 Cur,
632 3359 880 3447 inquit,
934 3360 1331 3431 Einhardus
1379 3373 1516 3431 tam
1566 3360 1729 3431 duri
1777 3360 2031 3441 cordiS,
2087 3372 2452 3448 tantaeque
2499 3359 2712 3430 obsti-

175 3446 454 3517 nationis
499 3460 627 3529 est‚
668 3461 745 3518 ut
793 3461 886 3518 tot
936 3449 1470 3520 revelationibus
1526 3471 1662 3519 non
1714 3449 1971 3532 credat,
2010 3471 2091 3519 ac
2140 3461 2236 3518 tot
2300 3449 2561 3519 monita
2623 3447 2712 3517 ad

178 3551 240 3601 se
282 3534 607 3606 divinitus
632 3537 870 3606 ·missa
916 3538 1290 3609 arbitretur
1336 3559 1486 3609 esse
1534 3537 2075 3608 contemnenda?
2121 3537 2303 3607 Vade
2348 3549 2413 3606 et
2460 3536 2573 3606 dic
2619 3538 2707 3619 ei,

178 3622 328 3716 quia
371 3623 497 3694 hoc
545 3625 731 3712 quod
767 3625 947 3696 beati
986 3637 1326 3717 martyres
1361 3627 1445 3696 de
1479 3627 1628 3696 suis
1667 3648 1788 3696 cor
1838 3627 2079 3697 oribus
2110 3625 2709 3706 fieri·desiderant,

180 3707 490 3783 infectum
540 3735 896 3784 remanere
930 3735 1066 3783 non
1111 3716 1381 3806 poterit,
1417 3716 1739 3803 quamvis
1770 3715 1790 3784 i
1827 3715 1887 3785 le
1921 3715 2255 3786 hactenus
2286 3714 2712 3813 voluntatem

179 3816 395 3868 eorum
444 3803 513 3870 in
560 3802 696 3874 hac
727 3825 799 3871 re
847 3801 1069 3873 facere
1116 3804 1526 3877 distulisset.
1582 3808 1660 3872 Et
1702 3803 1850 3891 jam
1893 3826 2104 3885 nunc,
2159 3803 2215 3873 si
2268 3825 2404 3872 non
2452 3802 2610 3876 velit
2638 3815 2716 3872 ut

180 3881 372 3981 liujus
416 3889 576 3961 facti
629 3891 947 3963 meritum
998 3892 1083 3962 ad
1127 3892 1343 3963 alium
1386 3904 1715 3972 transeat,
1755 3891 2031 3962 festinet
2060 3914 2296 3963 eorum
2335 3890 2714 3981 adimplere

177 3977 534 4058 jussionem
569 4034 584 4060 ‚
637 3992 703 4048 et
748 3979 835 4048 ad
885 3981 1113 4051 locum
1164 4002 1372 4068 quem
1435 3981 1599 4071 ipsi·
1635 3981 2039 4072 elegerunt,
2093 4003 2381 4070 corpora
2431 3979 2711 4051 illorum

183 4060 513 4149 deportare
563 4088 698 4136 non
746 4068 1078 4160 negligat.
1121 4093 1157 4136 »
1432 4077 1450 4097 ⁸
1849 4085 1854 4088 ’
2683 4109 2691 4117 ·

262 4154 461 4237 ξίθ.
505 4161 663 4225 Post
695 4157 821 4227 has
854 4157 1163 4245 aliasque
1204 4157 1776 4238 multimodaffiad
1819 4179 1930 4227 me
1971 4157 2269 4247 perlatas
2299 4156 2714 4228 admonitio-

192 4255 316 4335 nes,
346 4244 560 4313 visum
590 4256 692 4314 est
718 4245 890 4314 mihi
917 4244 1106 4315 illam
1132 4268 1485 4317 sacrorum
1517 4247 1831 4317 cinerum
1862 4246 2378 4317 translationem
2409 4268 2544 4316 non
2567 4267 2717 4316 esse

192 4321 426 4399 diutius
459 4331 932 4404 differendam:
987 4357 1067 4404 ac
1116 4335 1409 4436 proinde
1459 4335 1628 4405 inito
1676 4336 2005 4417 consilio,
2051 4335 2485 4405 decrevimus
2523 4346 2603 4404 ut
2645 4333 2715 4402 id

193 4430 420 4496 quanto
439 4420 732 4492 celerius
762 4423 906 4492 fieri
945 4436 1298 4513 potulsset‚
1324 4424 1651 4514 perficere
1673 4438 2120 4495 certaremus,
2151 4425 2369 4515 Igitur
2388 4424 2715 4492 omnibus

2124 4721 2133 4732 ‘
2236 4737 2280 4786 o
