3357 4995
255 337 478 402 JUNII
531 336 611 400 13
991 356 1067 401 DE
1117 356 1171 401 s.
1226 354 1501 403 amomo
1549 357 1588 400 A
1640 357 1847 402 ranna
1895 356 2076 403 mero
2592 342 2718 405 307

259 446 581 508 cernebat
607 461 645 506 a
679 437 980 538 maligno
1005 439 1339 508 daemone
1370 440 1633 511 vinctos
1662 441 1974 521 detineri,
2011 453 2073 509 et
2100 440 2186 508 ad
2218 453 2501 511 mortem
2532 443 2805 512 tendere

259 527 773 617 sempiternam,
821 527 905 596 iis
957 526 1334 599 liberandis
1370 530 1814 619 praecipuam
1868 531 2158 598 navabat
2205 552 2506 620 operam.
2568 536 2647 600 Et
2693 555 2805 601 so-

265 618 492 687 lebant
539 614 862 686 nonnulli
912 617 1141 685 venire
1175 616 1259 684 ad
1297 622 1583 698 FratreS,
1629 640 1786 687 cum
1839 619 2068 688 adhuc
2121 618 2367 688 viveret
2417 621 2518 686 vir
2550 621 2686 699 Dei,
2741 633 2806 690 et

259 729 385 795 pro
440 718 622 774 certo
662 701 1030 783 affirmare,
1094 705 1263 795 ipsis
1297 705 1367 774 in
1403 706 1574 775 lecto
1611 708 2005 796 jacentibus
2053 709 2461 797 apparuisse
2509 730 2694 793 eum,
2739 722 2804 777 et

252 795 544 864 dixisse:
601 799 816 882 Surge
868 794 1172 874 Mar-tine,
1228 817 1434 884 surge
1486 801 1743 885 Agnes:
1805 797 1918 866 abi
1971 796 2055 864 ad
2112 796 2306 865 illum
2362 802 2684 878 Fratrem,
2739 811 2804 866 et

255 885 386 953 hoc
421 883 563 953 sive
611 882 785 951 illud
834 895 1188 971 peccatum
1229 883 1290 951 ei
1339 884 1686 964 confitere,
1723 898 1888 970 quot
1939 885 2056 953 tali
2089 887 2157 953 in
2197 885 2343 953 loco
2375 888 2799 975 perpetrasti,

255 971 460 1059 cujus
493 993 694 1040 nemo
721 981 987 1060 praeter
1023 976 1232 1039 Deum
1264 974 1584 1042 conscius
1624 985 1791 1042 erat.
1838 979 1983 1055 Q*
2012 974 2273 1042 ratione
2310 988 2586 1063 peccata
2614 997 2805 1064 pror-

258 1083 382 1130 sus
430 1060 696 1129 occulta
746 1061 1016 1148 expiata
1057 1059 1267 1128 fuere.

348 1153 385 1236 ξ
432 1153 589 1222 35.
647 1148 1016 1217 Paduanus
1065 1148 1347 1234 quidam
1385 1151 1526 1218 viro
1564 1150 1675 1219 Dei
1710 1151 2046 1220 confitens
2096 1165 2369 1240 peccata
2418 1174 2565 1232 sua,
2622 1153 2797 1221 inter

256 1238 393 1307 alia
441 1237 875 1327 exposuikei,
929 1236 1110 1323 quod
1155 1252 1442 1306 matrem
1495 1260 1694 1308 suam
1764 1251 1948 1316 tanta
2001 1240 2060 1307 vi
2110 1241 2425 1310 trusisset
2476 1241 2665 1329 pede,
2698 1256 2795 1318 ‚ut

261 1327 380 1395 illa
428 1326 786 1425 compulsa
822 1325 1026 1396 fuerit
1055 1326 1320 1395 cadere.
1371 1326 1441 1395 ld
1493 1327 1786 1397 audiens
1844 1329 1948 1395 vir
1996 1341 2297 1407 sanctus,
2337 1331 2563 1398 omnis
2600 1330 2797 1398 mali-

264 1416 396 1484 tiae
428 1416 641 1484 hostis
690 1414 1029 1504 capitaliS,
1070 1436 1229 1484 cum
1265 1415 1565 1501 quodam
1605 1416 1893 1505 spiritus
1940 1416 2199 1485 fervore
2247 1417 2452 1487 dixit:
2486 1423 2628 1497 PeS,
2666 1441 2804 1505 quo

264 1516 453 1594 pater
497 1515 617 1573 aut
668 1516 882 1572 mater
917 1505 1313 1592 percutitur,
1369 1505 1608 1573 merito
1664 1506 2185 1594 quamprimum
2235 1506 2510 1576 deberet
2560 1529 2804 1597 ampu-

262 1595 414 1661 tari.
469 1592 659 1675 Quod
712 1592 828 1660 ille
879 1592 1421 1680 bomosimplex
1472 1615 1829 1682 perperam
1880 1594 2250 1684 accipienS‚
2309 1594 2465 1665 ilico
2514 1596 2796 1665 domum

258 1682 424 1762 abit,
471 1694 534 1750 et
580 1680 818 1770 pedem
870 1692 1200 1769 amputat.
1250 1687 1396 1750 Mox
1449 1705 1567 1771 per
1597 1683 1914 1766 omnium
1946 1704 2063 1751 ora
2115 1684 2345 1752 volitat
2393 1684 2671 1753 crudele
2704 1685 2804 1752 fa-

256 1771 485 1849 cinus,
525 1782 587 1838 et
620 1768 704 1837 ad
745 1770 965 1837 virum
1007 1771 1118 1837 Dei
1171 1769 1476 1842 refertur.
1529 1771 1659 1853 Qui
1702 1772 1961 1858 absque
1999 1794 2189 1841 mora
2220 1773 2362 1841 adit
2418 1774 2795 1852 hominem,

255 1872 322 1927 et
373 1872 526 1948 post
570 1858 834 1927 oblatas
887 1863 1015 1926 Deo
1050 1880 1308 1946 preceS,
1350 1862 1584 1928 Crucis
1634 1860 1835 1948 signo
1881 1882 2223 1949 expresso,
2270 1861 2506 1950 jungit
2559 1862 2799 1951 pedem

260 1948 490 2029 tibiae,
545 1961 610 2016 et
657 1947 1062 2033 aliquandiu
1105 1947 1271 2016 -linit
1310 1949 1523 2016 sacris
1573 1949 1900 2018 manibus
1949 1951 2117 2018 suis.
2172 1951 2536 2019 Confestim
2583 1951 2813 2036 surgit·

261 2038 469 2105 homo
519 2035 913 2113 incolumis,
968 2036 1336 2104 ambulans
1383 2051 1448 2106 et
1495 2036 1804 2116 exiliens,
1859 2050 1923 2107 et
1971 2037 2265 2108 laudans
2304 2044 2535 2116 Deum,
2572 2052 2635 2106 et
2702 2041 2802 2107 in-

262 2140 500 2214 gentes
548 2147 760 2215 agens
795 2125 1051 2214 gratias
1100 2147 1291 2194 servo
1339 2124 1488 2212 ejus
1532 2126 1720 2193 fideli
1756 2128 2065 2195 Antonio.

351 2217 386 2300 §
433 2217 596 2284 88.
653 2213 1110 2301 Tyrannidem
1162 2215 1347 2303 apud
1405 2220 1822 2283 Veronenses
1861 2230 2241 2304 occupante
2293 2216 2800 2286 immanissimo
2878 2241 2881 2242 ⁷

263 2301 380 2370 illo
435 2303 702 2370 Ecelino
754 2308 1060 2370 Romano
1101 2303 1155 2382 *,
1209 2325 1370 2372 cum
1418 2302 1775 2372 didicisset
1837 2306 2075 2373 beatus
2128 2305 2458 2374 Antonius
2510 2305 2796 2373 multam

262 2413 424 2459 eum
475 2390 834 2459 hominum
887 2390 1162 2459 caedem
1228 2413 1347 2479 per
1394 2415 1743 2460 summam
1812 2391 2287 2461 crudelitatem
2346 2399 2640 2461 Veronae
2703 2393 2801 2460 fe-

257 2480 457 2559 cisse,
526 2479 913 2570 intrepidus
970 2478 1168 2548 illum
1226 2481 1534 2560 accessit,
1589 2492 1795 2567 atque
1830 2481 1967 2549 'his
2036 2481 2257 2551 verbis
2318 2480 2791 2569 compellavit:

259 2594 294 2633 «
328 2569 648 2637 Imminet
682 2568 1065 2637 cervicibus
1102 2569 1236 2637 tuis
1265 2581 1549 2657 tyranne
1599 2570 1996 2640 saevissime
2044 2582 2108 2638 et
2148 2571 2385 2639 rabide
2419 2571 2610 2639 canis
2646 2570 2801 2638 hor-

261 2658 470 2726 renda
530 2657 860 2725 sententia
913 2658 1051 2725 Dei.
1111 2662 1480 2745 Quousque
1531 2680 1663 2725 non
1719 2659 2130 2749 temperabis
2187 2658 2309 2726 tibi
2358 2682 2393 2727 a
2446 2658 2798 2728 fundendo

255 2745 636 2814 insontium
693 2747 1052 2821 hominum
1092 2746 1480 2836 sanguine?
1524 2770 1556 2813 »
1596 2747 1931 2833 Pluraque
1958 2747 2068 2815 his
2098 2748 2351 2815 similia
2396 2769 2553 2816 voce
2595 2747 2800 2816 liber-

255 2835 431 2903 rima
472 2836 541 2901 in
579 2835 819 2903 faciem
841 2836 910 2901 ei
944 2835 1136 2903 dixit.
1170 2836 1304 2916 Qui
1336 2857 1491 2903 vero
1530 2836 1840 2914 aderant,
1888 2835 2058 2904 nihil
2103 2837 2550 2925 expectabant
2575 2836 2789 2915 aliud,

257 2924 391 2992 nisi
445 2922 641 2992 illum
684 2945 869 2992 more
918 2942 1044 2992 suo
1082 2924 1471 3011 jussurum,
1510 2937 1584 2992 ut
1624 2925 2118 2993 trucidaretur:
2162 2926 2278 2996 sed
2314 2948 2512 2994 secus
2546 2926 2790 2994 evenit.

255 3017 424 3081 Nam
474 3013 665 3081 omni
717 3013 936 3101 posita
970 3012 1254 3092 feritate,
1313 3012 1530 3081 instar
1576 3014 1744 3093 ovis,
1790 3013 1873 3082 ad
1918 3013 2046 3082 coll
2148 3038 2173 3080 ]
2212 3036 2551 3114 suspensa
2597 3016 2791 3093 zona,

203 3180 206 3181 7
253 3122 485 3170 coram
542 3101 683 3170 viro
735 3103 845 3168 Dei
889 3101 1082 3169 humi
1122 3112 1524 3190 prostratus
1580 3101 1863 3190 culpam
1913 3120 2113 3172 suam
2165 3102 2521 3171 humiliter
2560 3103 2792 3182 edixit,

253 3210 669 3275 omnemque
754 3212 826 3260 ro
859 3189 1048 3258 illius
1077 3190 1359 3260 arbitrio
1388 3190 1703 3279 promisit
1735 3192 2286 3260 emendationem
2315 3216 2327 3258 :
2385 3191 2792 3281 adjecitque:

253 3278 392 3346 Viri
440 3279 692 3346 commi
729 3280 966 3357 itoneS,
1048 3300 1181 3347 non
1237 3279 1425 3349 vobis
1477 3280 1703 3347 isthuc
1769 3281 2022 3349 mirum
2078 3280 2408 3350 videatur.
2467 3287 2635 3349 Nam
2701 3303 2800 3347 re-

254 3388 412 3435 vera
460 3366 771 3436 divinum
838 3367 1208 3453 quemdam
1260 3367 1399 3435 vidi
1447 3367 1786 3457 fulgorem
1845 3391 1953 3437 ext
1993 3369 2203 3457 hujus
2245 3370 2437 3438 vultu
2509 3369 2786 3447 vibrari,

249 3456 372 3541 qui
413 3454 580 3523 adeo
617 3479 724 3524 me
806 3456 1146 3533 erterruit,
1199 3468 1274 3525 ut
1324 3478 1431 3524 me
1475 3470 1749 3546 repente
1783 3458 1851 3524 in
1898 3471 2229 3526 tartarum
2269 3458 2662 3527 demersum
2715 3458 2798 3524 iri

258 3546 543 3613 vererer.
585 3549 675 3612 Ex
711 3478 825 3613 illo
877 3557 1178 3634 tempore
1227 3546 1444 3613 multa
1478 3568 1638 3635 erga
1692 3546 2036 3615 bominem
2092 3547 2206 3615 Dei
2249 3546 2601 3615 devotione
2636 3545 2788 3625 fuit,

248 3647 312 3702 et
359 3633 582 3719 quoad
630 3634 810 3714 vixit,
856 3655 894 3703 a
946 3632 1183 3704 multis
1232 3632 1433 3705 malis
1479 3656 1654 3721 quae
1694 3633 1976 3721 alioqui,
2019 3635 2197 3704 sicut
2239 3635 2385 3724 ipse
2428 3635 2788 3714 fatebatur,

248 3721 541 3801 fecisset,
587 3720 705 3790 illo
738 3723 1144 3800 retrahente,
1189 3722 1547 3792 abstinuit.

338 3813 375 3897 ξ
421 3814 568 3881 8⁸2.
627 3816 843 3880 Potest
870 3810 954 3879 de
1005 3813 1197 3897 beato
1230 3812 1373 3879 viro
1424 3834 1555 3881 non
1592 3811 1893 3881 absurde
1941 3811 2101 3893 dici,
2148 3813 2330 3898 quod
2363 3811 2446 3881 de
2489 3812 2628 3881 filio
2670 3834 2793 3879 suo

244 3900 460 3968 Jacob
509 3898 679 3969 dixit
749 3906 939 3970 Isaac
990 3900 1411 3989 patriarcha:
1471 3906 1628 3969 Ecce
1668 3903 1829 3969 odor
1864 3904 2000 3990 filit
2036 3904 2187 3969 »mei
2221 3904 2393 3969 sicut
2426 3902 2585 3969 odor
2639 3904 2799 3989 (ιφ-ι’

241 3991 453 4078 pleni,
518 3991 631 4057 cui
675 3990 1015 4058 benedicit
1080 3992 1413 4057 Dominus.
1469 3989 1646 4058 Adeo
1695 3990 1880 4058 enim
1931 3990 2242 4061 coelestis
2290 3989 2792 4059 benedictionis

246 4077 466 4166 gratia
522 4076 838 4166 perfusus
883 4090 1049 4158 erat,
1102 4090 1167 4147 et
1213 4078 1544 4148 virtutum
1595 4077 1956 4147 odoriferis
2004 4079 2293 4148 floribus
2342 4078 2633 4147 mirifice
2681 4102 2791 4146 or-

249 4178 497 4245 natuS‚
566 4180 640 4236 ut
704 4180 882 4236 esset
930 4167 1314 4237 humilitate
1380 4167 1836 4256 praecipuuS,
1905 4168 2242 4256 sapientia
2311 4167 2785 4245 clarissimus,

303 4364 327 4389 *
358 4362 553 4403 Minimo
583 4366 817 4404 Romanus
849 4366 1093 4405 Eccelinun
1123 4367 1350 4412 (Eumne)
1377 4364 1602 4406 dicendus
1632 4366 1728 4409 est:
1757 4367 1804 4404 in
1836 4363 2044 4406 Mai-chia
2063 4364 2338 4405 Tarvisium
2357 4366 2498 4414 (apud
2516 4364 2800 4410 Tarvisium,

249 4418 830 4511 {ggffforeasstgpagenotosj
860 4420 1009 4463 ortus,
1037 4417 1284 4461 Germania
1314 4418 1543 4460 oriundus
1573 4422 1689 4459 erat.
1711 4440 1757 4447 —
1781 4420 1899 4460 Nota
1933 4420 2049 4460 mire
2085 4416 2311 4459 domitam
2345 4429 2372 4461 a
2402 4420 2564 4459 sancto
2599 4419 2700 4458 viro
2729 4419 2802 4467 ty-
