3357 4995
656 354 788 422 440
1076 406 1081 409 .
1159 371 1239 418 mr
1286 370 1380 419 ss.
1433 370 1549 418 n.
1603 369 1882 430 mnan,
1938 300 2145 419 sinna
2176 371 2255 419 m·
2300 303 2540 420 maun
2761 355 2984 422 JUNII
3031 357 3114 422 ⁴7

564 455 1001 529 considerare
1032 466 1097 525 et
1124 476 1559 546 componere.
1613 454 1700 525 de
1746 454 2004 543 quibus
2062 454 2257 528 missi
2314 478 2583 539 sumus,
2636 456 2834 528 sedes
2893 459 2979 529 de
3024 459 3114 530 iis

562 546 957 636 disceptans
981 565 1159 632 quae
1196 542 1283 613 ad
1317 556 1377 614 te
1417 543 1591 613 nihil
1623 544 1940 626 attinent,
1973 565 2223 635 nempe
2254 544 2414 633 quis
2453 556 2608 617 tuos
2635 546 2917 635 quidem
2949 547 3114 620 deos

562 633 763 793 cogat,
800 644 866 705 et
905 633 993 705 sit
1037 633 1138 703 eis
1167 632 1576 704 benevolus:
1615 633 1775 721 quis
1812 645 2042 705 autem
2075 655 2193 704 eos
2224 632 2583 724 despiciat,
2626 649 2692 706 et
2719 635 2807 706 ab
2837 636 2938 707 eis
2970 637 3116 710 dis-

561 745 622 794 si
672 735 804 793 eat.
839 745 876 790 »

649 815 687 901 ξ
732 816 891 885 10.
944 816 1225 901 Propter
1269 811 1441 881 haec
1487 832 1730 883 amens
1777 809 1915 892 ille,
1961 809 2066 880 ira
2113 810 2388 901 plenuS‚
2433 834 2612 901 quae
2659 814 2950 884 minime
2996 838 3114 887 co-

560 901 784 972 hiberi
837 911 1121 992 poterat,
1157 900 1490 970 iracunde
1535 899 1706 970 dixit
1752 899 1895 970 eis:
1950 920 1995 966 «·
2022 900 2379 983 Quomodo
2426 923 2570 981 vos,
2627 903 2750 991 qui
2795 903 3006 974 rudes
3051 916 3119 992 ,et

561 988 824 1060 indocti
857 1011 1131 1080 semper
1176 989 1463 1070 vixistis,
1498 1000 1564 1058 et
1603 988 1697 1057 lin
1754 1009 1881 1058 uae
1921 993 2214 1059 Graecae
2254 989 2458 1081 plane
2483 990 2735 1082 ignari,
2789 1009 2929 1062 tam
2979 993 3115 1063 im-

560 1079 901 1172 pudentes
949 1078 1137 1160 estis,
1188 1088 1267 1147 ut
1315 1088 1535 1147 vestra
1589 1100 1702 1147 ma
1732 1100 1772 1146 a
1830 1090 1896 1147 et
1951 1078 2242 1168 reproba
2287 1078 2595 1149 oratione
2646 1080 2846 1150 nobis
2891 1081 3117 1153 velitis

561 1167 1001 1261 persuadere,
1038 1166 1160 1254 qui
1193 1166 1278 1236 ad
1309 1188 1656 1238 summam
1701 1167 2146 1257 pervenimus
2173 1167 2657 1250 eruditionem,
2711 1169 2923 1258 idque
2951 1193 3113 1241 cum

563 1279 690 1327 nec
729 1256 952 1326 simus
983 1255 1265 1342 quidem
1290 1267 1669 1326 vestrarum
1729 1255 1952 1356 ignari
2006 1255 2566 1346 scripturarum?
2614 1258 3111 1341 Sciatisenim,

561 1346 745 1434 quod
787 1367 913 1436 ego
946 1365 1245 1432 quoque,
1296 1365 1458 1414 cum
1505 1365 1725 1413 essem
1761 1365 1830 1413 tn
1879 1345 1980 1414 eis
2013 1344 2390 1432 aliquando
2419 1358 2753 1428 versatus,
2791 1358 2857 1417 et
2887 1348 3117 1418 novis·
3168 1416 3176 1424 ,

564 1457 708 1505 sem
756 1454 964 1521 quam
1014 1455 1133 1503 eae
1164 1443 1393 1504 essent
1423 1444 1787 1523 corruptae
1817 1444 1883 1503 et
1918 1433 2119 1522 plane
2147 1433 2235 1503 ad
2276 1434 2795 1506 dissolvendum
2845 1435 3108 1516 faciles,

562 1546 679 1594 eas
728 1522 1252 1613 quamprimum
1298 1545 1339 1591 a
1388 1521 1627 1612 lingua
1677 1542 1830 1591 mea
1877 1523 2190 1603 abstersi,
2245 1544 2332 1593 ne
2377 1545 2457 1594 ex
2495 1523 2777 1594 illorum
2839 1525 3115 1596 inscitia

558 1624 625 1682 et
656 1611 936 1701 ineptiis
984 1610 1247 1698 aliquid
1280 1610 1533 1681 erroris
1582 1612 2003 1683 contraxisse
2052 1610 2340 1681 viderer.
2393 1616 2604 1683 Nemo
2642 1612 2826 1682 enirn
2868 1613 3138 1697 vestris,

555 1701 771 1771 fretus
804 1700 1027 1780 libris,
1070 1721 1244 1788 quos
1293 1700 1643 1790 eleganter
1703 1700 2050 1791 quispiam
2102 1700 2444 1771 vocaverit
2491 1700 2932 1783 ChristianoS,
2988 1714 3112 1773 aut

557 1812 630 1861 se
654 1811 966 1877 unquam
1000 1789 1216 1858 evasit
1252 1788 1515 1870 melior,
1570 1800 1691 1858 aut
1719 1789 2153 1877 praeclarum
2179 1788 2460 1877 aliquid
2501 1788 2683 1871 fecit,
2722 1803 2787 1861 et
2819 1789 3116 1882 dignum

553 1878 741 1966 quod
776 1891 1378 1948 commemoretur.
1433 1883 1616 1960 Quos
1657 1876 1986 1959 refellere,
2023 1888 2088 1946 et
2129 1878 2304 1947 nihil
2353 1900 2505 1948 esse
2552 1879 2934 1961 ostendere,
2991 1902 3118 1951 nec

553 1967 748 2058 longi
794 1977 896 2036 est
946 1966 1299 2057 temporis,
1351 1988 1479 2036 nec
1527 1965 1657 2034 viri
1694 1966 1793 2036 vel
1846 1966 2283 2037 mediocriter
2312 1967 2600 2038 cordati.
2654 1969 3118 2052 Quamobrem

552 2055 666 2127 his
714 2055 1051 2136 dimissiS,
1107 2068 1172 2124 et
1204 2055 1331 2126 hac
1380 2054 1633 2145 puerili
1690 2067 1755 2125 et
1808 2055 2319 2126 inconsiderata
2366 2056 2803 2158 cogitatione,
2857 2058 3134 2128 credite.

557 2144 734 2213 mihi
782 2143 976 2213 vobis
1023 2144 1415 2215 consulenti
1471 2166 1551 2214 ea
1645 2165 1776 2213 uae
1831 2157 1995 2216 sunt
2050 2143 2359 2215 meliora.
2415 2150 2531 2216 Sin
2581 2157 2813 2215 autem
2869 2146 3113 2217 audire

558 2244 626 2302 et
674 2234 915 2324 parere
976 2232 1361 2314 nolueritis,
1437 2255 1555 2302 vos
1650 2232 1876 2303 ocebit
1930 2245 2426 2304 tormentorum
2486 2235 2929 2324 experientia,
2993 2258 3114 2327 pro

559 2321 890 2409 qualibus
920 2321 1158 2409 qualia
1212 2321 1577 2413 elegerim,
1629 2333 1697 2391 et
1747 2334 2009 2410 quanto
2057 2335 2278 2393 vestro
2346 2322 2528 2393 malo
2575 2323 2664 2393 sit
2709 2323 2880 2394 haec
2927 2345 3119 2396 arro-

562 2411 821 2502 gantia,
877 2421 944 2479 et
975 2411 1341 2493 contentio,
1395 2422 1460 2480 et
1498 2410 2006 2482 absurdissima
2053 2410 2319 2503 religio.
2354 2434 2393 2478 »

650 2502 688 2588 ξ
734 2506 867 2573 11.
921 2504 1014 2570 Ex
1061 2500 1318 2587 quibus
1366 2502 1587 2571 sancti
1634 2501 1860 2591 magis
1909 2501 2324 2582 confirmati,
2376 2523 2541 2571 cum
2590 2523 2833 2591 graves
2880 2501 3114 2572 audis·-

561 2601 713 2661 sent
761 2588 1028 2661 labores
1066 2599 1132 2659 et
1178 2588 1472 2670 doloreS,
1510 2595 1832 2679 Tyranno
1861 2588 2182 2660 dixerunt
2206 2589 2566 2660 audacius:
2600 2595 2693 2661 «Α
2715 2595 2849 2662 Deo
2882 2604 3115 2662 nostro

558 2689 625 2748 et
658 2676 947 2747 Domino
1001 2676 1403 2761 didicimus,
1444 2700 1580 2747 non
1607 2679 1846 2749 timere
1883 2700 1999 2749 eos
2031 2679 2153 2767 qui
2191 2700 2482 2770 corpora
2508 2678 2862 2761 occidunt,
2898 2701 3119 2768 neque

559 2777 840 2857 propter
865 2779 1125 2837 metum
1159 2766 1447 2857 prodere
1482 2767 1855 2849 veritatem,
1891 2789 2115 2855 neque
2143 2767 2424 2856 quando
2474 2767 2911 2851 deducimur,
2968 2789 3113 2843 mer

558 2855 767 2925 ditari
813 2854 981 2943 quid
1033 2856 1597 2946 respondeamuS,
1641 2877 1803 2926 cum
1836 2856 1985 2947 ipse
2019 2857 2314 2947 Spiritus
2354 2861 2646 2927 Sanctus
2691 2869 2757 2926 et
2805 2868 2994 2957 paret
3023 2856 3130 2926 ad,

555 2945 958 3026 certamina,
984 2955 1051 3013 et
1083 2945 1397 3015 animum
1448 2945 1736 3036 impleat
1763 2945 2077 3027 audacia,
2124 2959 2192 3016 et
2221 2944 2336 3016 det
2382 2966 2769 3015 sermonem
2804 2966 2874 3014 in
2906 2965 3110 3036 aper-

556 3033 738 3102 tione
785 3032 948 3103 oriS.
1002 3038 1222 3117 Quam
1280 3047 1511 3104 autem
1588 3033 1874 3104 rationis
1919 3046 2289 3126 egestatem
2357 3033 2556 3105 nobis
2603 3033 2847 3125 objicis
2886 3045 2953 3103 et
2998 3034 3114 3103 in-

557 3120 829 3193 scitiam
889 3132 988 3203 tu,
1040 3120 1160 3209 qui
1201 3122 1325 3193 tibi
1372 3143 1521 3194 esse
1569 3123 1822 3193 videris
1868 3122 2185 3193 omnium
2246 3122 2814 3194 eruditissimus?
2872 3123 3113 3194 Nescio

552 3222 707 3280 uter
770 3210 860 3279 sit
920 3232 961 3279 a
1007 3210 1273 3280 ratione
1317 3222 1384 3280 et
1429 3212 1620 3281 omni
1691 3211 2032 3303 sapientia
2104 3211 2419 3295 alienior,
2479 3211 2540 3281 is
2588 3233 2675 3281 ne
2722 3210 2844 3299 qui
2894 3216 3110 3283 Deum

558 3299 860 3389 agnovit,
905 3309 972 3368 et
1010 3299 1220 3389 hujus
1269 3300 1576 3369 universi
1605 3313 2007 3384 creatorem,
2059 3314 2127 3371 et
2172 3323 2450 3371 omnem
2489 3301 2552 3371 ei
2601 3299 2934 3373 honorem
2997 3300 3114 3371 tri-

557 3386 732 3469 buit,
787 3410 828 3457 a
874 3408 1013 3476 quo
1061 3387 1164 3457 vel
1197 3386 1342 3458 solo
1382 3399 1674 3479 possunt
1720 3390 1955 3459 omnia
2017 3411 2233 3460 manu
2269 3388 2790 3480 comprehendi,
2843 3401 2911 3459 et
2959 3389 3114 3491 ipsa

558 3497 836 3563 quoque
883 3488 1069 3547 astra
1124 3477 1503 3559 numerari,
1560 3489 1638 3548 ut
1684 3477 1930 3549 dicunt
1984 3477 2320 3550 divinitus
2382 3479 2723 3568 inspirata
2785 3478 3110 3567 eloquia:

559 3586 648 3634 an
686 3565 768 3647 is,
805 3565 928 3653 qui
974 3587 1136 3635 eum
1170 3565 1452 3654 quidem
1492 3565 1795 3655 reliquit,
1831 3566 2072 3638 adorat
2099 3580 2327 3640 autem
2362 3589 2470 3638 res
2509 3569 2597 3638 ab
2630 3567 2784 3657 ipso
2822 3579 3110 3651 creataS,

557 3665 624 3723 et
657 3653 972 3724 divinum
1023 3653 1124 3724 eis
1159 3676 1407 3725 nomen
1439 3655 1682 3726 tribuit
1728 3656 2170 3747 insipienter:
2207 3679 2293 3726 ne
2321 3656 2550 3726 dicam
2603 3655 2901 3726 honores
2950 3656 3115 3726 dae-

558 3763 875 3824 monum,
927 3755 993 3813 et
1041 3744 1608 3835 turpissimorum
1660 3743 1958 3815 aliorum
2028 3744 2610 3826 simulacrorum,
2677 3744 2934 3833 quibus
2992 3766 3115 3814 vos

554 3831 917 3913 exultatiS,
970 3833 1092 3920 qui
1165 3833 1537 3925 magnifice
1591 3845 1888 3904 vestram
1931 3834 2210 3925 jactatis
2270 3833 2790 3923 eloquentiam?
2835 3838 3003 3905 Nam
3053 3833 3115 3904 si

561 3919 755 3992 vobis
794 3920 899 3990 vel
949 3921 1297 3993 tantillum
1340 3922 1597 3994 inesset
1645 3922 1957 4005 rationiS,
2014 3944 2239 4012 neque
2283 3945 2403 3996 vos
2454 3922 2544 3992 iis
2583 3922 3064 4014 adjungeretis
3090 3978 3108 4005 ,

555 4029 802 4111 neque
830 4011 1236 4112 teneremini
1298 4010 1507 4113 tantis
1574 4011 1891 4082 inscitiae
1940 4012 2261 4083 tenebriS.
2315 4017 2485 4084 Nam
2535 4011 2766 4095 homo,
2826 4011 2952 4099 qui
3011 4025 3116 4082 est

554 4108 844 4168 rationis
875 4111 1243 4190 particeps,
1281 4112 1347 4169 et
1392 4121 1464 4170 1n
1505 4100 1718 4190 cujus
1757 4113 2083 4193 potestate
2113 4102 2245 4171 sita
2276 4112 2379 4172 est
2418 4100 2876 4183 ratiocinatio,
2928 4121 3114 4171 nun-

555 4207 769 4287 quam
819 4199 958 4258 tam
987 4200 1224 4278 aperto
1269 4209 1498 4259 errore
1526 4189 1940 4262 inducetur:
1976 4189 2320 4278 siquidem
2362 4190 2492 4261 hoc
2533 4190 2827 4281 pertinet
2863 4189 2953 4259 ad
2999 4211 3115 4258 ra-

556 4286 837 4369 tionem,
872 4277 1139 4347 ratione
1167 4276 1269 4348 uti
1302 4297 1464 4347 cum
1493 4278 1780 4362 ratione,
1831 4290 1897 4349 et
1925 4278 2186 4369 eligere
2214 4301 2339 4370 per
2367 4280 2704 4351 rationem
2736 4298 2919 4366 quae
2943 4290 3109 4351 sunt

558 4364 1178 4455 praestantissima.
1247 4369 1503 4437 Rerum
1551 4380 1784 4438 autem
1832 4366 2148 4438 omnium
2197 4366 2792 4459 praestantissima
2837 4378 2942 4437 est
2989 4366 3110 4437 Dei

561 4452 886 4544 cognitio,
929 4452 1114 4543 quod
1146 4454 1431 4544 quidem
1478 4467 1583 4528 est
1631 4466 2014 4554 extremum
2055 4457 2374 4528 omnium
2420 4455 2982 4548 expetendorum,
3042 4465 3110 4526 et
