3357 4995
632 324 760 388 362
1457 373 1467 382 .
2526 389 2537 403 ,
2742 322 2963 389 JUNII
3018 324 3103 388 45

1102 545 1342 646 vni
1389 545 1472 645 s,
1531 471 2027 648 ABRAHAE
2078 505 2521 647 Assssffls

716 803 1000 852 merone
1049 806 1103 851 S.
1168 801 1481 852 easseomo
1529 804 1760 853 ronow.
1816 805 2013 854 EPlSC.
2070 785 2205 852 Lib.
2261 789 2566 863 Patriam,
2622 807 2771 874 cap.
2841 794 2907 852 3.

1203 1020 1479 1076 Floruit
1521 1021 1703 1128 Sacc-2.
1752 1021 1814 1074 V
1867 1050 1945 1058 -
1984 1021 2142 1076 Nat.
2190 1015 2425 1086 Sinus.

626 1222 663 1307 ξ
710 1225 785 1291 1.
863 1218 1046 1288 Nulli
1093 1218 1587 1289 catholicorum
1639 1241 1789 1288 esse
1845 1219 2195 1291 occultum
2249 1242 2441 1300 reor,
2501 1219 2686 1307 quod
2759 1219 3094 1289 Dominus

540 1308 634 1377 ait
682 1308 750 1375 in
805 1308 1215 1407 Evangelio:
1253 1314 1459 1377 Amen
1493 1307 1649 1377 dico
1700 1308 1912 1388 vobis,
1970 1309 2026 1378 si
2060 1308 2442 1378 habueritis
2474 1308 2683 1378 fidem
2719 1309 3087 1397 integram,

540 1409 605 1466 et
656 1417 792 1465 non
837 1396 1356 1476 haesltaveritis‚
1417 1397 1474 1465 si
1524 1397 1833 1468 dixeritis
1882 1398 2043 1467 huic
2071 1399 2310 1478 monti,
2367 1398 2686 1467 Transfer
2724 1410 2810 1467 te:
2865 1411 3094 1467 trans-

542 1484 709 1554 feret
744 1508 814 1554 se
848 1509 860 1551 :
901 1498 965 1555 et
1011 1487 1244 1555 omnia
1292 1507 1772 1572 quaecumque
1806 1486 2136 1575 petieritis
2176 1487 2244 1554 in
2298 1487 2577 1556 nomine
2628 1507 2803 1567 meo,
2837 1485 3096 1556 credite

539 1574 704 1661 quia
753 1574 1128 1663 accipietis,
1180 1588 1245 1642 et
1294 1574 1566 1644 venient
1600 1575 1815 1644 vobis.
1871 1580 2045 1665 Ergo
2077 1587 2343 1644 nonest
2371 1575 2689 1654 dubium,
2735 1575 2903 1662 quin
2934 1596 3094 1645 san-

540 1663 628 1731 cti
658 1663 964 1731 obtinere
1014 1663 1279 1753 possint
1310 1686 1351 1732 a
1400 1663 1688 1740 Domi-no
1735 1663 1921 1749 quod
1972 1665 2331 1753 petierint:
2389 1665 2554 1751 quia
2603 1664 2673 1732 in
2737 1665 2838 1733 eis
2887 1663 3084 1742 fides,
3140 1692 3145 1696 ·

541 1750 950 1821 fundamine
1001 1752 1268 1842 posim,
1351 1751 1566 1822 nullis
1616 1752 2147 1821 haesitationum
2221 1753 2547 1823 fluctibus
2614 1753 2909 1822 vacillat.
2966 1757 3093 1821 Pro

543 1861 679 1927 qua
731 1839 864 1908 fide
916 1862 1050 1908 non
1101 1840 1324 1909 solum
1355 1840 1534 1909 intra.
1584 1841 1845 1932 patriae
1884 1840 2257 1909 terminum
2329 1840 2668 1929 propriae,
2722 1841 2891 1910 dum
2941 1862 3094 1911 coe-

434 1972 448 1985 ·
544 1928 778 1998 lestem
815 1930 1019 1998 vitam
1056 1951 1256 2029 agere
1285 1929 1601 2018 cupiunt,
1655 1930 1889 1999 exules
1914 1929 2074 1999 facti
2125 1941 2309 2000 sunt:
2348 1928 2465 1998 sed
2493 1931 2696 1998 etiam
2750 1944 3091 1998 transma-

544 2019 696 2087 rina
726 2039 804 2086 ac
856 2040 1216 2117 peregrina
1254 2019 1596 2106 petierunt
1646 2019 1826 2098 loca,
1882 2031 1957 2088 ut
2004 2020 2090 2098 ci,
2148 2019 2262 2087 cui
2312 2041 2382 2087 se
2428 2018 2874 2097 devoverant,
2932 2017 3093 2106 plus

547 2105 938 2196 placerent:
993 2117 1172 2175 sicut
1215 2127 1399 2175 nunc
1451 2108 1692 2177 beatus
1744 2108 2080 2176 Abraham
2134 2107 2395 2186 Abbas,
2460 2107 2576 2193 qui
2629 2120 2782 2196 post
2834 2105 3093 2175 multas

543 2196 947 2264 tentationes
996 2194 1234 2274 seculi,
1289 2196 1462 2264 fines
1510 2210 1611 2265 est
1646 2197 1967 2264 territorii
2017 2196 2373 2285 ingressus
2422 2196 2722 2264 Arverni:
2777 2195 2896 2282 qui
2951 2217 3092 2264 non

542 2285 884 2374 immerito
915 2284 1221 2353 Abrahae
1254 2283 1358 2352 illi
1405 2298 1849 2375 comparatur
1876 2285 2021 2356 seni
2065 2289 2185 2374 p'ro
2222 2283 2701 2374 magnitudine
2750 2283 2933 2364 fidei,
2974 2284 3092 2354 cui

538 2373 889 2460 quondam
924 2372 1187 2442 dixerat
1230 2378 1428 2443 Deus:
1483 2374 1598 2441 Exi
1658 2373 1742 2441 de
1794 2387 1970 2443 terra
2020 2387 2171 2453 tua,
2234 2386 2298 2440 et
2345 2374 2431 2442 de
2477 2374 2885 2463 cognatione
2943 2385 3086 2453 tua,

539 2476 604 2532 et
652 2462 818 2532 vade
872 2464 940 2530 in
995 2473 1289 2541 terram,
1357 2484 1568 2549 quam
1618 2475 2083 2533 monstravero
2149 2462 2318 2533 tibi:
2360 2461 2652 2549 reliquit
2694 2476 2921 2532 autem
2978 2462 3090 2532 hic

539 2574 675 2621 non
729 2552 950 2622 solum
996 2563 1245 2621 terram
1299 2552 1698 2642 propriam,
1755 2552 1873 2621 sed
1937 2552 2142 2621 ctiam
2225 2551 2416 2621 illam
2479 2552 2723 2621 veteris
2784 2551 3091 2621 hominis

539 2641 901 2720 actionem,
956 2653 1019 2708 et
1054 2640 1280 2709 induit
1330 2663 1582 2710 novum
1635 2641 2025 2719 hominem,
2080 2641 2197 2726 qui
2250 2639 2634 2709 secundum
2689 2645 2902 2709 Deum
2954 2638 3085 2709 for-

542 2743 766 2799 matus
800 2742 902 2799 est
954 2730 1018 2796 in
1052 2730 1347 2818 justitia,
1389 2728 1764 2800 sanctitate
1813 2742 1876 2797 et
1912 2730 2211 2798 veritate.
2269 2728 2563 2815 Ideoque
2611 2751 2771 2800 cum
2810 2750 2883 2798 se
2935 2749 3090 2818 per-

539 2819 789 2888 fectum
836 2819 902 2886 in
939 2818 1051 2885 Dei
1082 2840 1285 2906 opere
1317 2824 1646 2898 cerneret,
1703 2840 1837 2886 non
1873 2817 2001 2887 fuit
2039 2817 2296 2887 dubius
2337 2818 2404 2885 in
2443 2817 2580 2887 fide
2623 2830 2870 2906 petere,
2901 2817 3088 2904 quod

541 2928 661 2997 per
707 2909 913 2975 vitam
949 2920 1252 2977 sanctam
1296 2907 1602 2976 confisus
1649 2918 1751 2975 est
1798 2907 2128 2976 obtinere.
2190 2911 2310 2975 Per
2355 2927 2563 2993 quem
2596 2929 2635 2974 o
2692 2906 2822 2975 ifex
2861 2906 3085 2987 coeli,

541 2996 756 3064 maris
801 3018 880 3063 ac
923 3008 1160 3075 terrae,
1221 3016 1425 3084 parva
1473 2995 1755 3081 quidem
1794 3017 2106 3074 numer0,
2147 2994 2263 3065 sed
2299 2993 2616 3063 admiran
2673 3017 2713 3063 a
2752 2994 3091 3064 miracula

541 3086 813 3175 operari
853 3082 1180 3183 dignatus
1219 3097 1341 3153 est.
1669 3104 1705 3151 “.
1902 3095 1905 3099 “

627 3176 664 3259 ξ
709 3180 792 3243 2.
853 3178 1069 3261 Igitur
1107 3172 1446 3241 Abraham
1497 3173 1624 3241 iste
1674 3194 1885 3262 super
1934 3171 2303 3262 Euphratis
2353 3172 2544 3240 fluvii
2596 3171 2760 3241 litus
2815 3185 3092 3243 exortus

540 3275 685 3331 est:
725 3262 843 3330 ubi
889 3263 955 3329 in
995 3262 1108 3328 Dei
1137 3283 1340 3351 opere
1390 3259 1780 3350 proficienS,
1820 3260 1905 3329 ad
1958 3259 2336 3329 visitandos
2369 3261 2690 3330 eremitas
2739 3260 2932 3329 adire
2972 3267 3092 3329 Ae-

540 3351 729 3441 gypti
784 3350 1192 3419 solitudines
1243 3351 1658 3439 concupivit.
1701 3356 1792 3418 Eo
1832 3362 2062 3419 autem
2112 3349 2280 3417 dum
2332 3348 2656 3429 tenderet,
2701 3371 2740 3417 a
2799 3350 3093 3450 paganis

539 3440 1109 3538 comprehensuS,
1149 3450 1214 3507 et
1264 3438 1502 3507 multis
1536 3461 1657 3527 pro
1693 3439 1940 3508 Christi
1992 3439 2274 3507 nomine
2322 3438 2612 3506 affectus
2662 3437 3087 3520 verberibuS‚

542 3529 611 3596 in
656 3528 929 3596 vincula
1005 3527 1416 3616 conjicitur:
1473 3527 1544 3595 in
1596 3527 1854 3614 quibus
1906 3548 2026 3615 per
2089 3526 2401 3613 quinque
2448 3547 2668 3596 annos
2723 3527 3085 3606 exultans,

541 3616 814 3685 tandem
869 3617 1121 3707 Angelo
1179 3616 1483 3686 solvente
1547 3615 1837 3686 laxatur.
1893 3614 2400 3685 occidentalem
2460 3636 2736 3702 quoque
2813 3616 3093 3706 plagam

539 3705 811 3773 visitare
876 3708 1190 3795 cupiens,
1244 3711 1575 3775 Arvernos
1622 3704 1921 3786 advenit,
1979 3706 2212 3791 ibique
2244 3703 2329 3772 ad
2366 3703 2727 3774 basilicam
2761 3709 2828 3774 S.
2870 3706 3094 3796 Cyrici

541 3795 1032 3863 monasterium
1076 3794 1455 3864 collocavit.
1512 3800 1668 3864 Erat
1716 3808 1944 3863 autem
1986 3794 2201 3862 mirae
2260 3793 2565 3874 virtutis,
2623 3792 2898 3883 fugator
2934 3794 3097 3864 dae-

542 3904 851 3961 monum,
893 3882 1454 3969 illuminatorque
1478 3904 1865 3963 caecorum,
1899 3881 2195 3950 aliorum
2229 3903 2505 3969 quoque
2537 3882 2942 3953 morborum
2970 3904 3097 3973 po-

542 3971 970 4041 tentissimus
1020 3982 1318 4041 curator.
1380 3972 1598 4062 Igitur
1658 3994 1823 4042 cum
1886 3970 2216 4039 festivitas
2274 3970 2715 4060 supradictae
2764 3971 3118 4042 basilicac‘

539 4059 949 4142 advenisset,
1006 4061 1474 4149 Praepositum
1510 4073 1723 4140 vocat,
1762 4072 1838 4129 ut
1881 4081 2039 4128 vasa
2074 4060 2231 4128 vino
2283 4058 2487 4149 plena
2514 4059 2599 4127 ad
2642 4059 3100 4131 reficiendum

463 4144 469 4163 '
543 4147 906 4239 populum,
959 4149 1081 4235 qui
1114 4149 1534 4218 solemnitati
1582 4149 1850 4228 aderat,
1907 4149 1979 4217 in
2030 4147 2203 4217 atrio
2253 4160 2339 4218 ex*
2383 4169 2573 4217 more
2625 4163 3094 4240 componeret.

542 4242 873 4308 Causatur
916 4238 1321 4319 monachuS‚
1361 4236 1644 4309 dicens:
1686 4242 1854 4306 Ecce
1903 4236 2322 4328 Episcopum
2380 4258 2540 4305 cum
2599 4236 2774 4307 duce
2820 4250 2886 4308 et
2932 4238 3101 4309 civi·

540 4326 673 4396 bus
698 4327 1023 4408 invitasti,
1069 4340 1133 4396 et
1159 4327 1268 4395 vix
1309 4325 1508 4396 nobis
1549 4337 1926 4483 supersunt
1964 4338 2262 4412 quatuor
2293 4325 2435 4394 vini
2459 4324 2864 4425 amphorae.
2902 4326 3099 4397 Unde

541 4416 776 4486 omnia
825 4417 955 4488 ista
1001 4415 1383 4506 complebis
1412 4419 1443 4482 ⁴?
1490 4419 1564 4483 At
1612 4415 1633 4482 i
1666 4413 1768 4484 le:
1805 4414 2095 4505 Aperite,
2131 4414 2381 4501 inquit,
2418 4413 2591 4483 mih1
2627 4435 2913 4504 penum.
2946 4420 3098 4499 Quo
