<?xml version="1.0" encoding="UTF-8"?>
<!DOCTYPE html PUBLIC "-//W3C//DTD XHTML 1.0 Transitional//EN"
    "http://www.w3.org/TR/xhtml1/DTD/xhtml1-transitional.dtd">
<html xmlns="http://www.w3.org/1999/xhtml" xml:lang="en" lang="en">
 <head>
  <title>
</title>
<meta http-equiv="Content-Type" content="text/html;charset=utf-8" />
  <meta name='ocr-system' content='tesseract 3.04.00' />
  <meta name='ocr-capabilities' content='ocr_page ocr_carea ocr_par ocr_line ocrx_word'/>
</head>
<body>
  <div class='ocr_page' id='page_1' title='image "./historiaeseuvit02lippgoog_0083.png"; bbox 0 0 3357 4995; ppageno 0'>
   <div class='ocr_carea' id='block_1_1' title="bbox 220 330 2653 407">
    <p class='ocr_par' dir='ltr' id='par_1_1' title="bbox 220 330 2653 407">
     <span class='ocr_line' id='line_1_1' title="bbox 220 330 2653 407; baseline 0 -11"><span class='ocrx_word' id='word_1_1' title='bbox 220 330 406 396; x_wconf 76' lang='lat' dir='ltr'>JUNII</span> <span class='ocrx_word' id='word_1_2' title='bbox 453 331 497 395; x_wconf 74' lang='lat'><strong>2</strong></span> <span class='ocrx_word' id='word_1_3' title='bbox 747 346 1088 397; x_wconf 65' lang='lat' dir='ltr'>rnAnstAr.</span> <span class='ocrx_word' id='word_1_4' title='bbox 1145 347 1237 395; x_wconf 88' lang='lat' dir='ltr'>ss.</span> <span class='ocrx_word' id='word_1_5' title='bbox 1291 347 1404 394; x_wconf 70' lang='lat' dir='ltr'>uu.</span> <span class='ocrx_word' id='word_1_6' title='bbox 1461 346 1640 407; x_wconf 69' lang='lat' dir='ltr'>emm</span> <span class='ocrx_word' id='word_1_7' title='bbox 1687 346 1763 394; x_wconf 71' lang='lat' dir='ltr'>Er</span> <span class='ocrx_word' id='word_1_8' title='bbox 1812 346 2187 396; x_wconf 63' lang='lat' dir='ltr'>maenam</span> <span class='ocrx_word' id='word_1_9' title='bbox 2569 333 2653 397; x_wconf 77' lang='lat'>75</span> 
     </span>
    </p>
   </div>
   <div class='ocr_carea' id='block_1_2' title="bbox 138 427 2749 4513">
    <p class='ocr_par' dir='ltr' id='par_1_2' title="bbox 198 427 2749 1032">
     <span class='ocr_line' id='line_1_2' title="bbox 222 427 2746 519; baseline 0 -21"><span class='ocrx_word' id='word_1_10' title='bbox 222 430 529 518; x_wconf 89' lang='lat' dir='ltr'>coepisset</span> <span class='ocrx_word' id='word_1_11' title='bbox 577 448 902 519; x_wconf 76' lang='lat' dir='ltr'>arguere:</span> <span class='ocrx_word' id='word_1_12' title='bbox 957 432 1184 507; x_wconf 91' lang='lat' dir='ltr'>Sume,</span> <span class='ocrx_word' id='word_1_13' title='bbox 1239 427 1488 514; x_wconf 89' lang='lat' dir='ltr'>inquit,</span> <span class='ocrx_word' id='word_1_14' title='bbox 1543 440 1608 497; x_wconf 93' lang='lat' dir='ltr'>et</span> <span class='ocrx_word' id='word_1_15' title='bbox 1655 438 1882 518; x_wconf 90' lang='lat' dir='ltr'>gusta,</span> <span class='ocrx_word' id='word_1_16' title='bbox 1925 440 1991 497; x_wconf 91' lang='lat' dir='ltr'>et</span> <span class='ocrx_word' id='word_1_17' title='bbox 2040 440 2202 498; x_wconf 87' lang='lat' dir='ltr'>tunc</span> <span class='ocrx_word' id='word_1_18' title='bbox 2251 451 2361 499; x_wconf 90' lang='lat' dir='ltr'>me</span> <span class='ocrx_word' id='word_1_19' title='bbox 2408 450 2545 499; x_wconf 94' lang='lat' dir='ltr'>non</span> <span class='ocrx_word' id='word_1_20' title='bbox 2614 429 2746 500; x_wconf 89' lang='lat' dir='ltr'>fal-</span> 
     </span>
     <span class='ocr_line' id='line_1_3' title="bbox 219 515 2744 617; baseline 0.002 -32"><span class='ocrx_word' id='word_1_21' title='bbox 219 538 370 597; x_wconf 86' lang='lat' dir='ltr'>sum,</span> <span class='ocrx_word' id='word_1_22' title='bbox 424 517 547 587; x_wconf 90' lang='lat' dir='ltr'>sed</span> <span class='ocrx_word' id='word_1_23' title='bbox 591 517 824 617; x_wconf 86' lang='lat' dir='ltr'>potius</span> <span class='ocrx_word' id='word_1_24' title='bbox 855 537 1090 586; x_wconf 87' lang='lat' dir='ltr'>verum</span> <span class='ocrx_word' id='word_1_25' title='bbox 1139 515 1395 587; x_wconf 77' lang='lat' dir='ltr'><strong>dixisse</strong></span> <span class='ocrx_word' id='word_1_26' title='bbox 1424 516 1777 607; x_wconf 67' lang='lat' dir='ltr'>probabis</span> <span class='ocrx_word' id='word_1_27' title='bbox 1834 516 2145 606; x_wconf 90' lang='lat' dir='ltr'>Sumpsit</span> <span class='ocrx_word' id='word_1_28' title='bbox 2192 516 2308 586; x_wconf 91' lang='lat' dir='ltr'>ille</span> <span class='ocrx_word' id='word_1_29' title='bbox 2354 529 2558 605; x_wconf 90' lang='lat' dir='ltr'>atque</span> <span class='ocrx_word' id='word_1_30' title='bbox 2614 541 2744 610; x_wconf 90' lang='lat' dir='ltr'>gu-</span> 
     </span>
     <span class='ocr_line' id='line_1_4' title="bbox 214 604 2743 695; baseline 0.001 -20"><span class='ocrx_word' id='word_1_31' title='bbox 214 608 411 687; x_wconf 86' lang='lat' dir='ltr'>stavit,</span> <span class='ocrx_word' id='word_1_32' title='bbox 466 606 748 694; x_wconf 80' lang='lat' dir='ltr'>sibique</span> <span class='ocrx_word' id='word_1_33' title='bbox 796 604 1112 675; x_wconf 90' lang='lat' dir='ltr'>similiter</span> <span class='ocrx_word' id='word_1_34' title='bbox 1160 604 1398 675; x_wconf 91' lang='lat' dir='ltr'>vinum</span> <span class='ocrx_word' id='word_1_35' title='bbox 1450 605 1578 675; x_wconf 93' lang='lat' dir='ltr'>hoc</span> <span class='ocrx_word' id='word_1_36' title='bbox 1629 627 1763 674; x_wconf 89' lang='lat' dir='ltr'>non</span> <span class='ocrx_word' id='word_1_37' title='bbox 1817 604 2178 676; x_wconf 81' lang='lat' dir='ltr'><strong>cervisiam</strong></span> <span class='ocrx_word' id='word_1_38' title='bbox 2229 628 2467 695; x_wconf 80' lang='lat' dir='ltr'>sapere</span> <span class='ocrx_word' id='word_1_39' title='bbox 2536 619 2743 678; x_wconf 88' lang='lat' dir='ltr'>testa-</span> 
     </span>
     <span class='ocr_line' id='line_1_5' title="bbox 212 693 2749 785; baseline 0.002 -24"><span class='ocrx_word' id='word_1_40' title='bbox 212 708 304 763; x_wconf 80' lang='lat' dir='ltr'>tus</span> <span class='ocrx_word' id='word_1_41' title='bbox 332 707 454 765; x_wconf 87' lang='lat' dir='ltr'>est.</span> <span class='ocrx_word' id='word_1_42' title='bbox 514 700 707 765; x_wconf 88' lang='lat' dir='ltr'>Tunc</span> <span class='ocrx_word' id='word_1_43' title='bbox 748 694 989 764; x_wconf 89' lang='lat' dir='ltr'>tertius</span> <span class='ocrx_word' id='word_1_44' title='bbox 1023 706 1088 763; x_wconf 90' lang='lat' dir='ltr'>et</span> <span class='ocrx_word' id='word_1_45' title='bbox 1119 706 1408 780; x_wconf 90' lang='lat' dir='ltr'>quartus</span> <span class='ocrx_word' id='word_1_46' title='bbox 1477 696 1863 782; x_wconf 88' lang='lat' dir='ltr'>caeterique</span> <span class='ocrx_word' id='word_1_47' title='bbox 1908 693 2030 780; x_wconf 90' lang='lat' dir='ltr'>qui</span> <span class='ocrx_word' id='word_1_48' title='bbox 2078 693 2386 776; x_wconf 87' lang='lat' dir='ltr'>aderant,</span> <span class='ocrx_word' id='word_1_49' title='bbox 2432 695 2749 785; x_wconf 87' lang='lat' dir='ltr'>singilla—</span> 
     </span>
     <span class='ocr_line' id='line_1_6' title="bbox 207 782 2739 875; baseline 0.001 -25"><span class='ocrx_word' id='word_1_50' title='bbox 207 784 313 851; x_wconf 87' lang='lat' dir='ltr'>tim</span> <span class='ocrx_word' id='word_1_51' title='bbox 358 783 714 875; x_wconf 88' lang='lat' dir='ltr'>gustando</span> <span class='ocrx_word' id='word_1_52' title='bbox 761 796 827 852; x_wconf 91' lang='lat' dir='ltr'>et</span> <span class='ocrx_word' id='word_1_53' title='bbox 866 782 1207 864; x_wconf 86' lang='lat' dir='ltr'>mirand0,</span> <span class='ocrx_word' id='word_1_54' title='bbox 1262 795 1480 853; x_wconf 91' lang='lat' dir='ltr'>totum</span> <span class='ocrx_word' id='word_1_55' title='bbox 1511 783 1695 870; x_wconf 91' lang='lat' dir='ltr'>quod</span> <span class='ocrx_word' id='word_1_56' title='bbox 1745 783 1816 852; x_wconf 92' lang='lat' dir='ltr'>in</span> <span class='ocrx_word' id='word_1_57' title='bbox 1851 804 2009 852; x_wconf 87' lang='lat' dir='ltr'>vase</span> <span class='ocrx_word' id='word_1_58' title='bbox 2055 782 2300 863; x_wconf 87' lang='lat' dir='ltr'>suerat,</span> <span class='ocrx_word' id='word_1_59' title='bbox 2351 783 2739 854; x_wconf 90' lang='lat' dir='ltr'>ebiberunt.</span> 
     </span>
     <span class='ocr_line' id='line_1_7' title="bbox 203 870 2745 962; baseline 0 -21"><span class='ocrx_word' id='word_1_60' title='bbox 203 877 536 959; x_wconf 85' lang='lat' dir='ltr'>Quotquot</span> <span class='ocrx_word' id='word_1_61' title='bbox 586 884 815 942; x_wconf 88' lang='lat' dir='ltr'>autem</span> <span class='ocrx_word' id='word_1_62' title='bbox 848 871 1007 941; x_wconf 91' lang='lat' dir='ltr'>inde</span> <span class='ocrx_word' id='word_1_63' title='bbox 1035 884 1507 962; x_wconf 86' lang='lat' dir='ltr'>gustaverunt.</span> <span class='ocrx_word' id='word_1_64' title='bbox 1546 872 1745 953; x_wconf 89' lang='lat' dir='ltr'>meri,</span> <span class='ocrx_word' id='word_1_65' title='bbox 1787 893 1922 941; x_wconf 90' lang='lat' dir='ltr'>non</span> <span class='ocrx_word' id='word_1_66' title='bbox 1964 870 2291 942; x_wconf 80' lang='lat' dir='ltr'>cervislae</span> <span class='ocrx_word' id='word_1_67' title='bbox 2323 871 2394 941; x_wconf 93' lang='lat' dir='ltr'>id</span> <span class='ocrx_word' id='word_1_68' title='bbox 2428 893 2745 962; x_wconf 88' lang='lat' dir='ltr'>saporem</span> 
     </span>
     <span class='ocr_line' id='line_1_8' title="bbox 198 960 1034 1032; baseline -0.001 -3"><span class='ocrx_word' id='word_1_69' title='bbox 198 960 525 1032; x_wconf 88' lang='lat' dir='ltr'>habuisse</span> <span class='ocrx_word' id='word_1_70' title='bbox 574 960 799 1030; x_wconf 88' lang='lat' dir='ltr'>testati</span> <span class='ocrx_word' id='word_1_71' title='bbox 847 974 1034 1030; x_wconf 90' lang='lat' dir='ltr'>sunt.</span> 
     </span>
    </p>

    <p class='ocr_par' dir='ltr' id='par_1_3' title="bbox 138 1048 2745 3534">
     <span class='ocr_line' id='line_1_9' title="bbox 273 1048 2745 1141; baseline -0.001 -19"><span class='ocrx_word' id='word_1_72' title='bbox 273 1052 309 1136; x_wconf 66' lang='grc' dir='ltr'><strong>ξ</strong></span> <span class='ocrx_word' id='word_1_73' title='bbox 354 1054 441 1123; x_wconf 75' lang='lat' dir='ltr'>S.</span> <span class='ocrx_word' id='word_1_74' title='bbox 501 1054 769 1119; x_wconf 81' lang='lat' dir='ltr'>Interea</span> <span class='ocrx_word' id='word_1_75' title='bbox 826 1071 984 1118; x_wconf 91' lang='lat' dir='ltr'>cum</span> <span class='ocrx_word' id='word_1_76' title='bbox 1042 1049 1112 1117; x_wconf 91' lang='lat' dir='ltr'>in</span> <span class='ocrx_word' id='word_1_77' title='bbox 1163 1048 1375 1139; x_wconf 88' lang='lat' dir='ltr'>hujus</span> <span class='ocrx_word' id='word_1_78' title='bbox 1437 1049 1619 1139; x_wconf 87' lang='lat' dir='ltr'>signi</span> <span class='ocrx_word' id='word_1_79' title='bbox 1667 1049 2127 1119; x_wconf 82' lang='lat' dir='ltr'>admiratione</span> <span class='ocrx_word' id='word_1_80' title='bbox 2186 1049 2456 1119; x_wconf 78' lang='lat' dir='ltr'>attoniti</span> <span class='ocrx_word' id='word_1_81' title='bbox 2513 1062 2745 1141; x_wconf 89' lang='lat' dir='ltr'>stupe-</span> 
     </span>
     <span class='ocr_line' id='line_1_10' title="bbox 194 1137 2744 1228; baseline 0.001 -21"><span class='ocrx_word' id='word_1_82' title='bbox 194 1151 359 1223; x_wconf 89' lang='lat' dir='ltr'>rent,</span> <span class='ocrx_word' id='word_1_83' title='bbox 414 1138 712 1228; x_wconf 91' lang='lat' dir='ltr'>contigit</span> <span class='ocrx_word' id='word_1_84' title='bbox 755 1150 835 1206; x_wconf 89' lang='lat' dir='ltr'>ut</span> <span class='ocrx_word' id='word_1_85' title='bbox 879 1158 1141 1218; x_wconf 82' lang='lat' dir='ltr'>cereuS,</span> <span class='ocrx_word' id='word_1_86' title='bbox 1189 1138 1392 1227; x_wconf 87' lang='lat' dir='ltr'>cujus</span> <span class='ocrx_word' id='word_1_87' title='bbox 1425 1137 1691 1207; x_wconf 90' lang='lat' dir='ltr'>lumine</span> <span class='ocrx_word' id='word_1_88' title='bbox 1731 1137 1988 1207; x_wconf 89' lang='lat' dir='ltr'>ibidem</span> <span class='ocrx_word' id='word_1_89' title='bbox 2021 1138 2430 1219; x_wconf 84' lang='lat' dir='ltr'>utebantur,</span> <span class='ocrx_word' id='word_1_90' title='bbox 2484 1151 2549 1209; x_wconf 87' lang='lat' dir='ltr'>et</span> <span class='ocrx_word' id='word_1_91' title='bbox 2578 1152 2744 1209; x_wconf 90' lang='lat' dir='ltr'>tunc</span> 
     </span>
     <span class='ocr_line' id='line_1_11' title="bbox 196 1225 2742 1318; baseline 0 -23"><span class='ocrx_word' id='word_1_92' title='bbox 196 1249 310 1316; x_wconf 94' lang='lat' dir='ltr'>pro</span> <span class='ocrx_word' id='word_1_93' title='bbox 363 1240 470 1297; x_wconf 88' lang='lat' dir='ltr'>ter</span> <span class='ocrx_word' id='word_1_94' title='bbox 522 1248 774 1317; x_wconf 90' lang='lat' dir='ltr'>cupam</span> <span class='ocrx_word' id='word_1_95' title='bbox 837 1226 1079 1317; x_wconf 88' lang='lat' dir='ltr'>parieti</span> <span class='ocrx_word' id='word_1_96' title='bbox 1129 1225 1374 1298; x_wconf 79' lang='lat' dir='ltr'>affixus</span> <span class='ocrx_word' id='word_1_97' title='bbox 1440 1226 1767 1308; x_wconf 87' lang='lat' dir='ltr'>ardebat,</span> <span class='ocrx_word' id='word_1_98' title='bbox 1823 1227 2101 1297; x_wconf 90' lang='lat' dir='ltr'>nemine</span> <span class='ocrx_word' id='word_1_99' title='bbox 2160 1227 2604 1318; x_wconf 84' lang='lat' dir='ltr'>contingente</span> <span class='ocrx_word' id='word_1_100' title='bbox 2669 1227 2742 1296; x_wconf 91' lang='lat' dir='ltr'>in</span> 
     </span>
     <span class='ocr_line' id='line_1_12' title="bbox 192 1314 2735 1405; baseline 0 -20"><span class='ocrx_word' id='word_1_101' title='bbox 192 1337 300 1385; x_wconf 90' lang='lat' dir='ltr'>ma</span> <span class='ocrx_word' id='word_1_102' title='bbox 349 1337 481 1385; x_wconf 89' lang='lat' dir='ltr'>ens</span> <span class='ocrx_word' id='word_1_103' title='bbox 532 1316 822 1385; x_wconf 86' lang='lat' dir='ltr'>humore</span> <span class='ocrx_word' id='word_1_104' title='bbox 871 1316 1340 1405; x_wconf 89' lang='lat' dir='ltr'>pavimentum</span> <span class='ocrx_word' id='word_1_105' title='bbox 1391 1314 1686 1395; x_wconf 86' lang='lat' dir='ltr'>caderet,</span> <span class='ocrx_word' id='word_1_106' title='bbox 1750 1327 1954 1403; x_wconf 88' lang='lat' dir='ltr'>atque</span> <span class='ocrx_word' id='word_1_107' title='bbox 2011 1315 2104 1384; x_wconf 91' lang='lat' dir='ltr'>ita</span> <span class='ocrx_word' id='word_1_108' title='bbox 2152 1327 2330 1385; x_wconf 90' lang='lat' dir='ltr'>esset</span> <span class='ocrx_word' id='word_1_109' title='bbox 2368 1316 2735 1398; x_wconf 80' lang='lat' dir='ltr'>extinctuS,</span> 
     </span>
     <span class='ocr_line' id='line_1_13' title="bbox 193 1403 2740 1495; baseline 0.001 -24"><span class='ocrx_word' id='word_1_110' title='bbox 193 1417 266 1472; x_wconf 89' lang='lat' dir='ltr'>ut</span> <span class='ocrx_word' id='word_1_111' title='bbox 292 1427 374 1474; x_wconf 91' lang='lat' dir='ltr'>ne</span> <span class='ocrx_word' id='word_1_112' title='bbox 424 1403 844 1495; x_wconf 90' lang='lat' dir='ltr'>parvissima</span> <span class='ocrx_word' id='word_1_113' title='bbox 890 1404 1169 1491; x_wconf 91' lang='lat' dir='ltr'>quidem</span> <span class='ocrx_word' id='word_1_114' title='bbox 1214 1404 1283 1471; x_wconf 93' lang='lat' dir='ltr'>in</span> <span class='ocrx_word' id='word_1_115' title='bbox 1333 1426 1411 1473; x_wconf 93' lang='lat' dir='ltr'>eo</span> <span class='ocrx_word' id='word_1_116' title='bbox 1460 1404 1764 1475; x_wconf 87' lang='lat' dir='ltr'>scintilla</span> <span class='ocrx_word' id='word_1_117' title='bbox 1810 1415 2216 1474; x_wconf 90' lang='lat' dir='ltr'>remaneret.</span> <span class='ocrx_word' id='word_1_118' title='bbox 2271 1409 2486 1488; x_wconf 86' lang='lat' dir='ltr'>Quem</span> <span class='ocrx_word' id='word_1_119' title='bbox 2551 1426 2740 1475; x_wconf 89' lang='lat' dir='ltr'>unus</span> 
     </span>
     <span class='ocr_line' id='line_1_14' title="bbox 193 1492 2738 1583; baseline 0 -20"><span class='ocrx_word' id='word_1_120' title='bbox 193 1514 426 1563; x_wconf 86' lang='lat' dir='ltr'>eorum</span> <span class='ocrx_word' id='word_1_121' title='bbox 480 1493 851 1583; x_wconf 88' lang='lat' dir='ltr'>arripiens,</span> <span class='ocrx_word' id='word_1_122' title='bbox 920 1492 1005 1562; x_wconf 91' lang='lat' dir='ltr'>ad</span> <span class='ocrx_word' id='word_1_123' title='bbox 1069 1493 1323 1564; x_wconf 92' lang='lat' dir='ltr'>ostium</span> <span class='ocrx_word' id='word_1_124' title='bbox 1372 1493 1705 1574; x_wconf 83' lang='lat' dir='ltr'>cucurrit,</span> <span class='ocrx_word' id='word_1_125' title='bbox 1775 1493 1893 1562; x_wconf 89' lang='lat' dir='ltr'>sed</span> <span class='ocrx_word' id='word_1_126' title='bbox 1945 1494 2226 1563; x_wconf 90' lang='lat' dir='ltr'>horrore</span> <span class='ocrx_word' id='word_1_127' title='bbox 2259 1493 2738 1565; x_wconf 64' lang='lat' dir='ltr'>&#39;tenebrarum</span> 
     </span>
     <span class='ocr_line' id='line_1_15' title="bbox 194 1580 2738 1681; baseline -0 -30"><span class='ocrx_word' id='word_1_128' title='bbox 194 1594 570 1681; x_wconf 80' lang='lat' dir='ltr'>permotuS,</span> <span class='ocrx_word' id='word_1_129' title='bbox 629 1581 1041 1671; x_wconf 88' lang='lat' dir='ltr'>priusquam</span> <span class='ocrx_word' id='word_1_130' title='bbox 1089 1604 1126 1650; x_wconf 90' lang='lat' dir='ltr'>e</span> <span class='ocrx_word' id='word_1_131' title='bbox 1181 1581 1551 1663; x_wconf 90' lang='lat' dir='ltr'>rederetur‚</span> <span class='ocrx_word' id='word_1_132' title='bbox 1592 1582 1662 1650; x_wconf 90' lang='lat' dir='ltr'>in</span> <span class='ocrx_word' id='word_1_133' title='bbox 1715 1582 1867 1672; x_wconf 92' lang='lat' dir='ltr'>ipso</span> <span class='ocrx_word' id='word_1_134' title='bbox 1916 1580 2156 1652; x_wconf 89' lang='lat' dir='ltr'>limine</span> <span class='ocrx_word' id='word_1_135' title='bbox 2204 1593 2419 1664; x_wconf 75' lang='lat' dir='ltr'>stanS,</span> <span class='ocrx_word' id='word_1_136' title='bbox 2480 1584 2738 1665; x_wconf 89' lang='lat' dir='ltr'>Sancti,</span> 
     </span>
     <span class='ocr_line' id='line_1_16' title="bbox 193 1670 2745 1761; baseline 0.002 -24"><span class='ocrx_word' id='word_1_137' title='bbox 193 1672 437 1757; x_wconf 78' lang='lat' dir='ltr'>inquit,</span> <span class='ocrx_word' id='word_1_138' title='bbox 482 1683 840 1760; x_wconf 82' lang='lat' dir='ltr'>martyres</span> <span class='ocrx_word' id='word_1_139' title='bbox 890 1675 1107 1739; x_wconf 86' lang='lat' dir='ltr'>Marce</span> <span class='ocrx_word' id='word_1_140' title='bbox 1169 1671 1328 1741; x_wconf 89' lang='lat' dir='ltr'>inus</span> <span class='ocrx_word' id='word_1_141' title='bbox 1375 1683 1441 1740; x_wconf 90' lang='lat' dir='ltr'>et</span> <span class='ocrx_word' id='word_1_142' title='bbox 1499 1675 1737 1739; x_wconf 89' lang='lat' dir='ltr'>Petrus</span> <span class='ocrx_word' id='word_1_143' title='bbox 1796 1692 1920 1740; x_wconf 90' lang='lat' dir='ltr'>nos</span> <span class='ocrx_word' id='word_1_144' title='bbox 1969 1670 2317 1761; x_wconf 88' lang='lat' dir='ltr'>adjuvent.</span> <span class='ocrx_word' id='word_1_145' title='bbox 2372 1671 2466 1740; x_wconf 84' lang='lat' dir='ltr'>Ad</span> <span class='ocrx_word' id='word_1_146' title='bbox 2529 1694 2745 1759; x_wconf 90' lang='lat' dir='ltr'>quam</span> 
     </span>
     <span class='ocr_line' id='line_1_17' title="bbox 194 1759 2740 1846; baseline 0.002 -21"><span class='ocrx_word' id='word_1_147' title='bbox 194 1759 695 1830; x_wconf 82' lang='lat' dir='ltr'>invocationem</span> <span class='ocrx_word' id='word_1_148' title='bbox 746 1779 987 1828; x_wconf 88' lang='lat' dir='ltr'>cereus</span> <span class='ocrx_word' id='word_1_149' title='bbox 1019 1759 1158 1838; x_wconf 90' lang='lat' dir='ltr'>ille,</span> <span class='ocrx_word' id='word_1_150' title='bbox 1190 1780 1394 1846; x_wconf 88' lang='lat' dir='ltr'>quem</span> <span class='ocrx_word' id='word_1_151' title='bbox 1447 1780 1662 1828; x_wconf 90' lang='lat' dir='ltr'>manu</span> <span class='ocrx_word' id='word_1_152' title='bbox 1697 1760 1990 1841; x_wconf 91' lang='lat' dir='ltr'>tenebat,</span> <span class='ocrx_word' id='word_1_153' title='bbox 2022 1781 2359 1830; x_wconf 90' lang='lat' dir='ltr'>accensus</span> <span class='ocrx_word' id='word_1_154' title='bbox 2398 1771 2523 1829; x_wconf 89' lang='lat' dir='ltr'>est.</span> <span class='ocrx_word' id='word_1_155' title='bbox 2555 1765 2740 1830; x_wconf 89' lang='lat' dir='ltr'>Haec</span> 
     </span>
     <span class='ocr_line' id='line_1_18' title="bbox 194 1846 2745 1938; baseline 0 -22"><span class='ocrx_word' id='word_1_156' title='bbox 194 1849 309 1918; x_wconf 90' lang='lat' dir='ltr'>ubi</span> <span class='ocrx_word' id='word_1_157' title='bbox 356 1848 624 1929; x_wconf 85' lang='lat' dir='ltr'>audivi,</span> <span class='ocrx_word' id='word_1_158' title='bbox 683 1846 1039 1918; x_wconf 82' lang='lat' dir='ltr'>confestim</span> <span class='ocrx_word' id='word_1_159' title='bbox 1093 1853 1224 1917; x_wconf 86' lang='lat' dir='ltr'>Deo</span> <span class='ocrx_word' id='word_1_160' title='bbox 1271 1848 1752 1937; x_wconf 87' lang='lat' dir='ltr'>omnipotenti,</span> <span class='ocrx_word' id='word_1_161' title='bbox 1787 1862 1864 1918; x_wconf 93' lang='lat' dir='ltr'>ut</span> <span class='ocrx_word' id='word_1_162' title='bbox 1905 1870 2028 1938; x_wconf 88' lang='lat' dir='ltr'>par</span> <span class='ocrx_word' id='word_1_163' title='bbox 2074 1859 2240 1930; x_wconf 89' lang='lat' dir='ltr'>erat,</span> <span class='ocrx_word' id='word_1_164' title='bbox 2288 1847 2566 1918; x_wconf 90' lang='lat' dir='ltr'>laudem</span> <span class='ocrx_word' id='word_1_165' title='bbox 2598 1849 2745 1918; x_wconf 84' lang='lat' dir='ltr'>dixi</span> 
     </span>
     <span class='ocr_line' id='line_1_19' title="bbox 196 1936 2743 2027; baseline 0.001 -23"><span class='ocrx_word' id='word_1_166' title='bbox 196 1949 255 2005; x_wconf 86' lang='lat' dir='ltr'>et</span> <span class='ocrx_word' id='word_1_167' title='bbox 298 1938 561 2027; x_wconf 81' lang='lat' dir='ltr'>gratias</span> <span class='ocrx_word' id='word_1_168' title='bbox 609 1937 746 2026; x_wconf 88' lang='lat' dir='ltr'>egi,</span> <span class='ocrx_word' id='word_1_169' title='bbox 798 1936 916 2022; x_wconf 94' lang='lat' dir='ltr'>qui</span> <span class='ocrx_word' id='word_1_170' title='bbox 967 1949 1238 2005; x_wconf 89' lang='lat' dir='ltr'>sanctos</span> <span class='ocrx_word' id='word_1_171' title='bbox 1296 1957 1459 2006; x_wconf 90' lang='lat' dir='ltr'>suos</span> <span class='ocrx_word' id='word_1_172' title='bbox 1506 1958 1780 2026; x_wconf 90' lang='lat' dir='ltr'>semper</span> <span class='ocrx_word' id='word_1_173' title='bbox 1833 1948 1897 2007; x_wconf 91' lang='lat' dir='ltr'>et</span> <span class='ocrx_word' id='word_1_174' title='bbox 1946 1936 2207 2024; x_wconf 90' lang='lat' dir='ltr'>ubique</span> <span class='ocrx_word' id='word_1_175' title='bbox 2254 1936 2622 2025; x_wconf 81' lang='lat' dir='ltr'>glorificat,</span> <span class='ocrx_word' id='word_1_176' title='bbox 2679 1949 2743 2007; x_wconf 82' lang='lat' dir='ltr'>et</span> 
     </span>
     <span class='ocr_line' id='line_1_20' title="bbox 197 2025 2742 2113; baseline 0.001 -21"><span class='ocrx_word' id='word_1_177' title='bbox 197 2046 315 2095; x_wconf 88' lang='lat' dir='ltr'>nos</span> <span class='ocrx_word' id='word_1_178' title='bbox 346 2025 656 2095; x_wconf 87' lang='lat' dir='ltr'>famulos</span> <span class='ocrx_word' id='word_1_179' title='bbox 687 2046 871 2105; x_wconf 91' lang='lat' dir='ltr'>suos,</span> <span class='ocrx_word' id='word_1_180' title='bbox 909 2025 1030 2111; x_wconf 90' lang='lat' dir='ltr'>qui</span> <span class='ocrx_word' id='word_1_181' title='bbox 1079 2046 1311 2094; x_wconf 89' lang='lat' dir='ltr'>sacras</span> <span class='ocrx_word' id='word_1_182' title='bbox 1359 2046 1596 2094; x_wconf 91' lang='lat' dir='ltr'>eorum</span> <span class='ocrx_word' id='word_1_183' title='bbox 1637 2025 1967 2113; x_wconf 89' lang='lat' dir='ltr'>reliquias</span> <span class='ocrx_word' id='word_1_184' title='bbox 2003 2038 2167 2096; x_wconf 89' lang='lat' dir='ltr'>tunc</span> <span class='ocrx_word' id='word_1_185' title='bbox 2218 2026 2582 2096; x_wconf 89' lang='lat' dir='ltr'>nobiscum</span> <span class='ocrx_word' id='word_1_186' title='bbox 2618 2026 2742 2095; x_wconf 89' lang='lat' dir='ltr'>ha-</span> 
     </span>
     <span class='ocr_line' id='line_1_21' title="bbox 194 2112 2742 2204; baseline 0 -20"><span class='ocrx_word' id='word_1_187' title='bbox 194 2112 557 2195; x_wconf 86' lang='lat' dir='ltr'>bebamus,</span> <span class='ocrx_word' id='word_1_188' title='bbox 610 2114 696 2182; x_wconf 89' lang='lat' dir='ltr'>de</span> <span class='ocrx_word' id='word_1_189' title='bbox 745 2113 953 2183; x_wconf 90' lang='lat' dir='ltr'>tantis</span> <span class='ocrx_word' id='word_1_190' title='bbox 984 2113 1355 2184; x_wconf 86' lang='lat' dir='ltr'>virtutibus</span> <span class='ocrx_word' id='word_1_191' title='bbox 1404 2113 1775 2185; x_wconf 82' lang='lat' dir='ltr'>laetificare</span> <span class='ocrx_word' id='word_1_192' title='bbox 1821 2114 2149 2204; x_wconf 90' lang='lat' dir='ltr'>dignatus</span> <span class='ocrx_word' id='word_1_193' title='bbox 2196 2124 2321 2185; x_wconf 87' lang='lat' dir='ltr'>est.</span> <span class='ocrx_word' id='word_1_194' title='bbox 2367 2113 2571 2183; x_wconf 90' lang='lat' dir='ltr'>Illum</span> <span class='ocrx_word' id='word_1_195' title='bbox 2615 2133 2742 2184; x_wconf 84' lang='lat' dir='ltr'>au-</span> 
     </span>
     <span class='ocr_line' id='line_1_22' title="bbox 199 2201 2742 2293; baseline 0 -22"><span class='ocrx_word' id='word_1_196' title='bbox 199 2216 350 2282; x_wconf 88' lang='lat' dir='ltr'>tem,</span> <span class='ocrx_word' id='word_1_197' title='bbox 404 2203 534 2291; x_wconf 88' lang='lat' dir='ltr'>qui</span> <span class='ocrx_word' id='word_1_198' title='bbox 591 2201 759 2271; x_wconf 90' lang='lat' dir='ltr'>haec</span> <span class='ocrx_word' id='word_1_199' title='bbox 808 2202 981 2270; x_wconf 90' lang='lat' dir='ltr'>mihi</span> <span class='ocrx_word' id='word_1_200' title='bbox 1038 2202 1400 2282; x_wconf 86' lang='lat' dir='ltr'>nuntiavit,</span> <span class='ocrx_word' id='word_1_201' title='bbox 1432 2201 1698 2293; x_wconf 86' lang='lat' dir='ltr'>expleta</span> <span class='ocrx_word' id='word_1_202' title='bbox 1728 2204 2120 2287; x_wconf 83' lang='lat' dir='ltr'>narratione</span> <span class='ocrx_word' id='word_1_203' title='bbox 2169 2203 2256 2272; x_wconf 94' lang='lat' dir='ltr'>ad</span> <span class='ocrx_word' id='word_1_204' title='bbox 2307 2203 2742 2273; x_wconf 89' lang='lat' dir='ltr'>mansionem</span> 
     </span>
     <span class='ocr_line' id='line_1_23' title="bbox 200 2291 2743 2382; baseline 0 -23"><span class='ocrx_word' id='word_1_205' title='bbox 200 2313 391 2361; x_wconf 89' lang='lat' dir='ltr'>suam</span> <span class='ocrx_word' id='word_1_206' title='bbox 457 2291 780 2360; x_wconf 88' lang='lat' dir='ltr'>secedere</span> <span class='ocrx_word' id='word_1_207' title='bbox 816 2291 1023 2382; x_wconf 88' lang='lat' dir='ltr'>jussi.</span> <span class='ocrx_word' id='word_1_208' title='bbox 1080 2295 1429 2360; x_wconf 86' lang='lat' dir='ltr'>Caeterum</span> <span class='ocrx_word' id='word_1_209' title='bbox 1485 2313 1646 2362; x_wconf 91' lang='lat' dir='ltr'>cum</span> <span class='ocrx_word' id='word_1_210' title='bbox 1698 2313 1808 2361; x_wconf 92' lang='lat' dir='ltr'>me</span> <span class='ocrx_word' id='word_1_211' title='bbox 1856 2292 1942 2361; x_wconf 91' lang='lat' dir='ltr'>ad</span> <span class='ocrx_word' id='word_1_212' title='bbox 1989 2291 2486 2381; x_wconf 90' lang='lat' dir='ltr'>quiescendum</span> <span class='ocrx_word' id='word_1_213' title='bbox 2525 2292 2593 2360; x_wconf 88' lang='lat' dir='ltr'>in</span> <span class='ocrx_word' id='word_1_214' title='bbox 2647 2291 2743 2360; x_wconf 92' lang='lat' dir='ltr'>le-</span> 
     </span>
     <span class='ocr_line' id='line_1_24' title="bbox 201 2379 2744 2470; baseline 0.001 -23"><span class='ocrx_word' id='word_1_215' title='bbox 201 2379 378 2449; x_wconf 89' lang='lat' dir='ltr'>ctulo</span> <span class='ocrx_word' id='word_1_216' title='bbox 430 2379 910 2459; x_wconf 85' lang='lat' dir='ltr'>collocassem,</span> <span class='ocrx_word' id='word_1_217' title='bbox 962 2380 1155 2470; x_wconf 91' lang='lat' dir='ltr'>coepi</span> <span class='ocrx_word' id='word_1_218' title='bbox 1206 2400 1479 2449; x_wconf 89' lang='lat' dir='ltr'>mecum</span> <span class='ocrx_word' id='word_1_219' title='bbox 1543 2380 1765 2451; x_wconf 87' lang='lat' dir='ltr'>multa</span> <span class='ocrx_word' id='word_1_220' title='bbox 1811 2380 2142 2451; x_wconf 87' lang='lat' dir='ltr'>volvendo</span> <span class='ocrx_word' id='word_1_221' title='bbox 2197 2391 2488 2450; x_wconf 90' lang='lat' dir='ltr'>tractare</span> <span class='ocrx_word' id='word_1_222' title='bbox 2539 2393 2744 2468; x_wconf 89' lang='lat' dir='ltr'>atque</span> 
     </span>
     <span class='ocr_line' id='line_1_25' title="bbox 199 2467 2743 2570; baseline 0 -33"><span class='ocrx_word' id='word_1_223' title='bbox 199 2469 461 2551; x_wconf 90' lang='lat' dir='ltr'>mirari,</span> <span class='ocrx_word' id='word_1_224' title='bbox 519 2467 855 2556; x_wconf 84' lang='lat' dir='ltr'>quidnam</span> <span class='ocrx_word' id='word_1_225' title='bbox 907 2467 1039 2538; x_wconf 91' lang='lat' dir='ltr'>sibi</span> <span class='ocrx_word' id='word_1_226' title='bbox 1087 2468 1309 2550; x_wconf 88' lang='lat' dir='ltr'>vellet,</span> <span class='ocrx_word' id='word_1_227' title='bbox 1343 2468 1595 2555; x_wconf 89' lang='lat' dir='ltr'>quidve</span> <span class='ocrx_word' id='word_1_228' title='bbox 1629 2470 2037 2560; x_wconf 89' lang='lat' dir='ltr'>portendere</span> <span class='ocrx_word' id='word_1_229' title='bbox 2083 2480 2311 2570; x_wconf 88' lang='lat' dir='ltr'>posset</span> <span class='ocrx_word' id='word_1_230' title='bbox 2357 2468 2479 2539; x_wconf 91' lang='lat' dir='ltr'>illa</span> <span class='ocrx_word' id='word_1_231' title='bbox 2526 2470 2743 2539; x_wconf 89' lang='lat' dir='ltr'>cervi-</span> 
     </span>
     <span class='ocr_line' id='line_1_26' title="bbox 200 2557 2743 2649; baseline 0.001 -23"><span class='ocrx_word' id='word_1_232' title='bbox 200 2557 292 2626; x_wconf 91' lang='lat' dir='ltr'>sia</span> <span class='ocrx_word' id='word_1_233' title='bbox 342 2560 414 2628; x_wconf 92' lang='lat' dir='ltr'>in</span> <span class='ocrx_word' id='word_1_234' title='bbox 468 2559 738 2637; x_wconf 84' lang='lat' dir='ltr'>vinum,</span> <span class='ocrx_word' id='word_1_235' title='bbox 793 2557 862 2625; x_wconf 93' lang='lat' dir='ltr'>id</span> <span class='ocrx_word' id='word_1_236' title='bbox 911 2572 1014 2626; x_wconf 90' lang='lat' dir='ltr'>est</span> <span class='ocrx_word' id='word_1_237' title='bbox 1078 2558 1434 2628; x_wconf 88' lang='lat' dir='ltr'>deterioris</span> <span class='ocrx_word' id='word_1_238' title='bbox 1488 2559 1790 2649; x_wconf 91' lang='lat' dir='ltr'>potionis</span> <span class='ocrx_word' id='word_1_239' title='bbox 1836 2561 1905 2628; x_wconf 91' lang='lat' dir='ltr'>in</span> <span class='ocrx_word' id='word_1_240' title='bbox 1944 2558 2298 2629; x_wconf 80' lang='lat' dir='ltr'>meliorem</span> <span class='ocrx_word' id='word_1_241' title='bbox 2353 2558 2533 2628; x_wconf 87' lang='lat' dir='ltr'>sacta</span> <span class='ocrx_word' id='word_1_242' title='bbox 2581 2578 2743 2628; x_wconf 90' lang='lat' dir='ltr'>mu-</span> 
     </span>
     <span class='ocr_line' id='line_1_27' title="bbox 203 2645 2742 2737; baseline 0.001 -22"><span class='ocrx_word' id='word_1_243' title='bbox 203 2647 409 2716; x_wconf 85' lang='lat' dir='ltr'>tatio:</span> <span class='ocrx_word' id='word_1_244' title='bbox 466 2657 590 2716; x_wconf 90' lang='lat' dir='ltr'>aut</span> <span class='ocrx_word' id='word_1_245' title='bbox 637 2645 861 2715; x_wconf 90' lang='lat' dir='ltr'>curin</span> <span class='ocrx_word' id='word_1_246' title='bbox 912 2667 989 2715; x_wconf 93' lang='lat' dir='ltr'>eo</span> <span class='ocrx_word' id='word_1_247' title='bbox 1039 2646 1210 2727; x_wconf 90' lang='lat' dir='ltr'>loco,</span> <span class='ocrx_word' id='word_1_248' title='bbox 1257 2646 1328 2715; x_wconf 91' lang='lat' dir='ltr'>id</span> <span class='ocrx_word' id='word_1_249' title='bbox 1390 2661 1492 2718; x_wconf 88' lang='lat' dir='ltr'>est</span> <span class='ocrx_word' id='word_1_250' title='bbox 1537 2648 1607 2716; x_wconf 90' lang='lat' dir='ltr'>in</span> <span class='ocrx_word' id='word_1_251' title='bbox 1651 2649 1844 2737; x_wconf 90' lang='lat' dir='ltr'>regia</span> <span class='ocrx_word' id='word_1_252' title='bbox 1889 2647 2119 2728; x_wconf 89' lang='lat' dir='ltr'>dom0,</span> <span class='ocrx_word' id='word_1_253' title='bbox 2183 2670 2262 2717; x_wconf 89' lang='lat' dir='ltr'>ac</span> <span class='ocrx_word' id='word_1_254' title='bbox 2322 2668 2460 2716; x_wconf 91' lang='lat' dir='ltr'>non</span> <span class='ocrx_word' id='word_1_255' title='bbox 2513 2647 2742 2735; x_wconf 87' lang='lat' dir='ltr'>potius</span> 
     </span>
     <span class='ocr_line' id='line_1_28' title="bbox 202 2733 2741 2827; baseline -0 -24"><span class='ocrx_word' id='word_1_256' title='bbox 202 2735 265 2804; x_wconf 90' lang='lat' dir='ltr'>in</span> <span class='ocrx_word' id='word_1_257' title='bbox 300 2757 406 2815; x_wconf 87' lang='lat' dir='ltr'>eo,</span> <span class='ocrx_word' id='word_1_258' title='bbox 449 2735 579 2805; x_wconf 90' lang='lat' dir='ltr'>ubi</span> <span class='ocrx_word' id='word_1_259' title='bbox 627 2734 982 2804; x_wconf 90' lang='lat' dir='ltr'>beatorum</span> <span class='ocrx_word' id='word_1_260' title='bbox 1033 2748 1443 2825; x_wconf 82' lang='lat' dir='ltr'>martyrum,</span> <span class='ocrx_word' id='word_1_261' title='bbox 1491 2736 1612 2823; x_wconf 90' lang='lat' dir='ltr'>qui</span> <span class='ocrx_word' id='word_1_262' title='bbox 1670 2738 1839 2807; x_wconf 90' lang='lat' dir='ltr'>haec</span> <span class='ocrx_word' id='word_1_263' title='bbox 1898 2735 2214 2827; x_wconf 90' lang='lat' dir='ltr'>prodigia</span> <span class='ocrx_word' id='word_1_264' title='bbox 2264 2757 2384 2826; x_wconf 90' lang='lat' dir='ltr'>per</span> <span class='ocrx_word' id='word_1_265' title='bbox 2421 2733 2741 2805; x_wconf 69' lang='lat' dir='ltr'>virtutein</span> 
     </span>
     <span class='ocr_line' id='line_1_29' title="bbox 202 2822 2743 2925; baseline 0 -34"><span class='ocrx_word' id='word_1_266' title='bbox 202 2824 440 2894; x_wconf 86' lang='lat' dir='ltr'>Christi</span> <span class='ocrx_word' id='word_1_267' title='bbox 520 2822 851 2905; x_wconf 88' lang='lat' dir='ltr'>fecerunt,</span> <span class='ocrx_word' id='word_1_268' title='bbox 906 2824 1372 2893; x_wconf 88' lang='lat' dir='ltr'>sacratissima</span> <span class='ocrx_word' id='word_1_269' title='bbox 1432 2846 1722 2925; x_wconf 86' lang='lat' dir='ltr'>corpora</span> <span class='ocrx_word' id='word_1_270' title='bbox 1768 2825 2123 2894; x_wconf 88' lang='lat' dir='ltr'>recondita</span> <span class='ocrx_word' id='word_1_271' title='bbox 2183 2836 2367 2905; x_wconf 89' lang='lat' dir='ltr'>sunt,</span> <span class='ocrx_word' id='word_1_272' title='bbox 2420 2824 2743 2914; x_wconf 87' lang='lat' dir='ltr'>hujusce-</span> 
     </span>
     <span class='ocr_line' id='line_1_30' title="bbox 208 2912 2742 3004; baseline 0 -24"><span class='ocrx_word' id='word_1_273' title='bbox 208 2912 380 2982; x_wconf 89' lang='lat' dir='ltr'>modi</span> <span class='ocrx_word' id='word_1_274' title='bbox 454 2912 879 2982; x_wconf 88' lang='lat' dir='ltr'>miraculum</span> <span class='ocrx_word' id='word_1_275' title='bbox 928 2913 1283 2982; x_wconf 87' lang='lat' dir='ltr'>evenisset.</span> <span class='ocrx_word' id='word_1_276' title='bbox 1341 2912 1463 2981; x_wconf 89' lang='lat' dir='ltr'>Sed</span> <span class='ocrx_word' id='word_1_277' title='bbox 1527 2914 1685 2984; x_wconf 80' lang='lat' dir='ltr'>licet</span> <span class='ocrx_word' id='word_1_278' title='bbox 1731 2914 1817 2983; x_wconf 90' lang='lat' dir='ltr'>ad</span> <span class='ocrx_word' id='word_1_279' title='bbox 1868 2914 2078 3004; x_wconf 89' lang='lat' dir='ltr'>hujus</span> <span class='ocrx_word' id='word_1_280' title='bbox 2125 2913 2545 3001; x_wconf 84' lang='lat' dir='ltr'>quaestionis</span> <span class='ocrx_word' id='word_1_281' title='bbox 2594 2934 2742 2982; x_wconf 88' lang='lat' dir='ltr'>cer-</span> 
     </span>
     <span class='ocr_line' id='line_1_31' title="bbox 205 3000 2735 3093; baseline 0.002 -26"><span class='ocrx_word' id='word_1_282' title='bbox 205 3013 332 3071; x_wconf 87' lang='lat' dir='ltr'>tam</span> <span class='ocrx_word' id='word_1_283' title='bbox 383 3000 787 3091; x_wconf 84' lang='lat' dir='ltr'>indaginem</span> <span class='ocrx_word' id='word_1_284' title='bbox 828 3000 1031 3090; x_wconf 89' lang='lat' dir='ltr'>longa</span> <span class='ocrx_word' id='word_1_285' title='bbox 1064 3022 1143 3070; x_wconf 90' lang='lat' dir='ltr'>ac</span> <span class='ocrx_word' id='word_1_286' title='bbox 1175 3001 1444 3071; x_wconf 90' lang='lat' dir='ltr'>solicita</span> <span class='ocrx_word' id='word_1_287' title='bbox 1491 3002 1900 3092; x_wconf 87' lang='lat' dir='ltr'>cogitatione</span> <span class='ocrx_word' id='word_1_288' title='bbox 1942 3003 2295 3093; x_wconf 88' lang='lat' dir='ltr'>pervenire</span> <span class='ocrx_word' id='word_1_289' title='bbox 2352 3001 2735 3088; x_wconf 91' lang='lat' dir='ltr'>nequirem,</span> 
     </span>
     <span class='ocr_line' id='line_1_32' title="bbox 203 3088 2739 3181; baseline 0 -22"><span class='ocrx_word' id='word_1_290' title='bbox 203 3096 459 3159; x_wconf 83' lang='lat' dir='ltr'>certum</span> <span class='ocrx_word' id='word_1_291' title='bbox 513 3102 739 3159; x_wconf 88' lang='lat' dir='ltr'>tamen</span> <span class='ocrx_word' id='word_1_292' title='bbox 800 3088 1021 3159; x_wconf 83' lang='lat' dir='ltr'>habu&#39;t</span> <span class='ocrx_word' id='word_1_293' title='bbox 1062 3102 1128 3159; x_wconf 92' lang='lat' dir='ltr'>et</span> <span class='ocrx_word' id='word_1_294' title='bbox 1188 3101 1451 3159; x_wconf 90' lang='lat' dir='ltr'>certum</span> <span class='ocrx_word' id='word_1_295' title='bbox 1502 3112 1777 3181; x_wconf 89' lang='lat' dir='ltr'>semper</span> <span class='ocrx_word' id='word_1_296' title='bbox 1831 3091 2121 3173; x_wconf 90' lang='lat' dir='ltr'>habebo,</span> <span class='ocrx_word' id='word_1_297' title='bbox 2170 3090 2362 3161; x_wconf 88' lang='lat' dir='ltr'>illam</span> <span class='ocrx_word' id='word_1_298' title='bbox 2427 3090 2739 3160; x_wconf 83' lang='lat' dir='ltr'>divinam</span> 
     </span>
     <span class='ocr_line' id='line_1_33' title="bbox 205 3177 2741 3269; baseline 0 -23"><span class='ocrx_word' id='word_1_299' title='bbox 205 3191 397 3265; x_wconf 87' lang='lat' dir='ltr'>atque</span> <span class='ocrx_word' id='word_1_300' title='bbox 457 3199 837 3268; x_wconf 88' lang='lat' dir='ltr'>supernam</span> <span class='ocrx_word' id='word_1_301' title='bbox 892 3177 1237 3259; x_wconf 86' lang='lat' dir='ltr'>virtutem,</span> <span class='ocrx_word' id='word_1_302' title='bbox 1278 3199 1399 3269; x_wconf 89' lang='lat' dir='ltr'>per</span> <span class='ocrx_word' id='word_1_303' title='bbox 1429 3200 1638 3266; x_wconf 89' lang='lat' dir='ltr'>quam</span> <span class='ocrx_word' id='word_1_304' title='bbox 1684 3180 1851 3250; x_wconf 88' lang='lat' dir='ltr'>haec</span> <span class='ocrx_word' id='word_1_305' title='bbox 1899 3193 2104 3269; x_wconf 87' lang='lat' dir='ltr'>atque</span> <span class='ocrx_word' id='word_1_306' title='bbox 2150 3179 2287 3249; x_wconf 89' lang='lat' dir='ltr'>alia</span> <span class='ocrx_word' id='word_1_307' title='bbox 2335 3177 2741 3269; x_wconf 89' lang='lat' dir='ltr'>hujusmodi</span> 
     </span>
     <span class='ocr_line' id='line_1_34' title="bbox 205 3266 2736 3355; baseline 0 -20"><span class='ocrx_word' id='word_1_308' title='bbox 205 3267 538 3337; x_wconf 88' lang='lat' dir='ltr'>miracula</span> <span class='ocrx_word' id='word_1_309' title='bbox 584 3266 735 3336; x_wconf 86' lang='lat' dir='ltr'>fieri</span> <span class='ocrx_word' id='word_1_310' title='bbox 783 3266 1185 3347; x_wconf 89' lang='lat' dir='ltr'>creduntur,</span> <span class='ocrx_word' id='word_1_311' title='bbox 1240 3267 1412 3336; x_wconf 85' lang='lat' dir='ltr'>nihil</span> <span class='ocrx_word' id='word_1_312' title='bbox 1455 3290 1767 3355; x_wconf 89' lang='lat' dir='ltr'>unquam</span> <span class='ocrx_word' id='word_1_313' title='bbox 1819 3268 1967 3339; x_wconf 90' lang='lat' dir='ltr'>sine</span> <span class='ocrx_word' id='word_1_314' title='bbox 2010 3290 2221 3339; x_wconf 86' lang='lat' dir='ltr'>causa</span> <span class='ocrx_word' id='word_1_315' title='bbox 2251 3268 2353 3336; x_wconf 89' lang='lat' dir='ltr'>vel</span> <span class='ocrx_word' id='word_1_316' title='bbox 2386 3267 2605 3337; x_wconf 84' lang='lat' dir='ltr'>facere</span> <span class='ocrx_word' id='word_1_317' title='bbox 2636 3266 2736 3335; x_wconf 89' lang='lat' dir='ltr'>vel</span> 
     </span>
     <span class='ocr_line' id='line_1_35' title="bbox 208 3352 2739 3447; baseline 0.001 -25"><span class='ocrx_word' id='word_1_318' title='bbox 208 3352 345 3424; x_wconf 88' lang='lat' dir='ltr'>fieri</span> <span class='ocrx_word' id='word_1_319' title='bbox 395 3358 626 3426; x_wconf 89' lang='lat' dir='ltr'>sinere</span> <span class='ocrx_word' id='word_1_320' title='bbox 671 3356 743 3424; x_wconf 90' lang='lat' dir='ltr'>in</span> <span class='ocrx_word' id='word_1_321' title='bbox 800 3356 1158 3436; x_wconf 90' lang='lat' dir='ltr'>creaturis,</span> <span class='ocrx_word' id='word_1_322' title='bbox 1211 3377 1385 3443; x_wconf 91' lang='lat' dir='ltr'>quas</span> <span class='ocrx_word' id='word_1_323' title='bbox 1432 3356 1518 3426; x_wconf 89' lang='lat' dir='ltr'>ad</span> <span class='ocrx_word' id='word_1_324' title='bbox 1568 3379 1766 3427; x_wconf 89' lang='lat' dir='ltr'>suam</span> <span class='ocrx_word' id='word_1_325' title='bbox 1818 3357 2318 3447; x_wconf 87' lang='lat' dir='ltr'>providentiam</span> <span class='ocrx_word' id='word_1_326' title='bbox 2374 3370 2440 3425; x_wconf 89' lang='lat' dir='ltr'>et</span> <span class='ocrx_word' id='word_1_327' title='bbox 2487 3355 2739 3446; x_wconf 88' lang='lat' dir='ltr'>guber-</span> 
     </span>
     <span class='ocr_line' id='line_1_36' title="bbox 138 3443 2710 3534; baseline 0.002 -23"><span class='ocrx_word' id='word_1_328' title='bbox 138 3443 145 3456; x_wconf 87' lang='grc'><em>“</em></span> <span class='ocrx_word' id='word_1_329' title='bbox 182 3446 551 3515; x_wconf 72' lang='lat' dir='ltr'>⁴nationem</span> <span class='ocrx_word' id='word_1_330' title='bbox 594 3443 933 3534; x_wconf 89' lang='lat' dir='ltr'>pertinere</span> <span class='ocrx_word' id='word_1_331' title='bbox 982 3467 1118 3514; x_wconf 91' lang='lat' dir='ltr'>non</span> <span class='ocrx_word' id='word_1_332' title='bbox 1169 3444 1432 3516; x_wconf 90' lang='lat' dir='ltr'>dubito.</span> <span class='ocrx_word' id='word_1_333' title='bbox 2709 3499 2710 3502; x_wconf 63' lang='lat'>,</span> 
     </span>
    </p>

    <p class='ocr_par' dir='ltr' id='par_1_4' title="bbox 210 3533 2746 4513">
     <span class='ocr_line' id='line_1_37' title="bbox 287 3533 2739 3625; baseline -0.002 -21"><span class='ocrx_word' id='word_1_334' title='bbox 287 3535 322 3620; x_wconf 70' lang='grc' dir='ltr'>ξ</span> <span class='ocrx_word' id='word_1_335' title='bbox 369 3538 466 3604; x_wconf 73' lang='grc'>9.</span> <span class='ocrx_word' id='word_1_336' title='bbox 525 3534 745 3623; x_wconf 83' lang='lat' dir='ltr'>Igitur</span> <span class='ocrx_word' id='word_1_337' title='bbox 792 3533 955 3602; x_wconf 91' lang='lat' dir='ltr'>inde</span> <span class='ocrx_word' id='word_1_338' title='bbox 1001 3533 1380 3624; x_wconf 90' lang='lat' dir='ltr'>digressus,</span> <span class='ocrx_word' id='word_1_339' title='bbox 1423 3536 1603 3605; x_wconf 89' lang='lat' dir='ltr'>sicut</span> <span class='ocrx_word' id='word_1_340' title='bbox 1634 3536 1958 3625; x_wconf 90' lang='lat' dir='ltr'>superius</span> <span class='ocrx_word' id='word_1_341' title='bbox 2006 3535 2172 3616; x_wconf 83' lang='lat' dir='ltr'>dixi,</span> <span class='ocrx_word' id='word_1_342' title='bbox 2209 3534 2296 3603; x_wconf 92' lang='lat' dir='ltr'>ad</span> <span class='ocrx_word' id='word_1_343' title='bbox 2313 3533 2739 3624; x_wconf 69' lang='lat' dir='ltr'>⁸comitatum</span> 
     </span>
     <span class='ocr_line' id='line_1_38' title="bbox 212 3620 2740 3715; baseline -0 -26"><span class='ocrx_word' id='word_1_344' title='bbox 212 3624 488 3708; x_wconf 81' lang='lat' dir='ltr'>perrexi.</span> <span class='ocrx_word' id='word_1_345' title='bbox 543 3627 710 3692; x_wconf 84' lang='lat' dir='ltr'>Nam</span> <span class='ocrx_word' id='word_1_346' title='bbox 751 3627 1130 3712; x_wconf 87' lang='lat' dir='ltr'>Imperator</span> <span class='ocrx_word' id='word_1_347' title='bbox 1162 3622 1547 3694; x_wconf 90' lang='lat' dir='ltr'>Ludovicus</span> <span class='ocrx_word' id='word_1_348' title='bbox 1578 3646 1657 3693; x_wconf 94' lang='lat' dir='ltr'>eo</span> <span class='ocrx_word' id='word_1_349' title='bbox 1706 3638 2012 3715; x_wconf 89' lang='lat' dir='ltr'>tempore</span> <span class='ocrx_word' id='word_1_350' title='bbox 2042 3622 2456 3712; x_wconf 81' lang='lat' dir='ltr'>Aquisgrani</span> <span class='ocrx_word' id='word_1_351' title='bbox 2486 3620 2740 3712; x_wconf 84' lang='lat' dir='ltr'>palatio</span> 
     </span>
     <span class='ocr_line' id='line_1_39' title="bbox 210 3708 2743 3804; baseline 0.001 -28"><span class='ocrx_word' id='word_1_352' title='bbox 210 3713 607 3792; x_wconf 87' lang='lat' dir='ltr'>consistens,</span> <span class='ocrx_word' id='word_1_353' title='bbox 647 3724 1061 3781; x_wconf 90' lang='lat' dir='ltr'>conventum</span> <span class='ocrx_word' id='word_1_354' title='bbox 1098 3714 1460 3801; x_wconf 81' lang='lat' dir='ltr'>procerum</span> <span class='ocrx_word' id='word_1_355' title='bbox 1504 3712 1603 3781; x_wconf 92' lang='lat' dir='ltr'>ibi</span> <span class='ocrx_word' id='word_1_356' title='bbox 1642 3713 1792 3782; x_wconf 87' lang='lat' dir='ltr'>fieri</span> <span class='ocrx_word' id='word_1_357' title='bbox 1828 3713 2056 3783; x_wconf 89' lang='lat' dir='ltr'>media</span> <span class='ocrx_word' id='word_1_358' title='bbox 2087 3713 2224 3782; x_wconf 86' lang='lat' dir='ltr'>sere</span> <span class='ocrx_word' id='word_1_359' title='bbox 2272 3708 2519 3800; x_wconf 77' lang='lat' dir='ltr'>hyeme</span> <span class='ocrx_word' id='word_1_360' title='bbox 2550 3730 2743 3804; x_wconf 80' lang='lat' dir='ltr'>prae-</span> 
     </span>
     <span class='ocr_line' id='line_1_40' title="bbox 211 3798 2742 3891; baseline 0 -26"><span class='ocrx_word' id='word_1_361' title='bbox 211 3813 511 3889; x_wconf 84' lang='lat' dir='ltr'>ceperat:</span> <span class='ocrx_word' id='word_1_362' title='bbox 565 3800 685 3868; x_wconf 90' lang='lat' dir='ltr'>ubi</span> <span class='ocrx_word' id='word_1_363' title='bbox 732 3813 797 3870; x_wconf 91' lang='lat' dir='ltr'>et</span> <span class='ocrx_word' id='word_1_364' title='bbox 842 3822 969 3891; x_wconf 86' lang='lat' dir='ltr'>ego</span> <span class='ocrx_word' id='word_1_365' title='bbox 1018 3800 1196 3871; x_wconf 89' lang='lat' dir='ltr'>inter</span> <span class='ocrx_word' id='word_1_366' title='bbox 1242 3814 1544 3871; x_wconf 91' lang='lat' dir='ltr'>caeteros</span> <span class='ocrx_word' id='word_1_367' title='bbox 1591 3801 1831 3873; x_wconf 88' lang='lat' dir='ltr'>adesse</span> <span class='ocrx_word' id='word_1_368' title='bbox 1872 3800 2158 3889; x_wconf 86' lang='lat' dir='ltr'>jussus,</span> <span class='ocrx_word' id='word_1_369' title='bbox 2226 3800 2527 3888; x_wconf 86' lang='lat' dir='ltr'>quiade</span> <span class='ocrx_word' id='word_1_370' title='bbox 2575 3798 2742 3868; x_wconf 88' lang='lat' dir='ltr'>vici-</span> 
     </span>
     <span class='ocr_line' id='line_1_41' title="bbox 215 3887 2746 3981; baseline 0.002 -29"><span class='ocrx_word' id='word_1_371' title='bbox 215 3887 320 3956; x_wconf 90' lang='lat' dir='ltr'>nia</span> <span class='ocrx_word' id='word_1_372' title='bbox 347 3889 705 3959; x_wconf 88' lang='lat' dir='ltr'>beatorum</span> <span class='ocrx_word' id='word_1_373' title='bbox 759 3904 1142 3978; x_wconf 82' lang='lat' dir='ltr'>martyrum</span> <span class='ocrx_word' id='word_1_374' title='bbox 1192 3889 1432 3959; x_wconf 89' lang='lat' dir='ltr'>abesse</span> <span class='ocrx_word' id='word_1_375' title='bbox 1469 3890 1788 3979; x_wconf 86' lang='lat' dir='ltr'>cogebar,</span> <span class='ocrx_word' id='word_1_376' title='bbox 1831 3913 2082 3979; x_wconf 90' lang='lat' dir='ltr'>parum</span> <span class='ocrx_word' id='word_1_377' title='bbox 2117 3889 2466 3981; x_wconf 90' lang='lat' dir='ltr'>jucundas</span> <span class='ocrx_word' id='word_1_378' title='bbox 2511 3889 2579 3956; x_wconf 88' lang='lat' dir='ltr'>in</span> <span class='ocrx_word' id='word_1_379' title='bbox 2624 3909 2746 3979; x_wconf 90' lang='lat' dir='ltr'>pa-</span> 
     </span>
     <span class='ocr_line' id='line_1_42' title="bbox 216 3972 2737 4066; baseline 0.001 -25"><span class='ocrx_word' id='word_1_380' title='bbox 216 3972 363 4045; x_wconf 90' lang='lat' dir='ltr'>latio</span> <span class='ocrx_word' id='word_1_381' title='bbox 413 3999 645 4048; x_wconf 87' lang='lat' dir='ltr'>moras</span> <span class='ocrx_word' id='word_1_382' title='bbox 683 3977 1045 4047; x_wconf 84' lang='lat' dir='ltr'>faciebam.</span> <span class='ocrx_word' id='word_1_383' title='bbox 1087 3977 1384 4065; x_wconf 88' lang='lat' dir='ltr'>Ideoque</span> <span class='ocrx_word' id='word_1_384' title='bbox 1472 3991 1577 4050; x_wconf 90' lang='lat' dir='ltr'>ost</span> <span class='ocrx_word' id='word_1_385' title='bbox 1623 4001 1871 4058; x_wconf 89' lang='lat' dir='ltr'>unum,</span> <span class='ocrx_word' id='word_1_386' title='bbox 1913 4001 1993 4049; x_wconf 83' lang='lat' dir='ltr'>ex</span> <span class='ocrx_word' id='word_1_387' title='bbox 2053 4001 2191 4066; x_wconf 92' lang='lat' dir='ltr'>quo</span> <span class='ocrx_word' id='word_1_388' title='bbox 2225 3977 2345 4048; x_wconf 92' lang='lat' dir='ltr'>illo</span> <span class='ocrx_word' id='word_1_389' title='bbox 2392 3996 2737 4056; x_wconf 87' lang='lat' dir='ltr'>veneram,</span> 
     </span>
     <span class='ocr_line' id='line_1_43' title="bbox 215 4066 2744 4153; baseline 0.002 -25"><span class='ocrx_word' id='word_1_390' title='bbox 215 4082 507 4135; x_wconf 88' lang='lat' dir='ltr'>mensem</span> <span class='ocrx_word' id='word_1_391' title='bbox 566 4080 907 4147; x_wconf 85' lang='lat' dir='ltr'>exactum,</span> <span class='ocrx_word' id='word_1_392' title='bbox 973 4066 1131 4152; x_wconf 84' lang='lat' dir='ltr'>misi</span> <span class='ocrx_word' id='word_1_393' title='bbox 1178 4088 1384 4153; x_wconf 87' lang='lat' dir='ltr'>quem</span> <span class='ocrx_word' id='word_1_394' title='bbox 1440 4089 1551 4136; x_wconf 91' lang='lat' dir='ltr'>am</span> <span class='ocrx_word' id='word_1_395' title='bbox 1600 4088 1683 4137; x_wconf 85' lang='lat' dir='ltr'>ex</span> <span class='ocrx_word' id='word_1_396' title='bbox 1731 4069 2007 4148; x_wconf 83' lang='lat' dir='ltr'>nostriS,</span> <span class='ocrx_word' id='word_1_397' title='bbox 2047 4067 2329 4137; x_wconf 87' lang='lat' dir='ltr'>nomine</span> <span class='ocrx_word' id='word_1_398' title='bbox 2384 4066 2744 4136; x_wconf 88' lang='lat' dir='ltr'>Ellenhar-</span> 
     </span>
     <span class='ocr_line' id='line_1_44' title="bbox 215 4148 2744 4246; baseline 0.003 -29"><span class='ocrx_word' id='word_1_399' title='bbox 215 4148 393 4233; x_wconf 89' lang='lat' dir='ltr'>dum,</span> <span class='ocrx_word' id='word_1_400' title='bbox 456 4155 889 4245; x_wconf 89' lang='lat' dir='ltr'>praecipiens</span> <span class='ocrx_word' id='word_1_401' title='bbox 927 4155 1012 4234; x_wconf 91' lang='lat' dir='ltr'>ei,</span> <span class='ocrx_word' id='word_1_402' title='bbox 1072 4167 1148 4225; x_wconf 92' lang='lat' dir='ltr'>ut</span> <span class='ocrx_word' id='word_1_403' title='bbox 1213 4155 1299 4225; x_wconf 92' lang='lat' dir='ltr'>ad</span> <span class='ocrx_word' id='word_1_404' title='bbox 1352 4155 1595 4224; x_wconf 90' lang='lat' dir='ltr'>limina</span> <span class='ocrx_word' id='word_1_405' title='bbox 1634 4157 1988 4226; x_wconf 89' lang='lat' dir='ltr'>beatorum</span> <span class='ocrx_word' id='word_1_406' title='bbox 2046 4168 2426 4246; x_wconf 79' lang='lat' dir='ltr'>martyrum</span> <span class='ocrx_word' id='word_1_407' title='bbox 2477 4165 2744 4243; x_wconf 90' lang='lat' dir='ltr'>quanta</span> 
     </span>
     <span class='ocr_line' id='line_1_45' title="bbox 218 4242 2742 4338; baseline 0.001 -28"><span class='ocrx_word' id='word_1_408' title='bbox 218 4255 431 4338; x_wconf 81' lang='lat' dir='ltr'>posset</span> <span class='ocrx_word' id='word_1_409' title='bbox 462 4242 805 4313; x_wconf 87' lang='lat' dir='ltr'>celeritate</span> <span class='ocrx_word' id='word_1_410' title='bbox 843 4242 1213 4325; x_wconf 90' lang='lat' dir='ltr'>festinaret,</span> <span class='ocrx_word' id='word_1_411' title='bbox 1259 4244 1688 4332; x_wconf 76' lang='lat' dir='ltr'>visitatisque</span> <span class='ocrx_word' id='word_1_412' title='bbox 1725 4244 2054 4315; x_wconf 88' lang='lat' dir='ltr'>fratribus</span> <span class='ocrx_word' id='word_1_413' title='bbox 2092 4246 2347 4315; x_wconf 89' lang='lat' dir='ltr'>nostris</span> <span class='ocrx_word' id='word_1_414' title='bbox 2378 4265 2550 4330; x_wconf 90' lang='lat' dir='ltr'>quos</span> <span class='ocrx_word' id='word_1_415' title='bbox 2582 4242 2742 4312; x_wconf 90' lang='lat' dir='ltr'>inde</span> 
     </span>
     <span class='ocr_line' id='line_1_46' title="bbox 219 4326 2743 4419; baseline 0.002 -25"><span class='ocrx_word' id='word_1_416' title='bbox 219 4326 597 4419; x_wconf 82' lang='lat' dir='ltr'>digrediens</span> <span class='ocrx_word' id='word_1_417' title='bbox 636 4332 721 4401; x_wconf 91' lang='lat' dir='ltr'>ad</span> <span class='ocrx_word' id='word_1_418' title='bbox 773 4332 1087 4403; x_wconf 90' lang='lat' dir='ltr'>divinum</span> <span class='ocrx_word' id='word_1_419' title='bbox 1147 4333 1501 4404; x_wconf 87' lang='lat' dir='ltr'>servitium</span> <span class='ocrx_word' id='word_1_420' title='bbox 1551 4332 1985 4403; x_wconf 79' lang='lat' dir='ltr'>faciendum¹</span> <span class='ocrx_word' id='word_1_421' title='bbox 2017 4334 2115 4404; x_wconf 91' lang='lat' dir='ltr'>ibi</span> <span class='ocrx_word' id='word_1_422' title='bbox 2163 4333 2587 4412; x_wconf 89' lang='lat' dir='ltr'>dimiseram,</span> <span class='ocrx_word' id='word_1_423' title='bbox 2640 4343 2743 4401; x_wconf 88' lang='lat' dir='ltr'>at-</span> 
     </span>
     <span class='ocr_line' id='line_1_47' title="bbox 220 4419 2742 4513; baseline 0.001 -27"><span class='ocrx_word' id='word_1_424' title='bbox 220 4435 340 4501; x_wconf 86' lang='lat' dir='ltr'>que</span> <span class='ocrx_word' id='word_1_425' title='bbox 390 4421 737 4504; x_wconf 91' lang='lat' dir='ltr'>omnibus,</span> <span class='ocrx_word' id='word_1_426' title='bbox 796 4443 973 4509; x_wconf 91' lang='lat' dir='ltr'>quae</span> <span class='ocrx_word' id='word_1_427' title='bbox 1022 4421 1276 4492; x_wconf 90' lang='lat' dir='ltr'>ibidem</span> <span class='ocrx_word' id='word_1_428' title='bbox 1342 4432 1730 4512; x_wconf 87' lang='lat' dir='ltr'>agerentur,</span> <span class='ocrx_word' id='word_1_429' title='bbox 1798 4421 2163 4513; x_wconf 86' lang='lat' dir='ltr'>diligenter</span> <span class='ocrx_word' id='word_1_430' title='bbox 2208 4420 2601 4512; x_wconf 84' lang='lat' dir='ltr'>exploratis,</span> <span class='ocrx_word' id='word_1_431' title='bbox 2653 4419 2742 4489; x_wconf 93' lang='lat' dir='ltr'>ad</span> 
     </span>
    </p>
   </div>
  </div>
 </body>
</html>
