3357 4995
256 344 476 411 JUNII
530 345 611 408 ⁴9
1098 360 1177 406 na
1226 359 1282 406 s.
1335 358 1616 406 nEonA‘ro
1663 358 1958 407 amseopo
2580 342 2698 406 47⁴

260 470 386 517 suo
438 445 657 536 potuit
705 445 852 514 loco
901 443 1146 533 aptari,
1205 443 1409 512 modo
1458 444 1783 513 brevitate
1816 443 1988 512 alias
2022 442 2354 512 curvitate
2402 443 2500 512 vel
2538 442 2675 512 alia
2725 466 2797 513 re

262 537 330 605 id
382 534 819 626 impediente.
863 537 1084 602 Iratus
1141 531 1353 621 igitur
1392 532 1621 602 Asclas
1669 533 1999 602 conviciis
2059 532 2354 602 artifices
2398 532 2798 621 proscinde-

262 626 403 704 bat,
459 623 642 709 quod
680 642 840 691 cum
874 620 1137 711 sylvam
1172 619 1255 688 ad
1290 642 1571 689 manum
1611 620 1962 700 haberent,
2006 620 2188 691 velut
2224 621 2472 689 inertes
2509 620 2796 690 multam

266 735 542 803 operam
580 712 643 779 in
688 733 839 779 eam
872 731 1012 778 rem
1046 707 1302 778 frustra
1328 709 1420 776 im
1477 708 1850 779 endissent.
1890 709 2037 778 Illis
2070 722 2294 778 autem
2325 710 2468 799 jam
2504 721 2568 778 et
2596 731 2800 799 opere

271 801 576 881 defessis,
636 813 700 867 et
748 797 964 867 animi
1015 819 1320 868 moerore
1375 820 1413 865 a
1468 798 1634 867 ectis
1701 819 2032 886 pransum
2082 798 2432 877 euntibus,
2488 798 2590 866 vir
2638 820 2800 868 san-

268 901 419 959 ctus
465 911 542 957 eo
574 887 858 967 accedit,
912 898 977 955 et
1023 884 1245 956 fessus
1291 907 1371 954 ex
1420 886 1659 955 itinere
1710 888 1776 954 in
1814 909 1893 956 ea
1940 886 2145 955 domo
2193 887 2463 956 residet.
2514 887 2639 956 Ubi
2677 909 2799 956 au-

271 992 398 1047 tem
430 999 508 1046 ex
553 976 838 1066 puerulo
886 973 1184 1062 quodam
1238 974 1478 1043 didicit
1508 975 1600 1043 rei
1631 976 1838 1045 totius
1868 974 2137 1057 seriem,
2180 975 2394 1044 multa
2447 987 2796 1065 permotus

267 1064 739 1137 misericordia
787 1084 963 1150 quae
1010 1063 1098 1132 ab
1144 1063 1431 1132 infantia
1480 1085 1637 1133 cum
1691 1062 1810 1132 illo
1839 1063 2246 1144 adoleverat,
2285 1064 2563 1133 tentavit
2592 1086 2792 1154 opem

262 1155 436 1223 ferre
486 1154 989 1224 moerentibus:
1048 1153 1401 1239 accitoque
1450 1153 1642 1221 beato
1693 1152 2054 1242 Willigodo
2102 1165 2167 1222 et
2196 1153 2399 1222 sociis
2433 1152 2612 1233 aliis,
2663 1165 2794 1222 tra-

262 1244 414 1313 bem
447 1244 635 1311 illam
666 1241 917 1312 sensim
953 1239 1035 1308 ad
1077 1241 1298 1310 locum
1336 1262 1537 1311 suum
1590 1241 1912 1321 admovit,
1950 1263 2030 1310 ac
2057 1240 2304 1310 deinde
2350 1253 2586 1330 coepto
2624 1263 2779 1331 per-

266 1333 436 1402 rexit
482 1332 745 1401 itinere.
788 1331 913 1399 Ubi
960 1328 1029 1397 id
1067 1329 1337 1399 rescivit
1386 1330 1515 1398 loci
1554 1330 1705 1419 ejus
1753 1330 1985 1410 heruS,
2044 1351 2177 1399 non
2231 1330 2430 1420 longe
2475 1352 2794 1430 progres-

267 1444 417 1491 sum
470 1443 548 1489 ex
600 1419 838 1488 itinere
887 1418 971 1487 ad
1024 1440 1095 1486 se
1145 1418 1439 1487 reducit:
1492 1432 1977 1508 compertaque
2027 1431 2170 1488 tum
2227 1419 2794 1519 peregrinationis

264 1510 414 1599 ejus
462 1511 693 1588 causa,
761 1521 906 1576 tum
957 1507 980 1576 i
1034 1507 1180 1576 sius
1232 1506 1662 1586 conditione,
1728 1506 2087 1597 praedium
2139 1506 2311 1576 illud
2368 1530 2430 1575 ei
2479 1507 2789 1589 donavit,

264 1622 398 1668 usu
441 1610 705 1666 tantum
741 1597 892 1686 ejus
923 1618 959 1664 a
1051 1596 1253 1664 vitam
1298 1595 1428 1664 sibi
1464 1610 1824 1676 reservato,
1861 1607 2112 1665 certam
2149 1597 2414 1686 argenti
2446 1618 2790 1665 summam

265 1687 336 1756 in
385 1707 603 1756 annos
652 1686 963 1775 singulos
1009 1685 1150 1753 viro
1179 1684 1292 1752 Dei
1327 1683 1678 1773 pollicens.
1714 1690 1842 1753 Nec
1882 1684 2219 1754 dubitavit
2251 1707 2386 1774 pau
2440 1708 2512 1753 er
2551 1684 2796 1754 Christi

263 1777 612 1864 suscipere
660 1773 905 1851 aliena,
957 1773 1078 1859 qui
1128 1772 1492 1859 reliquerat
1539 1795 1688 1853 sua,
1750 1785 1824 1842 ut
1865 1794 2122 1842 merces
2167 1795 2384 1843 cumu
2414 1786 2643 1842 aretur
2691 1795 2796 1843 re-

269 1863 509 1954 ligioso
559 1863 700 1931 viro
747 1885 826 1930 ex
874 1862 1095 1951 ipsius
1161 1861 1616 1948 eleemosyna,
1678 1884 1815 1947 qua
1863 1862 2133 1932 videbat
2182 1863 2547 1932 sustentari
2599 1883 2797 1952 posse

269 1975 605 2042 pauperes
645 1950 913 2030 Christi,
957 1972 1131 2037 quos
1182 1961 1411 2039 postea
1444 1949 1585 2017 illic
1636 1950 1899 2020 Christo
1947 1951 2420 2106 condgregavit:
2460 1963 2580 2020 aut
2616 1963 2797 2019 certe

264 2042 444 2127 quod
499 2040 747 2130 spiritu
798 2038 1215 2127 praevideret
1270 2039 1495 2107 locum
1555 2038 1753 2107 illum
1794 2038 2021 2108 dilecti
2109 2039 2384 2129 iscipuli
2427 2040 2532 2109 sui
2579 2038 2792 2108 Willi-

269 2129 429 2218 godi
478 2127 830 2219 sepultura
883 2127 1315 2197 nobilitatum
1352 2127 1475 2195 iri:
1513 2126 1594 2196 ad
1638 2127 1840 2216 cujus
1887 2127 2166 2213 quidem
2200 2127 2509 2196 exanime
2542 2150 2795 2217 corpus

268 2229 361 2285 tot
405 2231 469 2285 et
518 2229 702 2285 tanta
753 2217 1070 2303 usquein
1123 2238 1445 2305 praesens
1495 2216 1829 2285 miracula
1875 2215 2199 2295 eduntur,
2251 2229 2328 2285 ut
2375 2237 2574 2284 nemo
2634 2239 2784 2304 pos-

269 2305 355 2373 sit
404 2305 652 2373 habere
700 2304 1017 2384 dubium,
1054 2306 1221 2391 quin
1274 2304 1559 2394 spiritus
1592 2304 1744 2392 ejus
1791 2304 1993 2394 degat
2039 2304 2108 2371 in
2152 2303 2382 2373 coelis,

352 2395 512 2479 §a
560 2392 726 2462 Inde
751 2415 904 2461 vero
930 2412 1049 2483 pro
1103 2415 1333 2463 ressus
1359 2397 1486 2462 Deo
1508 2392 1989 2463 devotissimus
2011 2393 2315 2473 antisteS‚
2346 2391 2787 2483 Argentillam

267 2504 440 2569 quae
463 2482 560 2552 sic
588 2506 627 2552 a
656 2482 877 2552 rivulo
902 2504 1028 2552 suo
1104 2481 1330 2562 icitur,
1372 2482 1700 2570 pervenit,
1740 2503 1890 2551 eam
1927 2504 2111 2551 nunc
2142 2481 2389 2572 vulgus
2423 2482 2790 2562 rusticum,

263 2570 670 2641 Arentellam
721 2584 1040 2672 corrupte
1087 2585 1302 2640 vocat.
1366 2572 1491 2652 Ibi,
1548 2571 1717 2640 tanti
1767 2571 2029 2640 itineris
2070 2570 2299 2639 labore
2347 2569 2784 2660 defatigatuS,

263 2661 674 2729 commorari
724 2660 1099 2740 constituit,
1157 2659 1643 2749 impensasque
1715 2659 1846 2729 sibi
1911 2659 1996 2728 ad
2060 2658 2599 2729 construendum
2656 2656 2795 2726 illic

264 2749 758 2818 monasterium
847 2749 1258 2838 raeparavit:
1293 2748 1498 2835 cujus
1528 2747 1977 2816 fundamenta
2011 2771 2169 2817 cum
2211 2748 2359 2848 ,jam
2394 2746 2478 2816 ad
2514 2744 2792 2833 aliquod

264 2837 613 2927 fastigium
656 2772 1103 2926 percl'uxisset,
1139 2836 1392 2906 offendi
1428 2837 1651 2927 coepit
1683 2848 1747 2905 et
1776 2836 1986 2927 affligi
2028 2837 2302 2927 injuriis
2347 2849 2413 2905 et
2461 2836 2552 2905 im
2612 2833 2796 2904 robi-

264 2939 396 2995 tate
444 2926 831 2996 accolarum
901 2926 1036 3016 ipsi
1086 2925 1563 3001 invidentium.
1628 2938 1954 3013 tanquam
2006 2925 2076 2993 in
2140 2925 2287 2994 dies
2327 2925 2459 2995 sibi
2510 2924 2556 2992 il
2591 2945 2794 2993 orum

266 3014 517 3085 fundos
556 3028 996 3104 usurpaturo,
1037 3020 1242 3084 Erant
1291 3014 1388 3083 illi
1422 3015 1683 3084 strenui
1715 3035 1878 3085 sane
1927 3013 2200 3096 militeS,
2255 3013 2370 3082 sed
2411 3012 2792 3081 libertatem

264 3125 430 3172 suae
464 3103 761 3173 malitiae
794 3103 1100 3173 velamen
1135 3103 1483 3172 habentes.
1520 3107 1770 3173 Eorum
1812 3124 1971 3192 ergo
2016 3103 2420 3192 proterviam
2457 3102 2572 3172 Dei
2604 3121 2796 3172 servo

263 3190 616 3262 humiliter
676 3192 1084 3272 declinante,
1123 3192 1485 3282 derepente
1535 3192 1634 3260 ira
1682 3191 1994 3261 coelestis
2050 3191 2218 3260 adeo
2271 3192 2337 3260 in
2388 3189 2542 3260 illos
2594 3190 2790 3258 incu-

263 3280 434 3362 buit,
478 3293 719 3350 uttam
763 3282 920 3370 ipsi,
964 3303 1173 3367 quam
1227 3281 1477 3371 posteri
1507 3302 1742 3350 eorum
1790 3292 1908 3349 aut
1967 3302 2186 3351 annos
2216 3279 2649 3370 gratissimae
2679 3278 2797 3366 ju-

258 3369 554 3439 ventutis
601 3390 735 3438 non
784 3368 1214 3449 excesserint,
1283 3382 1399 3439 aut
1447 3382 1625 3438 certe
1659 3369 1906 3438 mentis
1939 3366 2098 3437 sacti
2137 3370 2399 3459 inopeS,
2439 3390 2478 3436 a
2532 3367 2794 3437 finibus

266 3458 412 3527 suis
476 3480 597 3547 per
654 3458 1107 3548 ignominiam
1157 3459 1417 3529 exclusi
1465 3458 1625 3537 sint,
1697 3457 1911 3527 donec
1972 3479 2266 3544 nequam
2325 3457 2533 3546 stirps
2584 3453 2701 3523 illa
2759 3474 2796 3522 e

266 3546 494 3615 medio
535 3547 803 3616 sublata
850 3558 1048 3616 esset.

344 3636 375 3722 ἓ
423 3639 514 3705 8.
573 3636 744 3704 Hinc
797 3634 1208 3705 venerabilis
1239 3634 1341 3704 vir
1377 3647 1526 3725 post
1557 3632 1964 3703 immodicos
1994 3634 2183 3703 aviae
2221 3645 2286 3703 et
2318 3632 2796 3702 anfractuosae

265 3723 661 3794 solitudinis
715 3724 1049 3794 circuitus
1111 3723 1430 3793 Alsatiam
1468 3723 1823 3814 ingressus
1861 3734 1984 3802 est,
2040 3722 2164 3791 ubi
2223 3723 2400 3791 inter
2431 3718 2796 3791 Amalarici

263 3812 503 3880 villare
549 3826 614 3881 et
662 3811 1111 3903 Ungisvillam
1181 3812 1365 3902 apud
1429 3812 1708 3882 Wilram
1772 3810 2048 3880 condito
2106 3810 2457 3880 domicilio
2507 3809 2836 3879 resedit:-

268 3901 467 3989 cujus
513 3900 791 3987 quidem
844 3900 1182 3989 hodieque
1215 3900 1557 3990 plurimae
1587 3899 1731 3968 illic
1779 3899 2236 3969 ostenduntur
2285 3899 2682 3989 parietinae,
2735 3907 2802 3967 et

272 3985 420 4058 fons
484 3990 895 4080 perspicuus
957 4002 1159 4078 atque
1207 3988 1731 4070 saluberrimuS,
1785 3988 1934 4077 ejus
1977 3988 2253 4057 nomine
2305 3986 2617 4056 celebris
2673 3985 2800 4057 Ubi

265 4096 421 4143 cum
472 4077 950 4159 circumcirca,
997 4091 1322 4167 tanquam
1368 4079 1476 4147 Sol
1517 4076 1801 4165 quidam
1825 4075 2179 4167 spiritalis,
2215 4076 2445 4146 radios
2484 4081 2616 4146 Deo
2648 4096 2800 4166 gra-

269 4175 372 4232 tae
417 4166 707 4235 actionis
765 4168 1125 4237 evibraret.
1177 4180 1242 4237 et
1287 4166 1545 4237 dociles
1592 4165 1954 4235 hominum
1991 4164 2472 4256 religiosorum
2524 4164 2796 4233 animos

265 4251 445 4321 bono
499 4254 742 4325 Christi
787 4256 995 4326 odore
1046 4255 1130 4325 ad
1186 4278 1256 4325 se
1304 4255 1695 4336 adduceret,
1795 4252 2029 4323 uidem
2068 4253 2245 4323 inter
2296 4256 2611 4344 proceres
2658 4252 2800 4320 exi-

264 4339 450 4410 mius
497 4346 790 4416 Hunnus
855 4366 1014 4415 cum
1086 4345 1378 4436 conjuge
1450 4349 1704 4414 Hunna
1747 4276 1910 4433 ίἔα),
1978 4342 2096 4430 qui
2166 4343 2237 4410 in
2319 4342 2563 4411 vicinis
2630 4339 2798 4410 locis

315 4465 374 4512 (a)
402 4463 541 4505 Hom
568 4464 854 4507 venerabilis
880 4468 1005 4508 Huni
1035 4477 1166 4514 uxor.
1193 4468 1366 4508 contin·
1396 4465 1444 4506 in
1475 4467 1651 4507 Alsatia
1686 4475 1735 4506 ιιι
1761 4467 1858 4514 jan.
1884 4473 1911 4504 a
1929 4465 2088 4505 Leone
2109 4465 2188 4514 Pp.
2211 4464 2248 4504 x
2272 4465 2398 4504 inter
2420 4463 2613 4503 sanctos
2635 4460 2802 4501 relata:
