3357 4995
563 347 692 411 260
1304 361 1381 407 nr:
1430 361 1487 406 s.
1540 303 1832 408 nARNABA
1878 358 2196 408 APos'rOLO
2322 355 2335 370 ·
2669 339 2889 432 JUNII
2940 341 3047 404 ll¹

478 448 699 539 gratia
727 456 1134 536 suggerente
1160 444 1492 516 divinitus
1520 446 1720 514 nobis
1748 444 2120 516 revelatum
2146 456 2287 536 est,
2305 425 2477 514 illu'd
2507 444 2701 516 nulla
2726 465 2806 512 ex
2832 457 3025 535 parte

479 558 832 614 mancum,
874 534 990 604 sed
1042 535 1326 603 omnino
1377 534 1754 624 perfectum
1783 544 1907 614 est,
1942 546 2009 602 et
2038 533 2124 602 ad
2154 533 2446 604 salutem
2498 531 2853 613 idoneum,
2887 554 3025 603 non

481 626 803 715 indigens
850 623 1319 693 humanarum
1384 624 2063 714 argumentationum
2117 622 2434 703 inventis,
2492 643 2712 709 neque
2760 621 3028 691 addita-

478 727 733 792 mentO,
791 711 891 780 vel
943 712 1409 782 subtractione
1470 712 1725 799 aliqua,
1797 725 1870 781 ut
1917 711 2192 781 divinae
2241 711 2476 781 literae
2526 709 2809 790 docent,
2862 734 3023 781 cum

478 803 758 873 dicunt:
829 802 1150 879 Verbum,
1205 801 1389 888 quod
1459 824 1585 892 ego
1633 801 1984 891 praecipio
2034 800 2158 870 tibi
2209 800 2437 880 hodie,
2493 799 2647 869 vide
2704 812 2781 869 ut
2849 800 3026 870 illud

477 892 673 961 valde
721 891 1062 968 observes,
1115 912 1333 977 neque
1368 892 1741 976 quicquam
1793 890 2033 971 addaS,
2068 910 2289 977 neque
2336 890 2424 960 ab
2471 911 2551 959 eo
2600 888 2865 976 aliquid
2893 890 3029 959 im-

477 982 779 1059 minuaS,
835 1000 997 1048 cum
1046 1002 1117 1050 re
1166 1002 1322 1048 vera
1370 979 1624 1050 divinis
1672 980 1968 1066 eloquiis
2014 978 2281 1066 aliquid
2330 978 2605 1059 addere,
2648 979 2746 1047 vel
2799 978 3024 1048 detra-

479 1069 662 1147 here,
708 1067 1176 1158 periculosum
1215 1069 1322 1148 sit,
1368 1069 1838 1158 etperniciem
1873 1068 1981 1146 iis,
2021 1069 2142 1154 qui
2174 1069 2342 1137 haec
2371 1067 2657 1145 faciunt,
2696 1089 3023 1157 magnam

469 1155 760 1227 ‘all'eratz
831 1179 963 1225 non
1028 1158 1212 1225 enim
1264 1157 1312 1224 ii
1375 1179 1642 1237 sumuS,
1697 1159 1818 1244 qui
1872 1157 2217 1226 Christum
2251 1157 2594 1244 corrigere
2645 1158 3016 1246 possimus,

488 1247 607 1315 sed
671 1246 790 1331 qui
861 1245 1126 1315 Christo
1197 1246 1448 1333 sub'ici
1497 1259 1560 1315 et
1608 1245 1888 1315 obedire
1952 1245 2351 1315 debeamus.
2407 1250 2627 1325 Haec,
2685 1258 2752 1314 et
2810 1245 3027 1313 multa

482 1336 614 1404 alia
670 1336 823 1403 licet
872 1335 956 1402 de
1006 1335 1134 1403 hac
1187 1358 1254 1402 re
1365 1336 1540 1404 icere
1591 1335 1844 1404 nostris
1912 1334 2316 1403 hominibus
2379 1335 2471 1402 ita
2521 1333 3019 1413 sentientibUS‚

482 1447 656 1511 quos
697 1423 928 1492 doceri
978 1425 1325 1524 cupimus,
1379 1438 1719 1492 extremae
1769 1423 2080 1494 inscitiae
2128 1444 2299 1503 esse,
2357 1423 2677 1508 haeretici
2723 1422 3027 1490 hominis

484 1515 863 1611 novitatem·
904 1512 1285 1581 admittere.
1324 1514 1646 1581 Desinant
1699 1513 1907 1601 igitur
1938 1533 2098 1581 cum
2134 1512 2473 1580 haeretico
2524 1512 2803 1580 homine
2836 1511 3028 1597 dein-

483 1625 644 1692 ceps
694 1615 966 1671 sentire.
2820 1635 2828 1645 ·

573 1693 608 1776 §
663 1694 819 1760 223.
877 1695 1113 1775 Itaque
1147 1713 1306 1759 cum
1361 1697 1597 1760 Petrus
1648 1690 1762 1758 ille
1810 1689 2261 1768 ab‘omnibus
2292 1689 2651 1779 Episcopis
2700 1688 2831 1759 sub
2862 1712 3027 1758 ana-

489 1780 787 1848 themate
817 1779 925 1867 (ut
971 1779 1306 1867 diximus)
1337 1779 1709 1849 damnatus
1742 1793 1942 1860 esset,
1986 1791 2051 1848 et
2084 1783 2256 1848 Zeno
2292 1792 2569 1868 propter
2600 1779 3023 1847 invasionem

489 1867 800 1936 Basilisci
849 1867 934 1935 ab
986 1868 1281 1956 Imperio
1330 1868 1736 1958 aufugisset,
1809 1868 1956 1957 ipse
2003 1888 2277 1953 quoque
2337 1866 2609 1957 fugiens
2659 1866 2742 1936 ad
2796 1867 3032 1957 ignota

486 1957 830 2042 quaedam
882 1955 1030 2024 loca
1081 1978 1150 2024 se
1207 1956 1520 2025 contulit.
1567 1962 1803 2025 Postea
1838 1979 1990 2026 vero
2037 1978 2249 2042 quam
2289 1961 2461 2029 Zeno
2511 1956 2594 2024 ad
2648 1956 3031 2046 Imperium

487 2066 802 2114 reversus
842 2058 965 2124 est,
1011 2050 1281 2113 Petrum
1317 2045 1647 2115 fullonem
1686 2046 2062 2131 requisivit,
2106 2057 2172 2114 et
2202 2045 2656 2116 Antiochenae
2686 2044 3030 2115 Ecclesiae

488 2135 906 2223 Episcopum
970 2134 1305 2212 restituit,
1358 2156 1515 2203 cum
1572 2133 1882 2203 nondum
1933 2134 2366 2205 anathemate
2431 2135 2762 2203 liberatus
2807 2147 3022 2204 esset:

487 2225 764 2291 beatum
817 2245 972 2290 vero
1022 2223 1506 2292 Calendionem
1547 2223 2015 2292 Patriarcham
2069 2223 2134 2289 in
2170 2224 2406 2293 Oaxim
2456 2223 2722 2291 exulem
2767 2222 3031 2312 relega—

487 2312 603 2392 vit,
659 2311 918 2379 fullone
969 2311 1084 2380 illo
1137 2313 1593 2382 Antiochenae
1642 2312 1826 2381 sedis
1876 2312 2359 2401 Episcopatum
2412 2313 2476 2378 vi
2525 2333 2601 2380 ca
2664 2312 3031 2393 'ente.‘Qui

487 2413 565 2468 ut
614 2400 896 2489 impius,
930 2413 993 2468 et
1027 2401 1290 2469 nullam
1344 2423 1534 2489 spem
1589 2401 1929 2487 reliquam
1973 2399 2261 2481 habenS‚
2321 2400 2585 2502 tyranni
2644 2423 2749 2469 em
2804 2401 2824 2467 i
2881 2423 3027 2469 sam
3137 2415 3147 2424 ·

487 2490 798 2579 impune,
857 2489 956 2557 vel
1010 2490 1333 2559 scelerate
1369 2490 1620 2580 potiuS,
1657 2488 2033 2568 exercebat,
2076 2489 2521 2570 interficienS,
2563 2490 2824 2581 proscri
2877 2512 3021 2569 ens,

489 2593 554 2647 et
601 2590 842 2648 omnes
888 2601 1002 2648 eos
1052 2578 1321 2669 fugans.
1378 2580 1498 2665 qui
1550 2578 1874 2649 nolebant
1908 2600 2066 2647 cum
2118 2580 2269 2668 ejus
2326 2580 2673 2669 impietate
2721 2600 3030 2647 commu-

491 2669 747 2737 nicare.
806 2667 931 2735 Sed
983 2669 1151 2736 haec
1195 2668 1473 2754 quidem
1529 2668 1741 2736 missa
1790 2668 2062 2748 faciam,
2119 2690 2277 2736 cum
2314 2669 2530 2737 multa
2571 2669 2730 2749 sint,
2768 2680 2833 2736 et
2872 2689 3031 2757 pro-

488 2758 715 2856 priam
768 2756 1126 2825 historiam
1170 2757 1544 2843 requirant.
1602 2756 1910 2825 Conferet
1970 2768 2197 2825 autem
2264 2778 2335 2825 se
2396 2757 2613 2826 oratio
2663 2768 2896 2825 nostra
2944 2755 3032 2823 ad

493 2846 588 2925 1d,
643 2845 825 2931 quod
878 2843 1100 2934 magis
1148 2859 1367 2935 urget,
1408 2859 1486 2914 ut
1534 2846 1751 2916 sanc-ti
1810 2843 2105 2933 Apostoli
2158 2846 2507 2915 Barnabae
2542 2846 2833 2936 gratiam
2884 2867 3035 2914 om-

492 2934 704 3003 nibus
755 2945 986 3002 notam
1023 2933 1381 3014 faciamus,
1421 2948 1484 3002 et
1518 2947 1775 3021 quanta
1826 2934 2117 3023 patriam
2167 2956 2366 3003 suam
2401 2940 2568 3003 cura
2608 2947 2673 3004 et
2720 2933 3035 3023 benigni-

491 3036 628 3090 tate
681 3035 1160 3111 prosequatur,
1207 3023 1659 3093 declaremus

583 3114 618 3197 ξ
671 3115 823 3182 24.
881 3116 1045 3179 Cum
1100 3112 1406 3181 nondum
1443 3123 1808 3182 contentus
1854 3124 2030 3181 esset
2059 3116 2297 3181 Petrus
2347 3111 2517 3182 fullo
2567 3111 3039 3181 innumerabi-

496 3200 682 3268 libus
741 3199 881 3267 illis
950 3198 1173 3279 malis,
1242 3202 1497 3287 quibus
1565 3201 1859 3269 Orientis
1915 3212 2141 3290 partes
2189 3201 2434 3280 affecit,
2515 3202 2582 3270 in
2647 3201 3039 3290 provincias

493 3289 698 3356 etiam
753 3288 907 3357 illas
939 3310 1116 3373 quae
1167 3289 1340 3358 nihil
1391 3288 1476 3357 ad
1526 3312 1684 3358 cum
1745 3289 2199 3380 pertinebant,
2257 3312 2508 3359 manus
2558 3290 2811 3378 injecit.
2868 3293 3038 3357 Cum

493 3379 678 3446 enim
737 3378 1195 3465 Imperatoris,
1264 3392 1329 3447 et
1377 3400 1614 3447 eorum
1665 3379 1786 3466 qui
1835 3390 2030 3447 erant
2086 3378 2271 3468 apud
2338 3383 2828 3479 Imperatorem
2880 3400 3039 3468 gra-

499 3466 677 3544 tiosi,
735 3466 1082 3534 lenitatem
1142 3490 1310 3537 auro
1373 3467 1506 3536 sibi
1554 3480 2041 3557 comparasset,
2103 3468 2323 3556 ipsius
2378 3480 2584 3536 etiam
2649 3468 2772 3540 Dei,
2820 3468 3038 3557 legem

495 3555 824 3644 deinceps
881 3556 1316 3645 contempsit,
1375 3570 1440 3625 et
1496 3556 1780 3645 Cyprios
1831 3557 2146 3625 homines
2196 3557 2311 3625 Dei
2359 3568 2425 3625 et
2472 3555 2633 3625 fidei
2674 3569 3035 3635 amatoreS,

497 3666 576 3711 ac
639 3655 824 3712 recta
873 3644 1263 3725 sentientes,
1317 3644 1644 3713 omnibus
1696 3644 1921 3714 modis
1971 3666 2209 3714 vexare
2276 3645 2635 3734 cogitavit,
2707 3646 3038 3733 quoniam

496 3734 648 3821 ejus
700 3732 966 3801 insulae
1018 3734 1435 3803 habitatores
1491 3732 1807 3821 pietatem
1861 3756 1901 3800 a
1965 3733 2276 3822 patribus
2327 3733 2476 3804 suis
2525 3734 2842 3803 traditam
2897 3756 3039 3803 ser—

499 3835 756 3902 vantcS,
804 3822 1217 3892 recusabant
1263 3844 1424 3890 cum
1475 3822 1626 3909 ejus
1675 3822 2028 3923 impietate
2077 3823 2616 3892 communicare.
2654 3828 2890 3910 Itaque
2922 3828 3044 3911 Cy-

499 3911 604 3999 pri
658 3910 886 3980 sedem
938 3912 1472 3984 sanctissimam,
1510 3922 1574 3979 et
1616 3934 1652 3991 ‚a
1706 3912 2047 4001 princ-,ipio
2096 3910 2255 3979 inde
2306 3932 2526 3998 usque
2557 3912 2642 3980 ab
2691 3912 3042 4001 Apostolo-

498 4020 655 4068 rum
708 4014 1010 4089 tempore
1059 4000 1372 4078 liberam,
1430 3999 1577 4087 ipse
1626 3999 1929 4089 arripere
1976 4012 2042 4068 et
2097 3999 2229 4068 sibi
2282 4001 2624 4090 subjicere
2673 4022 2710 4068 a
2816 4023 3043 4070 ressus

498 4102 622 4169 est,
680 4089 884 4175 idque
949 4088 1033 4157 ad
1087 4093 1572 4178 Imperatorem
1627 4089 1882 4169 retulit,
1952 4088 2203 4157 falsum
2257 4088 2570 4159 deferens
2632 4111 2711 4158 ac
2811 4091 3040 4159 icens:

499 4178 839 4258 Quoniam
894 4176 1176 4245 verbum
1207 4177 1319 4245 Dei
1372 4177 1457 4245 ab
1490 4177 1659 4247 urbe
1709 4176 2065 4248 Antiochia
2093 4177 2179 4246 ad
2222 4181 2521 4267 Cyprum
2560 4178 2864 4248 insulam
2898 4199 3045 4247 ma-

503 4267 709 4345 navit,
765 4265 851 4335 ob
908 4265 976 4333 id
1034 4267 1231 4353 Cypri
1299 4265 1671 4336 Ecclesiam
1727 4266 1856 4336 sub
1906 4266 2361 4337 Antiochenae
2410 4266 2596 4336 sedis
2648 4266 3048 4338 Patriarcha

501 4376 649 4427 esse
699 4365 984 4444 oportet,
1036 4354 1601 4441 quandoquidem
1641 4356 2025 4446 Apostolica
2071 4367 2137 4424 et
2184 4356 2645 4427 Patriarchica
2685 4355 2881 4425 sedes
2914 4368 3038 4425 est.

597 4446 634 4530 ἓ
684 4448 838 4516 25.
896 4447 1074 4512 Haec
1124 4442 1223 4512 illi
1276 4455 1494 4533 rectae
1526 4443 1689 4529 fidei
1719 4456 1783 4514 et
1816 4444 2191 4516 sententiae
2222 4444 2526 4515 desertor
2563 4444 3040 4528 contendebat,
