3357 4995
650 320 776 384 304
1298 336 1377 383 niz
1425 337 1481 382 s.
1535 330 1812 383 ANromo
1863 336 1902 380 A
1952 335 2159 381 mnus
2208 333 2388 380 mero
2758 316 2978 390 JUNlI
3036 317 3125 380 ,13

561 419 916 508 (Limoqes)
946 416 1047 485 illi
1074 416 1451 506 contigisse
1475 416 1728 485 ferunt.
1770 416 1901 488 Ubi
1923 436 2081 484 cum
2121 415 2191 483 in
2231 427 2427 484 nocte
2456 413 2836 485 Nativitatis
2870 415 3129 485 Christi

564 508 636 574 in
669 527 944 576 summa
984 504 1151 575 aede
1183 505 1743 575 concionandum
1792 505 1855 573 ei
1910 516 2109 584 esset,
2169 516 2235 574 et
2292 504 2532 573 eodem
2585 516 2888 593 tempore
2938 525 3129 573 nona

565 596 633 663 in
672 607 1008 665 nocturno
1054 593 1281 664 officio
1331 593 1528 663 lectio
1577 594 1764 683 apud
1816 598 2081 662 Fratres
2147 593 2217 661 in
2295 613 2422 662 suo
2488 593 2904 668 monasterio
2953 595 3132 663 reci—

565 684 811 756 tanda:
849 706 1013 753 cum
1062 695 1437 770 utrumque
1471 682 1678 753 simul
1720 695 2065 772 praestare
2117 704 2252 751 non
2295 695 2553 771 posset,
2594 683 2854 770 rogavit
2893 683 3131 752 Domi·

561 795 758 852 num,
812 785 889 841 ut
935 772 994 841 is
1042 794 1168 842 sua
1217 772 1464 842 virtute
1500 772 1875 861 suppleret,
1930 772 2115 858 quod
2168 773 2476 840 humana
2515 792 2555 838 o
2607 792 2644 839 e
2694 771 2841 839 fieri
2878 771 3135 857 nequi-

563 875 683 932 ret.
725 867 800 930 Et
848 862 941 930 ita
992 861 1234 930 eodem
1286 874 1589 950 tempore
1636 874 1703 929 et
1764 860 2126 929 lectionem
2178 860 2372 928 illam
2423 859 2491 926 in
2585 871 2848 938 ratrum
2904 860 3132 932 choro

561 952 752 1022 visus
780 961 881 1020 est
910 949 972 1020 le
1022 972 1157 1031 ere,
1196 962 1261 1018 et
1309 950 1377 1017 in
1430 949 1762 1039 primario
1799 961 1932 1018 tem
1989 949 2051 1018 lo
2101 949 2503 1018 concionem
2553 949 2820 1017 habuit.

648 1042 685 1127 ξ
736 1044 881 1111 2¹3.
934 1045 982 1108 Α
1016 1040 1078 1108 io
1127 1051 1433 1127 tempore
1461 1061 1623 1107 cum
1659 1061 1701 1106 a
1752 1060 1912 1127 prae
1968 1038 2258 1107 icatione
2314 1037 2611 1116 rediens,
2664 1052 2729 1106 et
2778 1058 2899 1127 per
2955 1037 3131 1107 soli-

565 1127 874 1197 tudinem
927 1130 1054 1198 iter
1099 1126 1386 1207 habens,
1442 1126 1684 1216 populi
1733 1127 2117 1216 applausus
2151 1125 2551 1206 declinaret,
2606 1125 2861 1195 mulier
2907 1148 3129 1213 quae-

562 1216 722 1286 dam
775 1219 920 1286 viae
949 1239 1105 1286 com
1159 1215 1363 1285 endia
1411 1229 1733 1305 captanS,
1778 1229 1843 1284 et
1893 1216 2115 1284 virum
2170 1216 2284 1284 Dei
2335 1236 2455 1304 per
2505 1215 2704 1284 devia
2751 1237 3124 1302 quaerenS,

562 1305 786 1375 filium
838 1327 1046 1375 suurn
1109 1239 1414 1373 brachiis
1461 1318 1527 1373 et
1595 1306 1921 1374 cruribus
1970 1327 2010 1372 a
2057 1305 2283 1394 primo
2331 1316 2487 1372 ortu
2552 1316 2985 1373 contractum
3033 1305 3127 1373 ad

563 1395 714 1481 ejus
763 1394 970 1484 pedes
1029 1393 1303 1480 abjecit,
1355 1415 1528 1463 cum
1583 1393 1819 1462 multis
1854 1391 2181 1482 lacrymis
2232 1393 2560 1480 rogitans,
2608 1405 2683 1460 ut
2733 1394 2967 1463 Crucis
3026 1392 3131 1461 si-

564 1506 783 1572 gnum
819 1484 887 1550 in
941 1480 1139 1551 illum
1190 1483 1623 1572 exprimeret,
1682 1482 1854 1551 nihil
1905 1482 2234 1551 dubitans
2284 1482 2410 1552 hoc
2459 1481 2636 1550 facto
2688 1477 2845 1550 ilico
2893 1481 3128 1551 filium

565 1583 881 1641 sanatum
928 1571 1034 1640 iri.
1093 1571 1219 1639 Sed
1251 1594 1412 1640 cum
1452 1571 1552 1638 vir
1591 1583 1874 1640 sanctus
1909 1594 2069 1661 prae
2120 1571 2340 1639 multa
2385 1570 2720 1640 modestia
2768 1585 2834 1639 et
2882 1570 3124 1638 humi—

541 1654 752 1730 'litate
803 1659 871 1727 id
922 1674 1290 1740 recusaret,
1347 1659 1465 1729 illa
1513 1660 1688 1732 flens
1722 1660 2113 1749 largiuS,-et
2146 1680 2383 1759 preces
2424 1658 2921 1748 multiplicanS,
2976 1657 3130 1728 cla·
3226 1696 3233 1700 ·

568 1771 756 1817 mare
803 1749 1048 1838 coepit:
1109 1750 1388 1818 Domine
1460 1762 1651 1839 pater
1714 1749 1982 1827 Antoni,
2069 1770 2403 1818 miserere-
2441 1749 2599 1816 mei.
2656 1747 2956 1818 Tandem
3015 1747 3128 1817 vir

441 1909 465 1936 ⁸
569 1837 726 1928 pius
773 1850 837 1906 et
887 1838 1128 1907 matris
1176 1837 1543 1907 afflictione
1589 1851 1655 1906 et
1703 1835 1828 1905 filii
1878 1837 2269 1908 calamitate
2304 1849 2679 1926 permotus,
2724 1849 2870 1905 tum
2912 1837 3128 1905 etiam

561 1927 787 2002 flexus
837 1926 1157 2016 precibus
1205 1927 1374 1995 socii
1432 1927 1544 1997 sui
1600 1926 1830 1994 fratris
1883 1931 2142 2006 Lucae,
2210 1925 2362 2015 ejus
2412 1925 2722 2015 perpetui
2797 1925 3070 1995 comitis
3102 1980 3120 2005 ‚

569 2016 854 2084 scientia
909 2028 972 2083 et
1020 2016 1376 2084 sanctitate
1427 2013 1785 2104 praeclari,
1841 2017 2077 2084 Crucis
2126 2014 2407 2104 signum
2436 2015 2505 2081 in
2557 2014 2806 2086 Christi
2844 2015 3128 2082 nomine

568 2104 637 2172 in
682 2125 967 2193 aegrum
1000 2125 1290 2193 puerum
1328 2104 1565 2183 edidit,
1603 2117 1668 2172 et
1717 2102 1833 2171 ille
1861 2103 2097 2171 eodem
2120 2103 2466 2192 ‚temporis
2509 2114 2763 2193 puncto
2799 2124 3014 2172 sanus
3059 2114 3130 2172 et

569 2192 941 2263 incolumis
989 2192 1307 2263 surrexit.
1361 2197 1564 2262 Porro
1598 2193 1702 2260 vir
1738 2192 1852 2260 Dei
1902 2214 2038 2261 non
2090 2193 2216 2261 hoc
2262 2193 2409 2262 suis
2460 2191 2742 2270 meritis,
2794 2191 2913 2266 sed
2964 2213 3126 2261 mu-

572 2281 758 2352 lieris
809 2281 968 2349 fidei
1047 2281 1422 2361 ascribens,
1488 2281 1750 2370 rogavit
1787 2302 1964 2362 eam,
2025 2294 2099 2349 ut
2145 2281 2312 2349 dum
2379 2282 2524 2369 ipse
2569 2281 2862 2368 esset,i11
2920 2280 3117 2359 viviS,

569 2370 745 2438 nulli
781 2369 847 2438 id
894 2369 1306 2459 propalaret.

657 2462 694 2546 ξ
744 2461 893 2531 ²8.
948 2458 1178 2529 Puella
1211 2460 1552 2547 quaedam
1579 2480 1920 2529 annorum
1954 2470 2274 2546 quatuor,
2314 2458 2569 2548 pedum
2597 2457 2822 2527 officio
2849 2478 3121 2539 careum

569 2548 856 2637 insuper
889 2548 1128 2618 morbo
1177 2548 1440 2619 caduco
1493 2549 1838 2629 laborans,
1876 2549 2117 2617 crebro
2171 2547 2605 2637 volutabatur
2639 2568 2999 2647 spumans,
3061 2559 3129 2616 et

568 2637 654 2707 ad
706 2651 954 2706 terram
1007 2659 1077 2706 se
1132 2637 1603 2707 miserandum
1657 2639 1730 2706 in
1783 2637 2067 2707 modum
2118 2635 2795 2725 allidens.,Cont1git
2860 2649 3120 2715 autem,

568 2739 647 2795 ut
680 2739 874 2815 pater
919 2727 1069 2813 ejus
1122 2731 1357 2795 Petrus
1407 2727 1709 2806 nomine,
1750 2747 1909 2794 cum
1945 2725 2133 2793 illam
2186 2738 2479 2815 gestaret
2512 2726 2578 2792 in
2631 2725 2843 2807 ulnis,
2897 2725 2984 2792 ab
3014 2725 3128 2792 in-

573 2828 846 2904 sperato
876 2815 1157 2883 obvium
1193 2815 1471 2884 haberet
1504 2827 1765 2903 patrem
1802 2815 2169 2889 Antonium
2207 2838 2245 2882 a
2287 2815 2618 2887 concione
2647 2824 3121 2882 revertentem.

571 2909 807 2989 ltaque
854 2904 1104 2972 obnixe
1136 2924 1295 2971 eum
1350 2916 1564 3004 rogat,
1619 2917 1696 2972 ut
1745 2903 2023 2992 signum
2078 2903 2301 2972 vitalis
2346 2902 2585 2973 Crucis
2617 2902 2781 2971 edat
2819 2902 2890 2970 in
2928 2901 3126 2991 puel-

570 2992 735 3060 lam.
785 2990 907 3059 llle
945 3013 1235 3060 cernens
1271 2992 1572 3061 hominis
1604 2992 1945 3063 sinceram
1996 2992 2231 3071 fidem,
2270 3015 2310 3061 a
2358 2992 2581 3081 capite
2604 3013 2833 3085 usque
2883 2991 2971 3059 ad
3008 3013 3126 3081 pe—

569 3080 690 3167 des
729 3084 940 3148 Cruce
972 3102 1123 3148 eam
1174 3080 1561 3170 consignat,
1614 3094 1678 3150 et
1706 3081 2071 3170 derepente
2100 3080 2177 3150 fit
2216 3102 2405 3152 sana.
2444 3086 2750 3149 Matrona
2781 3079 3128 3166 quaedam

573 3167 831 3237 nobilis
881 3169 1102 3237 virum
1135 3170 1249 3238 Dei
1290 3191 1450 3238 cum
1502 3171 1767 3259 ingenti
1802 3168 2037 3260 populi
2091 3170 2536 3239 multitudine
2566 3182 2750 3238 extra
2785 3168 3132 3259 oppidum

570 3277 886 3343 sequens,
932 3270 1008 3326 ut
1056 3257 1125 3324 in
1177 3280 1343 3348 agro
1393 3258 1967 3328 concionaturum
2021 3259 2316 3335 audiret,
2375 3260 2440 3325 in
2474 3271 2769 3347 angusta
2818 3257 3131 3343 quadam

571 3345 795 3435 platea
829 3345 897 3413 in
930 3345 1423 3416 densissimum
1458 3346 1682 3416 lutum
1720 3346 1996 3426 decidit,
2042 3347 2233 3421 novis
2271 3348 2495 3434 iisque
2530 3369 2664 3416 non
2705 3347 2894 3436 parvi
2924 3346 3128 3436 pretii

570 3435 879 3505 vestibus
927 3434 1194 3503 induta.
1252 3440 1327 3504 In
1382 3435 1530 3524 ipso
1579 3449 1810 3505 autem
1860 3458 2029 3507 casu
2060 3458 2132 3504 se
2186 3441 2313 3505 Deo
2359 3451 2425 3504 et
2473 3447 2710 3505 sancto
2742 3437 2884 3504 viro
2932 3456 3126 3504 com-

569 3522 934 3601 mendam,
987 3545 1067 3592 ex
1104 3522 1246 3593 luto
1297 3524 1388 3593 ita
1420 3526 1716 3594 surrexit
1765 3525 2051 3603 munda,
2108 3539 2182 3593 ut
2213 3546 2453 3594 omnes
2486 3526 2555 3593 in
2589 3524 3125 3594 admirationem

571 3614 774 3691 versi,
831 3616 1044 3681 Deum
1093 3625 1157 3681 et
1195 3611 1468 3681 fidelem
1507 3616 1795 3683 servum
1846 3615 1996 3703 ejus
2046 3614 2336 3683 mirifice
2386 3613 2885 3702 praedicarent.

659 3704 914 3858 {zu
968 3700 1110 3769 Alia
1166 3701 1507 3788 quaedam
1562 3704 1674 3792 pia
1725 3703 2021 3772 foemina
2071 3704 2165 3785 in,
2199 3703 2500 3781 Francia,
2554 3703 2780 3771 virum
2835 3700 2951 3770 Dei
3000 3724 3127 3791 pro

569 3789 662 3857 ha
712 3789 893 3859 enda
919 3790 1251 3858 concione
1279 3802 1465 3859 extra
1500 3791 1743 3860 urbem
1793 3805 2152 3861 exeuntem
2195 3793 2390 3878 sequi
2438 3790 2865 3870 desideranS,
2906 3813 2946 3859 a
2976 3812 3127 3859 ma-

573 3878 702 3947 rito
753 3878 930 3948 male
979 3878 1244 3947 valente
1280 3899 1413 3947 non
1454 3876 1995 3968 permittebatur.
2031 3881 2180 3949 Fuit
2210 3881 2341 3949 hoc
2373 3879 2475 3948 illi
2526 3879 3121 3961 molestissimum,

571 3979 638 4035 et
684 3988 844 4037 cum
897 3967 1215 4036 concioni
1268 3968 1595 4039 interesse
1645 3991 1783 4039 non
1834 3969 2087 4048 liceret,
2145 3969 2455 4039 ascendit
2502 3970 2571 4037 in
2623 3967 2957 4038 solarium
3006 3967 3130 4037 do-

573 4076 734 4125 mus
796 4076 984 4136 suae,
1041 4068 1106 4124 et
1159 4077 1239 4126 ex
1287 4056 1585 4127 fenestra
1634 4058 1720 4126 ad
1755 4060 1982 4127 locum
2031 4059 2346 4127 concioni
2396 4057 2816 4126 destinatum
2867 4056 3131 4146 cupida

574 4144 894 4234 respexit,
935 4157 1012 4213 ut
1042 4143 1145 4213 vel
1173 4146 1272 4217 sic
1305 4147 1621 4217 nonnihil
1672 4168 1798 4217 suo
1831 4147 2170 4217 desiderio
2211 4147 2652 4217 satisfaceret.
2686 4145 2945 4215 Accidit
2977 4160 3129 4216 tum

574 4254 686 4302 res
734 4232 1195 4304 admiratione
1229 4234 1464 4326 digna.
1521 4241 1689 4309 Cum
1737 4237 1921 4305 enim
1958 4235 2045 4303 ad
2080 4234 2219 4304 duo
2253 4235 2580 4304 milliaria
2626 4235 2892 4305 abesset
2933 4234 3130 4306 locus

576 4321 714 4403 ille,
756 4342 989 4393 vocem
1019 4323 1146 4392 viri
1185 4323 1301 4393 Dei
1336 4325 1795 4415 praedicantis
1827 4325 2114 4394 audivit.
2156 4325 2364 4411 Cujus
2399 4324 2730 4396 suavitate
2762 4322 3121 4403 delectata,

575 4410 797 4483 haesit
835 4412 1103 4483 diutius
1139 4413 1223 4483 ad
1254 4411 1647 4495 fenestram,
1700 4435 1908 4501 quam
1939 4415 2041 4497 vir
2072 4414 2225 4503 ejus
2254 4414 2429 4483 ferre
2457 4426 2683 4504 posset
2714 4437 2727 4479 ε
2774 4412 2897 4499 qui
2915 4413 3133 4483 etiam·
