3357 4995
233 338 452 402 JUNlI
506 339 589 401 40
950 356 1091 402 vrrA
1142 356 1196 402 s.
1252 355 1652 403 mactamur:
1702 357 1845 403 nna.
1902 356 2074 405 scor.
2570 340 2699 405 243

231 452 543 510 nostrum
590 440 931 509 medicum
976 440 1202 519 mittit,
1257 453 1320 509 et
1367 453 1444 510 ut
1491 463 1616 530 pro
1665 464 1738 509 se
1776 441 2086 512 celeriter
2117 455 2181 510 et
2233 441 2525 512 fideliter
2574 443 2816 513 faciat·

229 529 565 598 membris
594 528 1047 599 morientibus
1078 529 1403 619 exposcit.
1445 530 1591 610 lvit,
1630 530 1853 611 rediit,
1887 545 1950 599 et
1980 531 2343 601 dominum
2380 531 2587 621 paulo
2622 547 2782 602 ante

227 639 390 687 cum
449 631 664 686 morte
704 632 1045 706 agentem,
1099 618 1171 685 in
1223 618 1393 687 lecto
1430 618 1840 688 residentem
1883 619 2142 688 invenit
2173 631 2240 688 et
2271 620 2769 690 comedentem.

316 709 354 793 ξ
403 712 547 780 15.
602 707 725 776 Hic
774 721 838 775 et
887 708 1045 775 item
1095 708 1158 776 ei
1207 706 1470 775 similes
1523 707 1771 776 medici
1841 720 2284 797 praecantare
2343 710 2613 778 animas
2665 733 2784 778 no-

227 809 497 874 verunt,
560 817 640 864 ne
697 796 893 885 juxta
940 802 1303 876 Joannem,
1357 796 1574 864 divini
1651 799 1949 894 pectoris
2015 809 2439 885 potatorem,
2495 798 2783 867 calicem

225 886 370 953 irae
407 885 519 952 Dei
571 884 833 962 bibant,
892 899 967 953 ut
1016 884 1415 954 crucientur
1455 886 1615 974 igne
1647 898 1710 954 et
1751 884 2090 975 sulphure
2140 886 2209 953 in
2244 899 2616 976 conspectu
2649 893 2782 955 An-

226 972 542 1062 gelorum
573 984 993 1052 sanctorum,
1030 988 1093 1042 et
1135 974 1204 1041 in
1255 983 1628 1063 conspectu
1658 975 1830 1063 Agni
1864 999 1877 1041 :
1917 987 1981 1041 et
2015 973 2250 1043 furnus
2287 988 2781 1054 tormentorum

228 1062 556 1131 ascendat
597 1061 667 1129 in
711 1063 939 1130 secula
989 1063 1407 1132 seculorum.
1465 1066 1642 1131 Haec
1677 1062 1882 1131 hodie
1919 1063 2275 1132 Mauritius
2311 1085 2594 1134 securus
2628 1087 2779 1132 eva-

228 1152 336 1230 sit,
396 1152 565 1219 etin
619 1169 698 1218 su
753 1173 987 1219 ernam
1041 1152 1380 1220 civitatem
1452 1151 1801 1220 laureatus
1854 1152 2154 1220 intravit.
2215 1157 2288 1219 ln
2338 1152 2608 1221 civitate
2656 1176 2782 1221 au-

228 1252 360 1308 tem
415 1239 631 1329 patris
728 1239 1013 1309 ebentur
1061 1239 1224 1308 filiis
1264 1241 1425 1329 jura
1456 1239 1933 1310 haereditatis:
1982 1246 2114 1328 Age
2154 1262 2316 1329 ergo
2367 1263 2551 1310 nunc
2594 1255 2785 1329 pater

231 1327 508 1416 inclyte,
553 1339 742 1416 pater
781 1329 912 1417 pie,
959 1351 1082 1417 age
1130 1350 1289 1397 cum
1317 1328 1678 1417 judicibus
1710 1328 1927 1398 seculi
1957 1329 2105 1417 (SS.
2142 1337 2183 1396 Α
2196 1330 2505 1418 postolis)
2534 1325 2829 1398 causas‘

234 1431 554 1485 nostras:
605 1429 681 1485 ut
729 1431 792 1485 et
842 1418 911 1484 in
958 1418 1155 1486 terris
1215 1417 1422 1507 digne
1471 1429 1533 1485 te
1575 1438 2034 1498 veneremur,
2090 1432 2154 1486 et
2203 1417 2292 1485 ibi
2365 1417 2783 1504 quandoque

232 1505 692 1574 desideratam
747 1518 931 1574 tuam
1003 1505 1242 1574 faciem
1293 1504 1892 1595 contemplemur,
1949 1507 2071 1575 ubi
2133 1505 2439 1594 epularis
2505 1519 2570 1575 et
2624 1529 2783 1574 cum

230 1595 503 1682 Angelis
555 1592 913 1663 delectaris
962 1595 1179 1682 gloria
1213 1609 1277 1662 et
1332 1608 1613 1683 aspectu
1661 1595 1856 1684 Agni,
1913 1596 2035 1681 qui
2100 1595 2259 1663 vivit
2314 1609 2377 1665 et
2419 1609 2655 1685 regnat
2708 1597 2774 1663 in

233 1683 463 1752 secula
512 1682 924 1752 seculorum.
1818 1691 1837 1710 ⁶

432 1891 661 1990 VITA
727 1892 808 1990 S.
883 1890 1554 1992 MARGARlTAE
1637 1891 2087 1992 REGlNAE
2155 1888 2571 1991 SCOTIAE

539 2114 760 2191 QUAM
815 2114 1127 2191 QUIDEM
1182 2115 1246 2178 S.
1303 2113 1780 2178 ADELREDUS
1831 2113 2187 2177 ClSTERC.
2221 2113 2469 2176 ABBAS

1175 2292 1363 2339 PRIMO
1439 2293 1552 2339 CON
1562 2292 1668 2339 SCR
1680 2293 1839 2340 IPSIT

230 2434 342 2479 SED
383 2433 546 2481 HAEC
595 2435 766 2490 QUAM
811 2432 928 2480 Nos
973 2433 1227 2493 EDIMUS,
1266 2435 1344 2480 AB
1391 2435 1536 2480 ALto
1563 2435 1822 2490 QUODAM
1872 2433 2136 2480 INCERTO
2186 2433 2492 2492 AUCTORE,
2532 2435 2613 2480 Ex
2650 2434 2782 2480 lLLO

319 2542 582 2589 Bru-:vius
640 2542 977 2589 DESCRIPTA
1041 2544 1174 2589 EST.
1238 2543 1477 2589 STYLUH
1514 2543 1577 2590 IN
1631 2542 1909 2588 GRATIAM
1979 2541 2272 2589 LECTORIS
2320 2541 2622 2589 NONNIHIL
2654 2543 2786 2587 ELI-

317 2649 624 2695 atavfflus.
705 2664 709 2669 ·

900 2812 1099 2866 Anno
1141 2812 1326 2868 1093.
1364 2839 1439 2848 —-
1463 2805 1692 2865 Patria.
1734 2810 2090 2865 Germana.

313 2998 348 3084 ξ
396 3001 472 3068 1.
533 3001 791 3063 Mortuo
825 2995 1186 3063 Edmundo
1219 3016 1374 3084 rege
1421 2994 1833 3082 cumprimis
1881 3006 2185 3074 strenuO,
2230 2993 2351 3080 qui
2409 2992 2495 3061 ab
2543 2993 2777 3082 Anglis

224 3098 502 3175 propter
550 3083 1088 3172 insuperabilem
1138 3084 1285 3170 ejus
1349 3082 1816 3151 fortitudinem
1870 3081 2067 3151 ferrei
2120 3082 2351 3150 lateris
2397 3103 2780 3171 cognomen

227 3186 606 3262 acceperat,
661 3178 966 3241 Canutus
1007 3193 1143 3250 rex,
1196 3173 1475 3261 Angliae
1536 3183 1977 3258 conquestor,
2033 3169 2213 3240 filios
2275 3171 2426 3259 ejus
2476 3170 2779 3239 Edmun-

223 3262 388 3331 dum
449 3275 514 3329 et
561 3260 958 3330 Eduardum
1033 3272 1308 3349 propter
1357 3259 1596 3329 foedus
1660 3283 1821 3330 curn
1898 3273 2085 3350 patre
2161 3258 2438 3328 illorum
2515 3260 2770 3338 ictum,

224 3373 389 3440 prae
440 3350 703 3441 pudore
760 3349 996 3417 ferire·
1020 3370 1155 3417 non
1212 3348 1469 3426 valens,
1524 3348 1608 3416 ad
1686 3370 1913 3439 regem
2003 3353 2382 3417 Suevorum
2433 3345 2774 3418 feriendos

223 3440 657 3509 transmisit:
711 3440 832 3525 qui
884 3440 1128 3528 pietate
1177 3451 1441 3518 motuS,
1486 3459 1602 3506 eos
1651 3438 1942 3507 ulterius
1990 3437 2075 3505 ad
2127 3458 2359 3527 regem
2410 3442 2774 3527 Hungaro-

222 3551 375 3598 rum
419 3528 853 3596 Salomonem
908 3528 1080 3595 vitae
1129 3525 1578 3595 reservandos
1614 3526 1823 3594 misit.
1883 3526 2248 3594 Edmundo
2289 3546 2448 3594 vero
2497 3526 2646 3594 sine
2697 3524 2779 3593 li—

223 3617 404 3686 beris
464 3616 877 3695 decedente,
935 3615 1296 3684 Eduardus
1344 3616 1551 3683 frater
1620 3616 1770 3700 ejus
1839 3614 2167 3703 Agatham
2215 3613 2655 3703 Imperatoris
2704 3615 2784 3681 fi-

220 3706 386 3775 liam
424 3705 642 3784 duxit,
689 3727 768 3774 ex
800 3726 937 3790 qua
978 3717 1286 3773 sanctam
1322 3703 1783 3792 Margaritam,
1823 3715 2056 3792 postea
2104 3703 2365 3771 Scotiae
2413 3703 2724 3792 reginam
2761 3758 2774 3783 ‚

223 3795 617 3886 progenuit.
686 3799 870 3876 Quae
933 3815 1093 3862 cum
1145 3793 1214 3861 in
1269 3792 1612 3882 primaeva
1663 3790 1893 3860 adhuc
1943 3792 2214 3860 floreret
2278 3803 2517 3871 aetate,
2571 3792 2776 3860 vitam

215 3884 522 3954 sobriam
571 3882 820 3951 ducere
869 3904 948 3951 ac
1001 3886 1210 3951 Deum
1262 3903 1474 3971 super
1521 3880 1759 3949 omnia
1816 3880 2107 3969 diligere
2155 3879 2423 3969 coepit,
2479 3880 2551 3947 in
2601 3880 2776 3948 divi-

223 3994 474 4042 narum
510 3993 787 4058 quoque
839 3970 1210 4040 lectionum
1255 3969 1482 4039 studio
1530 3990 1601 4038 se
1639 3991 2002 4058 occupare,
2056 3982 2121 4037 et
2167 3969 2238 4036 in
2301 3968 2410 4037 his
2458 3968 2773 4037 animum

218 4060 720 4131 delectabiliter.
762 4081 1096 4128 exercere.
1138 4064 1434 4129 Suorum
1491 4058 1766 4126 tandem
1802 4057 2028 4147 magis
2087 4078 2296 4143 quam
2360 4079 2487 4126 sua
2534 4056 2780 4126 volun-

220 4164 351 4221 tate
383 4207 398 4231 ,
457 4151 670 4218 immo
722 4151 836 4218 Dei
905 4147 1375 4228 ordinatione,
1436 4147 1981 4237 regi'Scotorum
2037 4144 2397 4215 Malcolmo
2443 4145 2476 4179 *
2525 4145 2594 4213 in
2635 4167 2779 4214 ma-

218 4239 626 4309 trimonium
671 4238 1070 4307 collocatur.
1114 4237 1238 4307 Ubi
1287 4237 1446 4306 licet
1493 4257 1570 4304 ea
1620 4256 1798 4321 quae
1839 4234 2086 4303 mundi
2120 4228 2287 4304 'sunt
2334 4255 2536 4325 agere
2588 4255 2779 4303 com-

220 4328 612 4419 pelleretur,
639 4340 706 4397 at
734 4340 958 4396 tamen
985 4325 1226 4396 mundi
1251 4326 1460 4396 rebus
1487 4336 1552 4393 et
1567 4323 1929 4395 desideriis
1955 4323 2315 4393 inhaerere
2335 4323 2771 4412 contempsit.

272 4458 297 4481 ¹·
328 4455 633 4497 venerandae
652 4455 775 4495 vitae
797 4455 915 4501 viro,
933 4454 1014 4504 qui
1034 4454 1178 4494 Sancti
1200 4453 1342 4494 titulo
1364 4450 1604 4503 aliquibus
1622 4452 1670 4492 tn
1691 4451 1896 4501 publicis
1917 4451 2236 4493 monumentis
2259 4451 2442 4500 gaudet.
