3357 4995
616 341 748 406 442
1132 359 1212 406 nn
1260 358 1353 405 ss‚
1404 358 1520 406 uu.
1575 358 1857 418 affluar,
1911 319 2112 406 simut.
2152 357 2228 405 m·
2276 357 2505 406 mmm
2727 336 2945 407 JUNII
2995 341 3076 406 ⁴7

537 438 768 509 adhuc
809 438 1065 510 surdus
1095 450 1161 508 et
1188 437 1393 508 corde
1430 448 1497 509 et
1535 439 1847 521 auribuS‚
1879 439 2169 509 invictos
2201 437 2359 509 illos
2388 450 2679 510 conatur
2710 438 2847 509 alio
2879 438 3080 510 modo

533 525 842 620 aggredi.
883 532 960 597 Et
996 548 1158 597 cum
1197 549 1420 598 unum
1449 548 1529 597 ex
1558 528 1669 599 his
1719 530 2024 619 primum
2077 526 2318 619 procul
2349 550 2388 597 a
2435 528 2721 599 caeteris
2754 528 3082 598 removis-

534 629 658 698 set,
712 638 872 686 cum
923 614 1199 687 duobus
1245 616 1436 697 soliS,
1494 638 1650 686 nem
1706 640 1742 688 e
1778 616 1973 687 Sabel
2022 629 2088 686 et
2138 617 2413 699 Ismaiil,
2467 618 2601 688 sibi
2651 616 3080 705 loquendum

528 705 816 786 ducem,
870 705 1136 795 putavit
1192 702 1357 788 fore,
1408 717 1488 775 ut
1547 728 1665 775 ver
1715 728 1916 777 orum
1965 704 2144 776 sucis
2198 727 2316 776 eos
2363 705 2761 787 induceret,
2838 706 3079 794 utique

531 793 926 873 consulens,
977 806 1044 864 et
1088 815 1269 882 quae
1306 806 1470 864 sunt
1514 795 1781 884 optima
1828 793 2152 876 suadens,
2202 807 2282 864 ut
2314 797 2621 885 putabat.
2681 820 2709 858 ‹
2750 796 2913 878 Qui,
2971 796 3081 864 in-

532 884 706 972 quit,
761 881 1124 954 infeliciter
1153 905 1234 952 ex
1285 884 1639 975 praeclaro
1681 896 1902 954 vestro
1960 896 2152 974 patre
2198 897 2300 955 est
2352 895 2559 955 natus
2603 885 2860 975 (neque
2891 885 3078 954 enim

528 995 689 1043 eum
746 973 988 1061 utique
1035 984 1337 1041 vestrum
1396 972 1673 1043 fratrem
1725 973 2041 1054 dixerim,
2093 973 2215 1061 qui
2264 984 2368 1042 est
2428 972 2780 1064 malignus
2825 987 2892 1043 et
2948 974 3081 1043 im-

530 1060 846 1152 probus),
898 1082 1059 1131 cum
1095 1061 1577 1162 sitimpudens
1606 1074 1671 1130 et
1709 1062 2200 1135 contentiosus,
2245 1083 2326 1131 ea
2356 1060 2518 1132 facit
2547 1076 2612 1131 et
2643 1063 2872 1143 sentit,
2904 1084 3082 1150 quae

527 1151 679 1241 ejus
726 1163 1032 1241 arguunt
1078 1162 1476 1232 amentiam,
1532 1149 1724 1221 vobis
1770 1173 2044 1239 quoque
2093 1151 2517 1241 persuadens
2567 1150 2758 1221 illius
2817 1152 2926 1221 via
2975 1151 3082 1219 in-

579 1239 771 1322 redi,
835 1252 901 1310 et
954 1261 1078 1309 nec
1125 1239 1197 1308 in
1249 1238 1582 1330 religione
1638 1239 2001 1309 nobiscum
2051 1240 2451 1320 convenire,
2508 1261 2633 1309 nec
2682 1241 2751 1309 in
2817 1241 3081 1311 honore

529 1263 844 1411 geomm,
883 1350 1010 1399 nec
1060 1329 1130 1396 in
1180 1327 1325 1397 ulla
1375 1350 1447 1396 re
1479 1326 1639 1397 alia.
1698 1328 1825 1397 Sed
1894 1351 2011 1398 vos
2058 1351 2217 1398 cum
2268 1328 2542 1398 tandem
2576 1329 2762 1417 quod
2816 1341 3082 1419 oportet

529 1417 934 1497 didiceritiS,
987 1417 1189 1486 illum
1238 1417 1519 1504 quidem
1569 1417 1775 1486 sinite
1845 1417 2094 1508 nugari
2141 1430 2207 1487 et
2266 1417 2460 1487 hiare
2536 1418 2875 1500 inaniter,
2943 1419 2964 1486 i
3018 1419 3079 1489 si

534 1518 762 1576 autem
810 1517 980 1575 state
1028 1505 1419 1586 nobiscum,
1459 1515 1526 1575 et
1561 1519 1829 1576 nostros
1863 1506 2025 1575 deos
2055 1506 2279 1585 colite,
2310 1520 2390 1576 ut
2425 1529 2543 1576 eos
2575 1528 2850 1595 quoque
2883 1529 2963 1577 vo
3017 1508 3079 1576 is

527 1594 839 1696 habeatis
882 1593 1237 1695 propitiOS,
1288 1605 1355 1663 et
1404 1594 1948 1665 innumerabiles
1996 1595 2587 1666 remunerationes
2644 1597 2730 1666 ab
2763 1596 2860 1667 eis
2906 1618 3077 1665 con·
3120 1683 3125 1687 .

528 1705 987 1771 sequamini.»
1665 1729 1670 1735 -

616 1776 653 1860 ξ
701 1778 844 1846 14.
898 1778 1079 1843 Haec
1126 1770 1333 1842 verba
1395 1772 1732 1861 praeclari
1787 1774 2075 1843 victores
2107 1794 2270 1843 cum
2320 1794 2405 1842 ne
2462 1775 2746 1843 arrectis
2791 1774 3078 1862 quidem

530 1862 819 1942 auribus
852 1860 1092 1932 audire
1127 1862 1645 1941 sustinuissent,
1705 1862 1872 1932 haec
1904 1861 2114 1932 libere
2166 1875 2232 1931 et
2263 1860 2691 1933 confidenter
2738 1863 3080 1933 exclama-

531 1963 797 2019 verunt:
843 1978 865 2013 «
906 1956 1039 2020 Cur
1070 1950 1368 2039 teipsum
1404 1950 1691 2041 decipiS,
1746 1950 2027 2021 attonite
2080 1963 2146 2019 et
2206 1951 2522 2021 moribus
2578 1953 3076 2032 versutissime,

530 2039 675 2109 vias
723 2062 1006 2111 versans
1056 2039 1623 2122 innumerabileS‚
1675 2052 1742 2109 et
1772 2040 1989 2109 instar
2036 2039 2240 2108 vestri
2298 2039 2518 2108 Protei
2569 2052 2633 2110 te
2692 2055 2969 2111 mutans
3017 2054 3084 2110 et

529 2128 850 2198 varians?
904 2129 973 2197 Si
1014 2128 1228 2197 nostri
1279 2128 1589 2198 nondum
1631 2128 1850 2198 fecisti
1902 2127 2314 2219 periculum,
2361 2150 2485 2196 nec
2539 2149 2718 2216 quae
2767 2151 3082 2220 praeces-

527 2231 787 2299 serunt,
840 2217 1069 2286 adhuc
1105 2216 1227 2286 tibi
1278 2216 1659 2297 sufficiunt,
1717 2231 1907 2288 utere
1956 2218 2162 2287 rebus
2212 2217 2372 2297 tuiS,
2427 2239 2552 2286 nec
2591 2220 2940 2289 abstineas
2993 2218 3079 2288 ab

524 2305 780 2393 aliqu0,
823 2306 1007 2394 quod
1058 2306 1147 2375 sit
1193 2306 1263 2374 in
1324 2319 1440 2375 tua
1474 2319 1822 2396 potestate.
1883 2311 1994 2375 Est
2033 2318 2267 2375 autem
2317 2305 2441 2375 tibi
2481 2307 2770 2376 omnino
2824 2329 3077 2399 magna

527 2395 870 2466 malorum
924 2395 1147 2485 copia,
1185 2417 1344 2465 cum
1398 2395 1651 2464 habeas
1722 2397 2028 2465 animam
2078 2394 2249 2466 adeo
2299 2395 2555 2464 malam
2610 2408 2677 2465 et
2732 2396 3067 2484 iniquam.

528 2486 643 2555 Sin
695 2497 924 2556 autem
958 2499 1025 2554 et
1071 2483 1289 2555 fecisti
1324 2484 1738 2575 periculum,
1781 2497 1845 2555 et
1875 2483 2419 2554 animadvertisti
2452 2484 2788 2556 rationem
2823 2500 2889 2556 et
2915 2507 3075 2556 con-

528 2575 1038 2655 siderationem,
1093 2595 1270 2661 quae
1324 2595 1460 2643 non
1519 2575 1738 2664 possit
1781 2574 2044 2655 cedere,
2100 2586 2166 2643 et
2217 2573 2446 2644 vidisti
2477 2575 2625 2662 jam
2676 2575 3078 2646 immutabi-

524 2662 655 2733 lem
695 2662 902 2732 fidem
953 2664 1024 2732 in
1067 2664 1434 2732 Dominum
1488 2675 1799 2733 nostrum
1848 2676 1914 2734 et
1946 2669 2181 2742 Deum,
2217 2663 2556 2749 quidnam
2604 2664 2729 2733 tibi
2771 2665 2955 2733 venit
3001 2666 3073 2733 in

529 2766 853 2833 mentem,
893 2765 970 2822 ut
1005 2752 1353 2822 existimes
1403 2773 1527 2821 nos
1575 2751 1845 2821 futuros
1884 2764 2019 2822 tam
2077 2751 2334 2832 faciles,
2378 2765 2456 2821 ut
2506 2766 2852 2822 momento
2901 2768 3071 2823 tem-

528 2842 716 2931 poris
767 2863 892 2911 nos
925 2839 1216 2930 capias?
1264 2845 1404 2910 Non
1455 2842 1680 2921 enim,
1736 2863 1819 2910 ne
1869 2842 1927 2912 si
1993 2863 2117 2910 nos
2164 2841 2448 2927 quidem
2506 2842 2859 2932 contingat
2917 2863 3070 2912 esse

525 2942 791 2999 emotae
842 2931 1131 3010 mentis,
1186 2941 1407 2999 vestra
1476 2929 1850 2999 simulacra
1910 2929 2375 3012 coluerimuS,
2455 2951 2634 3017 quae
2680 2943 2743 2999 et
2798 2951 2876 2999 ex
2926 2929 3073 3000 luto

526 3019 703 3088 facta
733 3031 918 3099 sunt,
961 3030 1029 3088 et
1076 3040 1210 3087 non
1248 3018 1404 3108 plus
1429 3040 1639 3105 quam
1691 3018 1912 3089 lutum
1951 3019 2269 3108 sapiunt;
2311 3041 2489 3105 quae
2522 3019 2758 3089 oculos
2787 3017 3074 3106 quidem

527 3107 806 3187 habent,
845 3106 959 3176 sed
1014 3129 1147 3177 non
1184 3119 1475 3196 possunt
1513 3106 1741 3176 videre
1773 3130 1786 3174 :
1817 3120 1883 3176 et
1914 3129 2139 3187 aures,
2179 3106 2295 3176 sed
2333 3107 2636 3197 privatae
2668 3124 2832 3178 sunt
2864 3129 3077 3178 sensu

529 3196 853 3265 auditus:
907 3208 972 3264 et
1006 3217 1228 3275 nares,
1266 3196 1381 3266 sed
1432 3195 1723 3265 odorum
1751 3196 2036 3265 minime
2074 3196 2469 3286 suscipiunt
2497 3197 2887 3268 odoratum:
2922 3219 3078 3266 rur-

528 3307 649 3355 sus
691 3307 939 3354 manus
986 3297 1051 3353 et
1098 3285 1338 3374 pede3‚
1397 3306 1618 3372 neque
1665 3284 1751 3353 ad
1803 3284 2067 3372 aliquid
2126 3285 2340 3355 videri
2393 3298 2768 3375 potuerunt
2812 3286 3022 3356 utiles
3054 3342 3070 3367 ,

529 3396 750 3461 neque
798 3395 1108 3460 unquam
1177 3373 1559 3443 amiserunt
1614 3372 1684 3441 id
1732 3373 1915 3459 quod
1968 3373 2223 3443 habent
2290 3373 2667 3464 lapideum.
2720 3375 3077 3456 Quomodo

529 3464 742 3544 enim,
786 3485 945 3531 cum
983 3462 1120 3533 sint
1152 3483 1385 3533 revera
1414 3462 1646 3552 lapis?
1687 3462 1977 3531 Pulchre
2014 3463 2198 3532 enim
2234 3475 2391 3532 ante
2427 3484 2551 3533 nos
2582 3474 2866 3551 quoque
2907 3464 3080 3533 divi-

525 3574 662 3620 nus
713 3551 918 3620 David
971 3563 1227 3622 vestros
1273 3551 1437 3622 deos
1466 3563 1568 3621 est
1608 3550 2043 3621 ludificatus:
2084 3572 2219 3621 non
2253 3573 2369 3621 eos
2401 3565 2632 3622 autem
2683 3553 2909 3621 solum
2955 3552 3074 3623 sed

526 3662 642 3710 eos
680 3662 975 3727 quoque,
1013 3641 1135 3728 qui
1170 3641 1240 3709 in
1277 3662 1392 3710 eos
1417 3639 1803 3718 confidunt,
1843 3662 2019 3726 quos
2044 3641 2249 3709 etiam
2273 3641 2536 3710 vocavit
2584 3643 2808 3742 magis
2838 3663 3078 3711 amen-

529 3741 649 3810 tes,
703 3742 769 3798 et
816 3752 941 3830 nec
987 3729 1220 3820 ipsum
1250 3729 1532 3830 quidem
1584 3728 2069 3818 intelligenteS,
2105 3729 2191 3800 ad
2221 3742 2553 3817 quantam
2605 3730 2892 3801 rationis
2920 3752 3079 3821 ege-

529 3829 767 3887 statem
804 3831 940 3888 s1nt
969 3839 1358 3888 conversi.»

615 3909 652 3994 §
698 3912 843 3979 15.
898 3907 1020 3976 His
1076 3928 1315 3978 amens
1370 3906 1498 3976 iste
1546 3917 1727 3977 totus
1791 3907 2271 3997 perturbatuS,
2324 3928 2483 3977 cum
2545 3928 2618 3978 se
2671 3929 2807 3977 non
2856 3920 3081 3997 posset

530 3993 836 4084 amplius
882 3996 1256 4076 continere,
1309 4017 1544 4065 eorum
1588 3996 1906 4085 protinus
1937 3995 2268 4065 lateribus
2298 3996 2482 4086 ignis
2516 3996 2700 4068 faces
2733 3996 3075 4078 admovet,

527 4096 606 4153 ut
652 4083 833 4153 sicut
880 4084 998 4153 ille
1045 4085 1172 4164 ira,
1229 4085 1321 4153 ita
1352 4084 1489 4175 ipsi
1537 4083 1697 4173 igne
1730 4084 2070 4155 arderent.
2123 4085 2256 4167 Qui
2310 4085 2515 4155 etiam
2557 4108 2717 4156 cum
2770 4087 2890 4156 toti
2936 4108 3085 4155 otn-

528 4173 697 4242 nino
736 4174 1332 4254 comburerentur,
1385 4173 1766 4264 gratiarum
1817 4195 2092 4260 quoque
2146 4174 2487 4243 actionem
2535 4176 2606 4244 in
2659 4175 2788 4245 hoc
2836 4174 3081 4245 intole-

533 4261 735 4332 rabili
773 4273 1108 4332 tormento
1151 4267 1283 4333 Deo
1316 4262 1743 4344 emittebant,
1784 4284 1921 4333 non
1957 4260 2044 4331 ad
2079 4276 2475 4352 praesentes
2516 4263 2861 4334 intuentes
2889 4263 3087 4334 dolo-

526 4372 658 4432 reS,
696 4351 814 4422 sed
850 4352 931 4421 ad
968 4364 1313 4422 aeternam
1349 4351 1703 4434 laetitiam,
1740 4372 1962 4439 neque
1987 4351 2358 4422 molestum
2388 4352 2556 4444 pati:
2597 4351 2715 4423 sed
2748 4374 2880 4423 non
2909 4353 3076 4443 pati,

524 4460 675 4511 esse
707 4441 1198 4531 gravissimum
1247 4440 1742 4512 existimantes.
1775 4444 1879 4510 Ita
1925 4462 2041 4510 eos
2072 4440 2302 4511 affecit
2331 4461 2529 4511 amor
2578 4440 2649 4510 in
2702 4440 3077 4524 Christum,
