3357 4995
182 331 371 396 JUNII
424 335 464 396 5
839 349 916 394 DE
965 348 1020 395 s.
1074 344 1409 396 nomi-Aeto
1457 343 1656 392 muso.
1711 345 1786 391 ET
1836 344 2025 391 MART.
2487 329 2610 393 1137

186 433 494 504 nobilibus
543 433 886 523 Principis
922 432 1180 522 petiti0,
1223 454 1378 502 mox
1427 453 1588 500 curn
1627 433 1823 502 omni
1872 431 2230 501 devotione
2263 434 2395 499 Deo
2438 444 2504 501 et
2538 453 2695 500 san-

187 534 268 591 cto
304 522 664 601 Bonifacio,
725 521 1251 607 venerandoque
1310 520 1551 590 Abbati
1621 522 1883 591 Sturmi
1933 517 2270 607 quicquid
2330 518 2471 589 illic
2511 519 2697 609 juris

188 610 492 692 haberent,
546 609 1005 688 tradiderunt,
1061 616 1141 680 Ut
1193 624 1423 681 autem
1473 610 1677 679 firma
1700 623 1894 682 esset
1942 610 2027 679 ad
2078 630 2355 679 omnem
2409 609 2698 697 posteri-

188 712 340 769 tatem
386 722 471 769 ea
505 700 803 780 traditio,
848 698 1372 779 Carlomannus‚
1426 699 1548 785 qui
1596 700 1811 789 hujus
1860 710 2101 769 auctor
2146 710 2326 777 erat,
2380 697 2691 766 chartam

186 809 309 859 suae
344 788 743 859 donationis
790 788 1001 858 scribi
1048 788 1271 877 jussit,
1325 787 1525 874 eique
1571 809 1782 859 suum
1832 788 2143 881 sigillum
2196 787 2571 876 impressit.

248 879 393 964 §aL
448 882 631 947 Haec
678 890 744 947 et
784 877 853 946 id
903 898 1125 967 genus
1177 876 1314 946 alia
1359 875 1620 948 faciens
1654 877 2180 957 Carlomannus‚
2236 896 2398 945 cum
2453 874 2524 942 in
2579 873 2698 942 Dei

180 987 367 1037 amore
425 967 651 1058 magis
698 988 777 1037 ac
819 966 1040 1123 maffis
1092 965 1471 1056 proficeret,
1527 987 1652 1036 nec
1696 980 1922 1037 tamen
1974 966 2047 1036 in
2097 964 2340 1035 habitu
2389 961 2695 1062 seculari

176 1076 290 1123 earn
319 1069 571 1146 posset,
616 1077 826 1142 quam
866 1077 939 1124 ve
971 1055 1083 1134 let,
1131 1054 1306 1130 vitae
1352 1076 1623 1124 servare
1656 1056 2140 1146 integritatem,
2198 1064 2465 1144 partem
2515 1074 2554 1122 o
2612 1064 2698 1120 ιι-

177 1163 321 1212 mam
371 1144 581 1235 elegit
604 1165 779 1231 quae
814 1165 951 1213 non
985 1156 1210 1234 posset
1248 1144 1335 1213 ab
1372 1143 1491 1213 illo
1537 1142 1819 1214 auferri.
1875 1149 2042 1214 Nam
2079 1143 2336 1213 relictis
2366 1141 2556 1211 omni
2612 1162 2697 1209 us

176 1233 387 1302 mundi
438 1233 652 1320 huius
711 1232 963 1323 opibus
1020 1244 1087 1301 et
1135 1232 1540 1313 honoribus,
1603 1232 1691 1302 ad
1748 1235 2113 1304 Cassinum
2165 1248 2514 1310 montem,
2571 1228 2696 1298 ubi

172 1331 304 1417 tunc
332 1322 726 1391 arctissima
758 1322 931 1390 vitae
958 1321 1377 1391 monasticae
1427 1321 1601 1392 disci
1657 1322 1802 1391 lina
1826 1322 2119 1412 vigebat,
2167 1320 2515 1411 profectus
2565 1330 2690 1396 est,

173 1407 369 1496 ibique
421 1410 807 1481 monachus
854 1409 1076 1479 factus
1124 1421 1248 1490 est,
1304 1410 1547 1499 Pipino
1624 1412 1791 1480 ratri
1841 1412 2032 1502 regni
2082 1409 2325 1479 munia
2375 1406 2695 1477 commit-

173 1509 312 1568 tens.
364 1499 495 1582 Qui
548 1511 831 1589 paterna
863 1498 1299 1585 fraternaque
1349 1500 1606 1589 potitus
1639 1500 1999 1590 dignitate,
2055 1522 2215 1569 cum
2267 1511 2446 1569 esset
2478 1491 2694 1584 Major

172 1584 412 1669 domus,
448 1601 526 1658 ut
574 1600 741 1657 tunc
787 1587 1221 1669 dicebantur,
1257 1587 1547 1657 eandem
1582 1611 1850 1670 curam,
1896 1585 2413 1659 solicitudinem
2462 1597 2527 1653 et
2575 1582 2692 1652 de-

171 1676 503 1757 votionem,
541 1698 751 1763 quam
800 1677 951 1765 ejus
998 1675 1233 1756 frater,·
1285 1691 1418 1746 tam
1470 1699 1632 1768 erga
1663 1677 1899 1748 divina
1937 1697 2146 1765 quam
2197 1673 2543 1745 secularia
2573 1693 2695 1741 ne·

171 1765 322 1851 gotia
368 1786 533 1865 prae
564 1787 637 1835 se
686 1765 863 1844 tulit,
904 1787 1022 1856 per
1047 1766 1283 1835 omnia
1312 1787 1384 1835 se
1414 1767 1950 1836 accommodans
1984 1766 2069 1835 ad
2102 1765 2322 1834 sancti
2361 1760 2695 1832 Bonifacii

170 1854 449 1924 consilia.
512 1854 701 1922 Unde
747 1853 1004 1924 facturn
1055 1866 1178 1934 est,
1232 1877 1392 1924 cum
1452 1877 1525 1926 se
1565 1860 1697 1924 Deo
1744 1856 1866 1942 qui
1914 1854 2199 1945 deponit
2246 1864 2559 1943 potentes
2610 1848 2696 1918 de

170 1941 321 2021 sede,
378 1955 443 2012 et
489 1941 738 2013 exaltat
785 1942 1109 2023 humiles,
1183 1943 1587 2014 submittere
1626 1945 1886 2034 jugiter
1949 1943 2276 2024 studeret,
2331 1953 2409 2010 ut
2456 1939 2541 2009 ad
2588 1959 2696 2008 re-

169 2030 325 2116 giam
372 2031 778 2122 dignitatem
813 2045 1087 2101 evectus
1121 2031 1228 2100 sit.
1272 2037 1402 2102 Nec
1452 2045 1617 2103 tunc
1668 2034 1928 2114 minus,
1965 2053 2176 2120 quam
2207 2042 2435 2109 antea,
2471 2035 2540 2098 S.
2572 2033 2696 2096 Bo-

169 2116 468 2190 nifacium
518 2133 583 2190 et
629 2119 916 2210 diligere
949 2134 1014 2191 et
1063 2121 1370 2190 venerari
1423 2122 1738 2210 perrexit.
1795 2127 2030 2208 Itaque
2079 2120 2312 2190 fratris
2377 2116 2694 2188 donatio-

166 2226 298 2275 nem
347 2209 493 2278 suis
541 2209 762 2279 literis
789 2207 1244 2278 confirmavit.
2449 2237 2452 2240 ·

237 2297 269 2381 ξ
310 2304 393 2368 ὅ.
448 2302 572 2366 Per
618 2298 799 2366 idem
853 2309 1124 2388 tempus
1171 2297 1465 2369 clericus
1503 2300 1789 2386 quidam
1843 2299 2062 2369 bonae
2109 2295 2686 2374 conversationis,

164 2382 513 2474 Adalgerus
560 2387 862 2466 nomine,
904 2391 969 2456 S.
1026 2386 1371 2456 Bonifacio
1403 2387 1739 2469 adhaesit,
1775 2389 1974 2475 eique
2008 2387 2302 2457 fideliter
2336 2386 2692 2454 ministra-

165 2472 264 2571 vit.
312 2478 445 2545 Non
481 2473 608 2545 diu
647 2488 797 2566 post
848 2475 1083 2546 morbo
1123 2476 1314 2566 gravi
1352 2488 1734 2568 correptus,
1770 2500 1930 2548 cum
1965 2499 2037 2547 se
2087 2477 2156 2546 in
2206 2474 2528 2546 extremis
2564 2494 2692 2563 po-

165 2573 351 2631 situm
385 2565 686 2645 sentiret,
721 2587 800 2635 ex
831 2564 1120 2635 consilio
1161 2566 1286 2634 viri
1317 2566 1433 2635 Dei
1465 2554 1744 2656 praedia
1775 2566 2033 2650 omnia,
2069 2587 2248 2652 quae
2274 2586 2354 2633 ex
2396 2576 2681 2653 paterna

164 2646 550 2723 haereditate
599 2653 685 2722 ad
721 2654 952 2744 ipsum
984 2654 1302 2724 devoluta
1349 2667 1566 2735 erant,
1606 2661 1670 2724 S.
1719 2654 2009 2725 Martino
2050 2653 2360 2724 tradidit.
2403 2657 2494 2720 Eo
2533 2672 2689 2720 vero

168 2735 478 2837 defunctO,
516 2741 759 2813 fratres
806 2743 956 2832 ejus
989 2748 1315 2832 Aspertus
1360 2756 1425 2812 et
1472 2743 1949 2813 Trutmundus
1997 2743 2259 2822 omnia,
2317 2761 2499 2829 quae
2551 2752 2694 2809 tra-

167 2824 401 2924 diderat
446 2853 524 2900 ex
571 2830 1169 2921 AdamanaburgO,
1208 2832 1827 2902 Breittenbrunnon
1859 2846 1924 2903 et
1954 2831 2320 2907 Seleheim,
2362 2830 2499 2899 sibi
2531 2850 2692 2897 ven-

169 2912 476 2989 dicarunt.
532 2924 624 2988 Ea
670 2923 883 2990 causa
930 2942 970 2989 a
1018 2919 1497 2990 defensoribus
1546 2921 1791 3012 Episco
1848 2922 1868 2989 i
1918 2920 2340 3011 compellati,
2399 2938 2688 3008 respon-

171 3000 389 3103 derunt
435 3029 506 3077 se
546 3029 707 3077 cum
747 3010 1145 3097 juramento
1194 3023 1728 3089 asseveraturos,
1815 3009 2019 3080 ratris
2078 3009 2362 3099 praedia
2403 3009 2565 3096 jure
2615 3029 2688 3076 se

172 3091 283 3160 Slbl
327 3096 738 3168 vendicasse.
793 3098 866 3166 Ei
914 3111 1144 3168 autem
1197 3099 1596 3187 juramento
1646 3099 2028 3189 Episcopus
2069 3120 2141 3167 se
2198 3097 2520 3188 promisit
2567 3094 2687 3163 ad-

171 3176 471 3255 futurum.
524 3185 934 3256 Adveniente
982 3187 1194 3276 igitur
1223 3197 1475 3257 statuto
1504 3187 1639 3267 die,
1681 3209 1842 3256 cum
1895 3187 2149 3257 multos
2182 3208 2219 3256 e
2260 3209 2389 3256 sua
2422 3183 2695 3253 familia

173 3279 243 3367 et·
275 3274 660 3361 cognatione
716 3274 1198 3356 adduxissent,
1264 3289 1342 3344 ut
1395 3276 1876 3363 juramentum
1943 3285 2413 3366 praestarent,
2469 3272 2695 3342 adfuit

174 3368 346 3427 etiarn
393 3363 488 3432 vir
536 3363 674 3432 Dei.
728 3368 894 3433 Cum
947 3377 1176 3433 autem
1224 3363 1374 3449 ejus
1396 3363 1870 3453 jurisjurandi
1899 3365 2123 3434 socios
2157 3384 2391 3433 secum
2436 3360 2523 3431 ad
2586 3360 2692 3429 al-

178 3454 293 3514 tare
334 3452 690 3541 traherent,
729 3450 899 3522 dixit
945 3452 1046 3521 eis
1095 3452 1511 3543 Episcopus:
1549 3459 1678 3524 Vos
1720 3452 1848 3523 soli
1865 3453 2119 3541 jurate,
2167 3452 2224 3522 si
2253 3451 2487 3529 vultis,
2525 3448 2687 3518 nolo

180 3534 347 3632 υῌιί
406 3541 753 3611 vobiscum
819 3541 1073 3631 pariter
1134 3554 1435 3630 pereant.
1511 3546 1587 3611 At
1635 3541 1739 3633 illi
1802 3541 2285 3611 incunctanter
2324 3540 2686 3630 jurarunt.

181 3621 390 3718 Deinde
419 3629 510 3698 ait
541 3629 626 3698 ad
678 3627 835 3698 illos
882 3629 1303 3720 Episcopus:
1354 3631 1704 3701 Jurastis‘?
1751 3629 1899 3698 Illis
1930 3651 2002 3700 se
2022 3631 2300 3719 jurasse
2330 3627 2692 3698 affirman-

183 3708 361 3809 tlbuS,
425 3717 593 3787 dixit
654 3717 1037 3809 Episcopus
1102 3717 1187 3786 ad
1256 3723 1661 3809 Aspertum:
1720 3718 1949 3807 ‘Major
1997 3740 2206 3788 ursus
2272 3730 2332 3787 te
2399 3716 2688 3786 occidet.

184 3797 391 3872 Deinde
447 3806 529 3875 ad
582 3806 1121 3886 Trutmundum,
1166 3812 1560 3895 Nunquam,
1622 3807 1873 3895 inquit,
1931 3829 2012 3877 ex
2063 3819 2124 3876 te
2175 3805 2405 3897 proles
2454 3826 2693 3876 nasce-

185 3892 286 3955 tur.
331 3896 699 3982 Utrumque
736 3895 865 3965 hoc
894 3895 989 3965 ita
1027 3896 1273 3964 evenit.
1328 3901 1494 3965 Nam
1546 3896 1758 3986 paulo
1809 3907 1962 3985 post
2019 3900 2300 3986 Asperto
2347 3893 2434 3963 ad
2498 3915 2693 3964 men-

184 3991 297 4045 Sflm
341 3982 591 4080 sedenti
640 3984 903 4054 dictum
955 3996 1080 4064 est,
1137 3983 1485 4073 ingentem
1522 4007 1768 4056 ursum
1823 4006 1943 4085 per
1989 4007 2238 4075 agrum
2271 3984 2685 4054 discurrere.

183 4062 315 4159 Tum
352 4069 460 4143 ille
496 4094 785 4143 ascenso
816 4094 1015 4159 equo,
1062 4094 1199 4142 non
1249 4074 1620 4163 expectatis
1670 4074 1903 4158 sociis,
1941 4096 2101 4143 cum
2155 4071 2498 4153 venabulo
2540 4093 2690 4141 coe-

185 4163 260 4234 plt
298 4178 523 4230 ursum
591 4162 936 4253 persequi.
992 4160 1121 4231 Sed
1169 4183 1247 4232 ex
1312 4183 1489 4249 equo
1536 4161 1868 4253 delapsus
1903 4217 1919 4245 ,
1973 4162 2309 4233 membris
2356 4160 2685 4231 omnibus

184 4352 510 4400 ‘⁰¹²²Dartndum.
540 4361 605 4401 Ex
635 4369 693 4400 eo
721 4360 855 4401 duxit
884 4359 1113 4408 originem
1143 4359 1325 4399 Fuldae
1353 4359 1467 4399 urba
1498 4360 1697 4409 ejusque
1722 4360 1867 4400 Sedes
1886 4359 2178 4410 episcopans
2195 4359 2500 4410 moguntinae
2524 4358 2694 4397 metro·

184 4401 290 4443 mut.
319 4409 526 4458 subjecta.
558 4415 600 4454 S.
630 4414 882 4458 sturmius.
908 4413 1093 4461 primus
1123 4422 1150 4453 ι
1178 4414 1229 4454 B.
1263 4411 1503 4454 Boniraeio
1534 4410 1835 4462 praepositus
1863 4413 1936 4453 1111
1965 4413 2253 4454 Monasteno
2282 4412 2448 4455 AbbaS.
2466 4411 2693 4457 Martyro-

267 4465 290 4496 ο
305 4459 422 4503 Rom.
437 4460 689 4517 inscriptus
710 4467 885 4516 legitur
907 4474 1007 4507 xvii
1031 4467 1130 4507 dec.
