3357 4995
249 346 464 416 JUNII
509 351 596 415 29
906 367 984 414 ΒΕ
1031 367 1123 417 ss.
1175 363 1516 415 Arosroms
1562 367 1760 416 rssrno
1803 367 1879 415 ΕΤ
1926 366 2128 415 PAULO
2562 350 2689 419 643

256 453 468 542 patris
547 472 773 540 uoque
818 473 1146 533 sororem,
1183 464 1249 521 et
1294 453 1639 523 Octaviam
1673 473 1868 523 suam
1912 473 2218 533 uxorem,
2243 464 2309 522 et
2341 452 2513 522 alios
2573 452 2779 523 innu-

254 541 515 611 merabi
545 562 639 622 eS,
700 541 822 628 qui
860 561 1105 631 genere
1150 540 1236 610 ad
1270 562 1427 610 eum
1479 540 1881 611 attinebant.
1927 546 2162 611 Postea
2195 553 2425 612 autem
2487 562 2776 631 genera-

214 628 386 705 ‚lem
439 629 648 699 movit
696 628 1233 719 persecutionem
1287 629 1617 701 adversus
1675 628 2134 699 Christianos:
2202 642 2268 699 et
2315 630 2414 699 sic
2462 630 2646 699 venit
2692 630 2779 699 ad

253 716 528 787 caedem
594 717 1093 807 Apostolorum.
1148 723 1293 801 Quo
1360 731 1661 809 tempore
1717 718 2003 799 accidit,
2054 730 2132 788 ut
2189 718 2444 789 Paulus
2508 739 2782 807 quoque

254 805 782 877 tricesimosexto
828 828 1012 875 anno
1054 806 1090 842 '⁶
1137 806 1457 878 salutaris
1520 807 1886 898 passionis,
1944 806 2409 877 tertiodecimo
2441 806 2510 842 ’μ’
2548 818 2778 877 autem

252 894 560 976 NeroniS,
605 894 795 965 fieret
843 907 1124 985 martyr,
1158 896 1222 965 ei
1259 897 1480 986 capite
1509 894 1740 986 gladio
1771 907 2147 985 amputato.
2194 896 2404 986 Gajus
2437 917 2595 966 vero
2627 895 2781 983 qui-

252 982 411 1052 dam
452 983 557 1053 vir
601 982 1143 1065 Ecclesiasticus,
1195 997 1262 1053 et
1292 983 1718 1085 zephyrinus
1745 983 1851 1020 *Ψ*
1888 988 2240 1054 Romanus
2273 985 2677 1075 Episcopus,
2712 994 2778 1054 et

253 1071 618 1162 Dionysius
664 1072 1043 1163 Episcopus
1090 1073 1502 1154 Corinthius,
1555 1074 1890 1155 scribunt,
1921 1094 2060 1143 uno
2111 1084 2437 1163 tempore,
2472 1085 2539 1142 et
2564 1071 2775 1142 simul

252 1165 525 1231 Petrum
572 1172 638 1231 et
694 1159 981 1230 Paulum
1031 1161 1326 1232 subiisse
1360 1162 1811 1253 martyrium,
1866 1161 2326 1232 tertiodecimo
2387 1183 2569 1231 anno
2636 1166 2774 1231 Im-

254 1249 425 1338 perii
479 1250 801 1319 Neronis:
858 1250 1101 1319 Dicunt
1145 1250 1331 1320 enim
1380 1255 1711 1321 Neronem
1763 1272 1844 1320 eo
1891 1263 2196 1340 tempore
2249 1249 2462 1320 fuisse
2512 1262 2774 1320 motum

251 1337 580 1408 adversus
645 1337 1086 1421 ChristianOS,
1150 1352 1425 1430 propter
1468 1340 1621 1426 ejus
1669 1338 2003 1409 foeminas
2050 1361 2226 1427 quae
2273 1339 2345 1409 in
2403 1339 2775 1408 Dominum

252 1426 706 1509 crediderant,
757 1440 824 1496 et
881 1426 1133 1517 pudice
1190 1442 1509 1514 casteque
1556 1427 1780 1496 vivere
1829 1439 2238 1498 statuerant:
2293 1449 2417 1498 nec
2463 1450 2623 1496 cum
2697 1448 2775 1496 eo

251 1514 578 1605 congredi
625 1514 950 1605 deinceps
989 1517 1458 1588 sustinebant:
1512 1538 1647 1585 non
1692 1528 1919 1586 autem
1954 1527 2228 1606 propter
2254 1517 2599 1586 Simonem
2637 1536 2779 1585 ma-

252 1625 444 1694 gum.
498 1603 571 1672 Ei
600 1625 780 1685 vero,
821 1604 1004 1691 quod
1043 1606 1131 1675 ab
1158 1606 1257 1677 eis
1286 1604 1564 1685 dicitur,
1620 1605 1749 1675 fert
1780 1605 2245 1675 testimonium
2276 1611 2576 1675 Joannes
2609 1623 2779 1691 quo-

250 1713 385 1779 que
416 1691 532 1761 ille
579 1691 819 1782 lingua
847 1715 1103 1765 aureus
1143 1693 1729 1795 (chrysostomus),
1776 1694 1844 1762 in
1883 1693 2087 1763 rebus
2134 1693 2390 1762 divinis
2429 1692 2773 1784 egregius,

250 1795 317 1850 et
344 1781 547 1869 cujus
577 1802 772 1850 mens
802 1793 905 1852 est
930 1781 1133 1871 plena
1157 1784 1428 1873 spiritu,
1483 1783 1794 1852 scribens
1826 1782 1897 1851 in
1938 1782 2242 1852 oratione
2288 1781 2617 1852 adversus
2663 1803 2779 1850 eos

250 1869 369 1957 qui
420 1869 786 1959 prohibent
833 1892 918 1939 ne
966 1871 1133 1940 fiant
1164 1870 1515 1941 monachi:
1568 1876 1950 1941 «Neronem
2000 1871 2284 1940 omnino
2309 1870 2605 1940 auditis:
2649 1868 2780 1939 fuit

251 1957 434 2028 enim
493 1957 594 2027 vir
639 1958 935 2048 insignis
984 1958 1307 2042 libidine,
1358 1960 1480 2047 qui
1538 1959 1805 2050 primus
1851 1972 1917 2028 et
1963 1959 2151 2030 solus
2215 1959 2473 2028 invenit
2531 1959 2599 2028 in
2662 1958 2781 2027 tali

251 2045 542 2136 imperio
592 2047 1159 2137 intemperantiae
1217 2069 1426 2118 novos
1498 2047 1832 2135 quosdam
1886 2047 2126 2118 modos
2181 2060 2245 2117 et
2294 2046 2772 2138 turpitudinis.

252 2135 377 2203 Hic
423 2155 586 2224 ergo
633 2140 802 2205 Nero
832 2135 1105 2206 beatum
1138 2137 1424 2207 Paulum
1456 2135 1617 2226 (fuit
1646 2137 1830 2205 enim
1864 2135 2131 2216 iisdem,
2161 2136 2419 2223 quibus
2466 2134 2583 2204 ille
2613 2148 2783 2205 tem-

252 2222 569 2314 poribus)
612 2245 691 2294 eo
739 2223 943 2295 modo
996 2225 1400 2306 criminans,
1443 2224 1788 2312 quomodo
1835 2246 1960 2296 nos
2007 2246 2195 2293 nunc
2229 2225 2354 2294 hos
2402 2224 2583 2293 viros
2616 2244 2779 2292 san-

251 2323 394 2381 ctos
418 2311 600 2402 (ejus
646 2312 832 2381 enim
869 2312 1098 2403 pellici
1146 2314 1342 2384 valde
1370 2313 1655 2383 dilectae
1696 2313 2058 2403 persuasit,
2097 2325 2172 2381 ut
2199 2312 2410 2382 simul
2446 2313 2783 2402 acciperet

251 2399 533 2469 verbum
576 2400 761 2484 fidei,
804 2413 869 2471 et
916 2400 1320 2473 liberaretur
1365 2404 1453 2472 ab
1500 2400 1863 2471 immunda
1919 2401 2038 2470 illa
2091 2399 2606 2492 congressione)
2652 2401 2781 2469 hoc

253 2487 456 2560 modo
482 2489 835 2579 (inquam)
863 2489 979 2560 ille
1025 2490 1428 2572 criminanS,
1474 2505 2081 2581 corruptoremque
2128 2502 2192 2561 et
2225 2489 2680 2570 seductorem,
2714 2502 2780 2560 et

249 2600 329 2647 ea
375 2599 552 2665 quae
617 2600 737 2650 vos
796 2601 980 2649 nunc
1022 2579 1410 2667 loquimini,
1466 2579 1756 2649 Paulum
1805 2602 2078 2661 vocans,
2134 2579 2439 2670 primum
2496 2577 2781 2666 quidem

248 2667 462 2735 vinxit
516 2666 864 2738 inclusum
932 2668 999 2737 in
1051 2690 1345 2738 carcere.
1399 2673 1764 2755 Postquam
1815 2680 2039 2738 autem
2095 2689 2229 2737 non
2283 2668 2645 2757 persuasit,
2698 2678 2776 2735 ut

248 2754 602 2825 desisteret
634 2755 904 2846 puellae
942 2756 1104 2826 dare
1134 2756 1529 2838 consilium,
1574 2757 1850 2826 tandem
1871 2758 1932 2826 ei
1954 2770 2163 2847 caput
2200 2756 2603 2847 amputavit.
2633 2778 2668 2822 »
2701 2760 2778 2824 Et

254 2841 422 2913 haec
454 2843 734 2931 quidem
784 2845 867 2927 is,
902 2846 1024 2932 qui
1073 2846 1383 2916 moribus
1429 2858 1494 2915 et
1540 2867 1854 2916 sermone
1905 2858 2005 2915 est
2050 2845 2153 2915 vir
2189 2843 2639 2935 Apostolicus,
2691 2843 2777 2912 de

249 2931 447 3002 beato
494 2933 632 3003 fine
677 2932 893 3003 divini
940 2934 1157 3004 Pauli.

336 3023 373 3109 ξ
423 3025 581 3093 ²8.
637 3022 986 3111 Principes
1032 3045 1194 3114 ergo
1225 3035 1292 3092 et
1337 3022 1555 3091 divini
1584 3027 1690 3108 (ut
1728 3021 1923 3112 prius
1947 3021 2281 3110 diximus)
2325 3019 2623 3111 Apostoli
2659 3019 2778 3090 de-

248 3108 624 3179 cimotertio
653 3110 830 3200 (⁴40)
862 3131 1046 3181 anno
1078 3113 1359 3182 Neronis
1400 3122 1996 3181 consummantur.
2035 3109 2507 3180 Execrandum
2543 3120 2773 3179 autem

249 3197 594 3268 Simonem
644 3197 846 3290 lapsu
890 3220 969 3268 ex
1017 3200 1246 3270 volatu
1278 3200 1594 3280 fractum,
1632 3199 1828 3289 ajunt
1870 3210 2152 3270 mortem
2186 3198 2321 3270 sibi
2359 3198 2777 3271 conscivisse

251 3287 692 3357 teterrimam.
729 3287 977 3358 Dicunt
1008 3310 1163 3358 vero
1188 3288 1471 3375 quidam
1505 3288 1957 3378 praecessisse
1981 3287 2262 3375 quidem
2290 3292 2562 3357 Petrum
2589 3307 2774 3356 anno

250 3396 415 3456 uno,
460 3388 525 3445 et
548 3376 815 3446 beatam
846 3375 1037 3447 illam
1078 3391 1143 3448 et
1166 3377 1591 3447 Dominicam
1624 3377 2012 3465 suscepisse
2043 3376 2580 3467 perpessionem,
2610 3397 2776 3445 cum

248 3463 553 3533 animam
643 3464 934 3536 osuisset
982 3487 1104 3555 pro
1152 3466 1419 3537 ovibus.
1453 3471 1623 3535 Eum
1651 3477 1878 3536 autem
1906 3465 2119 3536 fuisse
2144 3476 2593 3536 consecutum
2626 3485 2776 3533 ma-

246 3573 463 3641 gnum
534 3552 732 3621 ilum
788 3554 1187 3643 Apostolum
1236 3553 1553 3636 Paulum,
1607 3567 1685 3623 ut
1735 3553 1899 3622 dicit
1944 3553 2258 3625 Justinus
2304 3566 2371 3624 et
2417 3558 2767 3632 IrenaeuS‚

246 3662 407 3710 cum
446 3641 600 3711 totis
624 3641 931 3729 quinque
977 3643 1182 3714 annis
1230 3665 1520 3734 synaxes
1567 3655 1631 3712 et
1676 3642 2182 3733 deceptationes
2214 3664 2335 3733 per
2364 3662 2437 3714 se
2467 3641 2775 3711 facerent

244 3745 402 3804 ante
434 3729 916 3802 resolutionem
949 3731 1035 3801 ad
1086 3732 1451 3803 Christum.
1505 3737 1719 3819 Atque
1763 3754 1889 3822 ego
1935 3731 2210 3818 quidem
2244 3731 2344 3801 eis
2392 3730 2613 3820 magis
2662 3750 2775 3800 as-

245 3818 521 3889 sentior.
560 3820 898 3890 Eusebius
944 3833 1171 3892 autem
1221 3821 1564 3909 Pamphili
1628 3820 1819 3902 dicit,
1873 3826 2145 3890 Petrum
2194 3818 2569 3889 duodecim
2618 3817 2777 3906 qui-

248 3906 404 3977 dem
438 3929 658 3979 annos
705 3930 854 3981 esse
901 3920 1243 3979 versatum
1273 3911 1342 3978 in
1370 3909 1661 3990 Oriente,
1717 3908 1957 4000 viginti
2007 3919 2232 3977 autem
2282 3920 2347 3978 et
2388 3921 2523 3978 tres
2557 3927 2776 3977 annos

248 3997 659 4086 transegisse
689 4002 966 4081 Romae,
1003 4011 1068 4067 et
1100 3998 1171 4068 in
1220 3997 1592 4078 Britannia,
1630 4008 1697 4067 et
1726 3997 1793 4065 in
1846 3996 2237 4072 civitatibus
2287 4017 2464 4083 quae
2499 4005 2669 4066 sunt
2701 3994 2771 4063 in

250 4085 652 4156 Occidente:
705 4086 875 4156 adeo
907 4097 982 4158 ut
1012 4086 1099 4158 sit
1146 4097 1361 4157 totum
1393 4097 1665 4177 tempus
1700 4085 2228 4175 praedicationis
2267 4085 2443 4155 Petri
2493 4083 2776 4174 triginta

248 4183 312 4240 et
356 4174 663 4262 quinque
710 4176 900 4245 anni.
945 4173 1236 4246 Paulum
1278 4186 1506 4246 autem
1566 4176 1796 4267 ipsum
1844 4197 2116 4263 quoque
2163 4173 2408 4265 viginti
2456 4185 2520 4243 et
2552 4192 2771 4242 unum

302 4316 995 4422 :toffiss-‘Jiffifflfmoenvo
1014 4329 1214 4369 qnorum
1231 4319 1414 4369 primun
1434 4322 1472 4366 9.
1491 4323 1760 4370 postremus
1780 4322 1805 4360 6
1824 4321 2012 4362 constat
2032 4320 2292 4362 mensibus.

303 4423 386 4451 *⁴¹*
414 4424 516 4464 Non
542 4424 792 4475 zephyrini
821 4425 1145 4469 testimonium
1173 4427 1345 4477 :negat
1372 4427 1617 4471 Eusebius.
1646 4427 1730 4468 aed
1762 4428 1860 4478 om
1889 4429 1971 4477 qui
1998 4428 2170 4469 Romae
2199 4424 2453 4476 zephyrini
2488 4418 2778 4472 temporibus

246 4476 420 4521 floruit.
452 4477 606 4528 Hujus
634 4480 685 4520 ot
701 4480 908 4524 Corinth.
935 4481 1146 4530 Dionysii
1172 4481 1519 4531 chronologiam
1538 4481 1724 4522 vitiavit
1744 4481 1972 4530 metaphr.
