3357 4995
633 303 763 367 4:18
1375 320 1451 365 nr.
1499 319 1555 365 s.
1610 318 1936 367 turonum
1996 318 2249 367 vincum
2738 302 2959 367 JUNII
3013 303 3095 366 16

541 404 816 495 negotia
866 402 991 473 reli
1045 402 1348 471 iosarum
1414 402 1917 484 foeminarum,
2000 426 2174 491 quas
2250 403 2320 472 in
2394 403 2761 473 Brabantia
2833 406 3094 474 aemuli

542 493 896 572 vexabant,
950 515 988 561 a
1044 492 1213 572 ienS,
1250 490 1451 581 Alpes
1498 513 1660 563 cum
1709 494 2081 593 attigisset,
2135 493 2271 561 vita
2320 491 2601 563 functus
2657 505 2782 564 est.
2839 492 3093 563 Eodem

541 594 773 651 autem
816 580 1144 671 temporis
1170 592 1426 670 puncto
1454 582 1777 671 apparuit
1805 581 2165 652 visibiliter
2197 580 2546 671 Lutgardi,
2584 582 2655 650 in
2691 583 3092 652 monasterii

537 670 805 740 ambitu
830 670 1059 739 stanti.
1098 669 1225 738 Illa
1252 670 1474 739 vivere
1511 692 1670 740 eum
1708 671 2136 751 existimanS,
2175 691 2391 740 manu
2424 670 2677 750 innuit,
2727 682 2803 740 ut
2834 683 3093 760 peteret

540 759 796 839 locum,
851 759 973 830 ubi
1031 758 1342 828 solebant
1390 759 1567 827 inter
1615 780 1686 828 se
1736 780 2003 831 sorores
2049 759 2359 828 conferre
2420 780 2799 829 sermones.
2850 765 2927 828 At
2973 759 3095 829 ille

538 847 754 918 dixit:
810 853 946 937 Ego
994 869 1030 915 e
1059 869 1346 936 corpore
1385 847 1671 917 decessi:
1706 848 1825 918 sed
1860 860 1937 918 ut
1985 848 2273 930 veritati,
2326 869 2505 935 quae
2546 870 2626 917 ex
2676 860 2873 938 pacto
2914 849 3094 919 inter

540 958 663 1006 nos
701 935 1106 1011 intercessit,
1158 936 1620 1006 satisfacerem
1650 992 1669 1016 ,
1727 937 1852 1006 tibi
1906 937 2228 1038 apparui.
2293 942 2466 1006 Tum
2515 936 2637 1006 illa
2689 938 2884 1007 humi
2934 959 3095 1027 pro·

540 1037 773 1104 strata,
827 1024 1308 1095 sciscitabatur
1340 1047 1420 1094 ex
1463 1047 1566 1103 eo,
1620 1026 1791 1113 quid
1841 1026 1976 1097 sibi
2025 1025 2225 1096 vellet
2273 1025 2519 1115 triplex
2566 1025 3086 1106 indumentum,

538 1136 677 1201 quo
749 1115 1039 1184 mirifice
1087 1125 1231 1183 erat
1278 1126 1586 1185 ornatus.
1640 1115 2060 1204 Respondit:
2134 1115 2626 1184 Vestimentum
2708 1114 3092 1188 candidum

538 1204 1002 1294 virginitatem
1051 1202 1423 1292 significat,
1491 1224 1699 1289 quam
1750 1203 1837 1273 ab
1882 1215 2077 1272 utero
2125 1202 2563 1304 impollutam
2614 1204 2902 1274 servavi.
2951 1209 3092 1274 Ru-

537 1292 949 1371 bicundum‚
991 1291 1258 1363 labores
1287 1305 1352 1361 et
1387 1293 1889 1382 perpessiones,
1925 1314 2105 1379 quae
2144 1292 2320 1361 mihi
2360 1305 2646 1362 mortem
2674 1292 3088 1373 attulerunt,

537 1403 855 1468 quaeque
892 1379 1110 1449 multo
1153 1393 1456 1471 tempore
1481 1403 1603 1471 pro
1624 1381 1896 1469 justitia
1920 1394 1986 1451 et
2017 1382 2296 1450 veritate
2322 1381 2648 1451 sustinui.
2686 1381 3091 1450 Caeruleum

539 1469 867 1556 idemque
900 1469 1257 1548 extimum,
1298 1470 1469 1539 vitae
1525 1469 1907 1560 spiritualis
1958 1470 2466 1560 perfectionem.
2527 1470 2649 1540 His
2695 1469 3032 1540 absolutis
3070 1526 3083 1550 ,

543 1559 631 1627 ab
680 1558 903 1628 oculis
935 1557 1346 1629 admirantis
1395 1557 1667 1628 ablatus
1716 1572 1839 1629 est.
1880 1558 2006 1627 Illa
2054 1571 2282 1629 autem
2332 1571 2397 1627 et
2447 1559 2777 1628 visionem
2833 1571 2896 1627 et
2939 1558 3091 1627 obi-

543 1658 691 1716 tum
743 1648 894 1736 ejus
924 1647 1143 1715 sorori
1184 1645 1372 1716 illius
1401 1660 1466 1716 et
1495 1649 1782 1717 caeteris
1817 1647 2235 1718 monialibus
2268 1647 2618 1716 indicavit.
2657 1651 2821 1716 Cum
2853 1660 3088 1717 autem

539 1747 774 1824 postea
815 1734 1275 1805 venerabilem
1327 1736 1576 1816 virum,
1632 1736 1789 1806 licet
1867 1738 1933 1804 in
2007 1736 2215 1806 coelis
2285 1737 2601 1815 beatum,
2674 1748 2898 1805 tamen
2949 1735 3088 1804 sibi

540 1824 847 1894 ablatum
886 1824 1095 1900 fleret.
1133 1824 1265 1892 sub
1318 1826 1467 1914 ipso
1518 1825 1710 1895 luctu
1768 1825 2103 1895 Dominus
2147 1825 2208 1894 ei
2257 1825 2467 1894 dixit:
2516 1847 2551 1890 «
2582 1830 2715 1894 Cur
2763 1825 2886 1893 sses
2926 1829 3089 1893 Lut-

537 1913 799 2004 gardiS‚
833 1927 897 1981 et
927 1913 1377 2000 quamobrem
1426 1913 1756 2001 affligitur
1801 1936 1919 1983 cor
1956 1918 2205 1984 tuum?
2245 1913 2593 2000 Numquid
2651 1934 2783 1981 non
2846 1912 3092 1981 melior

537 2024 692 2072 sum
725 2001 848 2071 tibi
879 2023 1089 2088 quam
1123 2001 1359 2071 decem
1390 2001 1517 2070 filii
1543 2004 1617 2068 *Y
1642 2026 1676 2068 »
1713 2002 1840 2072 Illa
1874 2025 2008 2072 non
2042 2003 2453 2093 intelligens.
2480 2002 2738 2093 quippe
2771 2001 3095 2071 illiterata

538 2090 885 2170 monialiS,
923 2090 1044 2159 ubi
1091 2091 1179 2159 ab
1227 2090 1383 2159 aliis
1430 2091 1792 2180 explanata
1836 2091 2101 2173 didicit,
2140 2114 2275 2160 non
2309 2092 2573 2182 planxit
2601 2089 2927 2181 ampliuS,
2969 2090 3090 2160 sed

535 2180 614 2247 in⁴
659 2179 810 2269 ejus
860 2191 1075 2248 morte
1128 2179 1494 2248 Dominum
1544 2179 1913 2250 benedixit.

624 2271 661 2354 ξ
707 2271 844 2342 18.
902 2267 1199 2368 Expletis
1234 2280 1491 2357 septem
1530 2268 1667 2338 illis
1700 2269 1925 2348 annis,
1964 2269 2223 2355 quibus
2252 2290 2385 2337 non
2422 2269 2557 2337 nisi
2594 2288 2768 2359 pane
2797 2281 2864 2336 et
2902 2290 3086 2337 cere·

543 2357 719 2426 visia
754 2379 881 2426 usa
917 2357 1065 2436 suit,
1123 2379 1366 2427 rursus
1415 2359 1476 2425 ei
1528 2380 1648 2447 per
1699 2358 2176 2427 revelationem
2227 2358 2630 2427 mandatum
2670 2369 2793 2436 est,
2848 2369 2927 2426 ut
2958 2378 3084 2446 pro

538 2445 812 2517 cunctis
854 2445 1330 2537 peccatoribus
1377 2446 1566 2517 aliud
1613 2447 1961 2537 jejunium
2002 2446 2404 2537 susciperet.
2458 2445 2649 2530 Quod
2695 2445 2810 2515 illa
2864 2445 3089 2516 libens

538 2534 718 2615 fecit,
774 2536 1161 2621 iterumque
1187 2535 1361 2606 alios
1410 2548 1669 2626 septem
1719 2559 1938 2606 annos
1986 2536 2130 2605 solo
2180 2559 2356 2625 pane
2384 2548 2451 2605 et
2496 2535 2677 2604 olere
2728 2535 3081 2625 transegit.

541 2630 761 2715 Rapta
809 2637 1034 2694 autem
1089 2626 1159 2692 in
1211 2626 1502 2713 spiritu,
1568 2624 1737 2694 vidit
1790 2624 2037 2695 salutis
2083 2637 2355 2695 nostrae
2407 2624 2788 2715 principem
2835 2624 3082 2693 Jesum

538 2736 701 2783 cum
751 2713 1158 2784 vulneribus
1199 2725 1547 2799 tamquam
1585 2736 1822 2783 recens
1861 2714 2143 2785 inflictis
2173 2725 2376 2800 atque
2403 2714 2812 2783 rubentibus
2865 2712 3088 2781 vultui

537 2815 824 2891 paterno
899 2814 1153 2881 astare,
1215 2813 1281 2870 et
1338 2824 1458 2902 pro
1530 2803 2008 2892 peccatoribus
2054 2802 2411 2894 deprecari
2459 2807 2770 2871 Patrem:
2834 2800 3088 2870 deinde

537 2902 764 2959 autem
820 2904 1073 2960 vertere
1108 2912 1179 2959 se
1213 2890 1299 2958 ad
1342 2913 1564 2979 ipsam
1613 2905 1818 2978 atque
1851 2891 2102 2960 dicere:
2156 2892 2411 2970 Cernis,
2466 2903 2543 2959 ut
2592 2913 2699 2960 me
2740 2900 2956 2959 totum
2988 2889 3088 2958 of-

533 2980 746 3048 feram
780 2980 959 3049 Patri
1012 3001 1132 3070 pro
1185 2979 1691 3068 peccatoribus‘.>
1745 2986 1840 3049 lta
1871 3002 2033 3071 ergo
2064 2980 2238 3060 volo.
2273 2993 2350 3049 ut
2388 2991 2465 3049 tu
2496 3000 2770 3067 quoque
2821 2992 2882 3047 te
2910 2978 3083 3047 mihi

538 3081 745 3137 totam
798 3070 1042 3137 offeras
1094 3090 1216 3157 pro
1256 3069 1755 3158 peccatoribus,
1809 3080 1871 3137 et
1920 3069 2143 3138 zelum
2195 3070 2262 3137 in
2316 3068 2594 3138 illorum
2644 3067 3081 3138 animadver-

537 3156 800 3225 sionem
872 3179 1241 3226 accensum
1284 3169 1570 3227 avertas.
1624 3162 1765 3227 Hoc
1828 3157 2010 3227 idem
2067 3158 2400 3227 Dominus
2463 3163 2666 3227 ‚lesus
2719 3158 2789 3226 in
2841 3156 3090 3227 Missae

535 3246 876 3315 sacrificio
924 3246 1228 3333 quotidie
1276 3247 1413 3314 sere
1463 3245 1561 3314 illi
1597 3246 1890 3317 dicebat.

623 3337 660 3421 ξ
707 3338 860 3409 19.
903 3335 1250 3416 Quaedam
1286 3334 1478 3404 valde
1515 3335 1834 3426 religiosa
1861 3335 2408 3405 sanctimonialis
2451 3336 2518 3403 in
2552 3335 3086 3405 revelationibus

534 3423 981 3512 quibusdam,
1036 3446 1210 3510 quas
1257 3424 1409 3513 ipsa
1466 3424 1739 3494 divinas
1783 3424 2112 3515 putabat,
2166 3447 2205 3492 a
2255 3437 2491 3494 satana
2559 3424 2948 3494 fallebatur.
3005 3423 3085 3491 Id

537 3513 662 3583 ubi
698 3511 941 3581 didicit
974 3512 1356 3602 LutgardiS‚
1395 3514 1655 3603 rogavit
1690 3514 2055 3583 Dominum
2090 3535 2211 3602 pro
2250 3536 2351 3582 ea.
2384 3513 2507 3583 Cui
2538 3512 2657 3582 ille
2689 3512 3080 3603 respondit:

538 3605 944 3672 Illumz'nare
994 3604 1077 3671 iis
1109 3605 1231 3692 qui
1262 3605 1328 3670 in
1362 3605 1731 3688 tenebrz‘sjet
1763 3605 1834 3671 in
1878 3604 2118 3670 umbra
2164 3604 2395 3671 mortis
2436 3604 2685 3671 sedent.
2740 3607 2832 3670 Ea
2879 3601 3087 3670 verba

542 3713 706 3759 cum
735 3691 881 3781 ipsa
920 3713 1053 3759 non
1084 3690 1514 3782 intelligeret,
1552 3715 1589 3760 a
1614 3691 1914 3778 quadam
1951 3691 2237 3760 moniali
2269 3692 2627 3778 quaesivit,
2663 3690 2832 3778 quid
2868 3689 3089 3780 signi-

534 3780 842 3849 ficarent.
900 3785 1263 3866 Postquam
1304 3802 1383 3850 ea
1432 3782 1920 3870 interpretante
1981 3781 2342 3870 cognovit,
2398 3781 2772 3849 instantius
2821 3779 3090 3869 rogavit

535 3868 932 3939 Dominum.
987 3869 1319 3959 Apparuit
1367 3883 1594 3939 autem
1626 3871 1689 3938 ei
1739 3882 1965 3945 satan,
2019 3881 2084 3937 et
2131 3869 2344 3937 dixit:
2401 3874 2537 3958 Ego
2588 3891 2743 3938 sum
2796 3868 3088 3956 spiritus

541 3957 857 4039 mendax,
914 3959 1035 4045 qui
1078 3958 1268 4028 illam
1325 3958 1697 4028 monialem
1747 3958 2038 4048 decipio.
2095 3958 2216 4028 Cui
2275 3956 2415 4036 illa,
2473 3958 2619 4037 Abi,
2676 3957 2939 4044 inquit,
2997 3956 3090 4025 ad

536 4044 819 4119 fratrem
861 4048 1234 4129 Simonem,
1280 4048 1402 4134 qui
1440 4060 1541 4117 est
1590 4048 1658 4115 in
1711 4047 1986 4117 Alnensi
2021 4047 2456 4125 monasteriO,
2486 4059 2551 4116 et
2598 4047 2781 4116 idem
2813 4047 2874 4115 ei
2911 4068 3087 4133 quo-

535 4156 672 4291 gue
706 4136 982 4218 reseraS,
1037 4148 1113 4207 ut
1162 4135 1451 4206 habeam
1485 4148 1725 4205 testem
1760 4136 2084 4206 veritatis.
2139 4136 2576 4225 Obtemperat
2624 4134 2969 4215 diabolus,
3022 4148 3090 4204 et

568 4236 749 4295 rater
805 4226 1038 4296 Simon
1097 4226 1281 4295 venit
1328 4225 1396 4293 in
1448 4226 1825 4312 Aquiriam.
1880 4231 2038 4294 Erat
2091 4237 2319 4295 autem
2366 4225 2599 4294 Simon
2657 4224 2769 4292 ille
2830 4223 3085 4314 plenus

586 4386 610 4411 ¹⁸
643 4384 793 4427 Verba
820 4387 932 4426 sunt
959 4385 1160 4426 Elcanae
1189 4386 1246 4425 ad
1277 4394 1471 4425 uxorem
1500 4388 1677 4425 Annam
1699 4382 2004 4426 sterilitatem
2027 4394 2159 4424 suam
2180 4385 2426 4433 plorantis,
2445 4386 2484 4425 2.
2503 4386 2614 4433 Reg.
2638 4394 2663 4430 ι,
2683 4393 2801 4433 quae
2827 4383 2902 4423 hic
2927 4385 3092 4432 aptan-

532 4437 614 4480 tur
631 4438 743 4483 filus
760 4436 1104 4490 spiritualibus,
1122 4436 1278 4489 qualis
1300 4440 1491 4481 sanctae
1510 4440 1737 4489 Lutgardi
1760 4441 1861 4480 crat
1881 4438 1998 4489 Mag.
2018 4439 2224 4481 loannes
2244 4437 2336 4491 (ap.
2356 4437 2592 4488 Bouana).
