3357 4995
702 332 832 396 532
1301 349 1379 395 nr.
1426 348 1481 395 s.
1535 347 1852 398 raosrxao
1898 347 2095 396 vasc.
2136 347 2427 396 uzalensi
2799 324 3016 395 JUNII
3065 331 3166 394 25

618 434 783 516 dixi,
819 432 1141 534 quodque
1171 431 1494 523 inprimis
1518 443 1702 523 opto,
1733 453 2005 502 mecum
2033 453 2212 501 onus
2243 430 2584 501 dividere:
2619 429 2928 501 faciliora
2962 431 3167 501 enim

619 523 720 591 sic
768 521 941 591 m1hi
989 533 1053 590 et
1101 520 1355 591 leviora
1402 521 1567 590 fient
1617 521 1876 591 omnia.
1930 519 2111 591 Nihil
2158 520 2346 590 enim
2396 531 2536 589 tam
2583 518 2840 590 durum
2882 541 2964 589 ac
3016 532 3168 589 tam

623 610 1041 681 laboriosum
1093 610 1354 701 regenti
1386 622 1509 692 est,
1554 631 1763 697 quam
1814 609 1884 678 in
1936 631 2254 699 perversa
2304 607 2666 678 hominum
2716 607 3023 678 incidere
3051 609 3176 677 in-

666 698 855 769 enia:
905 720 1082 784 quae
1126 720 1264 786 quo
1312 698 1423 768 lon
1479 700 1588 768 ius
1622 721 1661 768 a
1694 698 1861 768 recti
1896 699 2139 768 semita
2184 696 2502 778 abierint,
2557 697 2683 766 hoc
2730 696 3094 766 difficilius
3126 719 3171 765 a

646 787 1043 858 acinoribus
1090 802 1156 856 et
1202 788 1427 878 impro
1480 787 1639 857 itate
1687 809 1815 857 sua
1862 787 2332 856 retrahuntur.
2387 785 2838 856 subditorum
2872 786 3172 857 virtutes

619 900 699 947 ac
746 876 933 958 vitia,
986 889 1103 946 aut
1151 897 1454 955 suavem,
1508 889 1626 946 aut
1671 875 1922 946 duram
1971 874 2234 945 faciunt
2264 873 2563 966 regentis
2610 874 3171 944 administratio-

621 987 804 1035 nem.
860 970 987 1036 Vos
1032 964 1314 1051 quidem
1363 963 1818 1045 dilectissimi,
1855 964 2159 1054 populus
2206 964 2322 1032 Dei
2351 977 2416 1033 et
2443 984 2603 1033 oves
2639 984 2936 1050 pascuae
2965 961 3169 1032 illius

621 1054 807 1124 estiS.
862 1053 1112 1137 Quales
1161 1053 1219 1122 si
1261 1053 1429 1124 tales
1467 1053 1683 1134 eritiS‚
1735 1053 1975 1139 quales
2023 1074 2140 1122 vos
2175 1053 2472 1121 maxime
2517 1051 2787 1122 futuros
2834 1073 3037 1142 spero
3100 1063 3172 1121 et

623 1156 804 1244 opto,
862 1164 1141 1212 cessura
1189 1142 1383 1212 vobis
1429 1154 1496 1212 et
1542 1141 1716 1210 mihi
1765 1140 2051 1212 feliciter
2096 1141 2363 1223 omnia,
2410 1152 2766 1232 praesente
2813 1144 2971 1222 Deo,
3027 1141 3167 1208 mi-

622 1253 809 1300 nime
856 1230 1121 1300 dubito.
1162 1235 1242 1299 Ut
1280 1241 1506 1299 autem
1561 1229 1729 1301 tales
1760 1251 1908 1300 esse
1957 1229 2258 1320 possitiS,
2317 1234 2528 1299 Deum
2588 1228 2780 1299 vobis
2828 1229 2898 1298 in
2950 1230 3168 1299 rebus

622 1321 948 1390 omnibus
988 1318 1368 1409 proponite,
1414 1317 1612 1388 illum
1662 1318 1987 1409 inprimis
2025 1317 2250 1399 colite,
2281 1317 2479 1388 illum
2530 1330 2608 1388 ut
2652 1317 3165 1405 aequissimum

625 1409 966 1478 dictorum
1043 1431 1122 1476 ac
1169 1407 1507 1477 factorum
1556 1407 1873 1477 omnium
1925 1419 2312 1476 nostrorum
2353 1406 2665 1507 judicem
2716 1407 3162 1484 reveremini,

619 1497 891 1586 justum
943 1496 1447 1577 retributorem,
1502 1495 1560 1566 si
1596 1510 1778 1566 recta
1828 1495 2262 1583 sequamini:
2314 1495 2705 1565 districtum
2731 1495 3069 1586 judicem,
3107 1496 3170 1564 si

626 1584 1111 1655 mandatorum
1162 1583 1352 1654 illius
1399 1597 1903 1675 contemptores
1955 1584 2424 1653 inveniemini.
2458 1589 2638 1655 Haec
2686 1596 2851 1654 sunt
2878 1605 3057 1672 quae
3092 1585 3166 1652 in

623 1674 838 1763 hujus
888 1685 1157 1742 nostrae
1204 1694 1411 1744 curae
1457 1672 1821 1763 pastoralis
1871 1672 2270 1762 primordiis
2305 1673 2498 1742 vobis
2544 1672 2839 1742 dicenda
2888 1673 3166 1763 putavi-

623 1785 806 1841 mus,
862 1761 1119 1849 quibus
1157 1775 1223 1832 et
1262 1762 1433 1831 bene
1477 1774 1830 1833 currentes
1877 1762 1947 1830 in
1997 1783 2210 1830 cursu
2256 1762 2760 1841 contineamus,
2794 1775 2862 1831 et
2890 1761 3169 1851 segnio-

625 1871 768 1950 reS,
813 1852 871 1919 si
919 1851 1040 1938 qui
1088 1862 1273 1932 sunt,
1318 1850 1403 1919 ad
1431 1850 1745 1920 eamdem
1789 1862 2041 1920 metam
2080 1865 2407 1936 tanquam
2444 1849 2743 1920 subditis
2771 1849 3173 1921 calcaribus

627 1950 1026 2009 excitemus,
1068 1962 1104 2005 »

711 2031 872 2114 δῦ.
925 2032 1102 2097 Haec
1151 2027 1374 2098 felicia
1420 2026 1609 2097 fuere
1674 2041 1947 2098 sanctae
1993 2026 2611 2097 administrationis
2660 2027 2851 2097 illius
2908 2025 3113 2096 initia
3146 2082 3161 2108 ‚

626 2117 883 2204 quibus
928 2116 1199 2202 qualem
1260 2139 1331 2186 se
1383 2115 1635 2206 populo
1697 2138 1823 2185 suo
1880 2115 2270 2205 pontificem
2322 2116 2780 2206 praestiturus
2827 2126 3046 2195 esset,
3099 2128 3171 2185 et

626 2204 855 2292 qualis
884 2206 1253 2275 commisso
1292 2205 1421 2275 sibi
1473 2205 1663 2304 gregi
1716 2219 1944 2294 pastor
1989 2205 2264 2275 futurus
2299 2260 2314 2286 ,
2368 2204 2467 2274 sic
2515 2204 2712 2274 facile
2760 2204 3160 2274 declaravit.

631 2294 759 2364 Sed
793 2306 859 2363 et
906 2293 1106 2385 longe
1152 2294 1463 2362 omnium
1513 2293 1906 2383 opinionem
1960 2294 2328 2383 superavit,
2382 2307 2448 2363 et
2500 2293 2968 2383 expectatione
3017 2291 3161 2372 illa,

627 2403 805 2470 quae
856 2383 1245 2472 pectoribus
1294 2381 1655 2451 hominum
1693 2384 1920 2452 statim
1955 2383 2319 2461 insederat,
2350 2382 2658 2468 quotidie
2691 2383 2911 2483 major
2948 2404 3167 2472 appa-

629 2472 789 2541 ruit.
845 2471 1023 2542 Nihil
1077 2471 1456 2543 studiosius
1479 2471 1873 2559 quaerebat,
1907 2471 2078 2542 nihil
2114 2471 2526 2563 procurabat
2572 2483 2922 2549 attentius,
2950 2491 3165 2559 quam

626 2560 971 2648 quomodo
1002 2560 1332 2651 populum
1383 2582 1588 2630 suum
1622 2565 1751 2630 Deo
1794 2561 2087 2629 maxime
2126 2559 2861 2651 placentemefficeret.
2899 2560 3170 2629 Idcirco

627 2649 886 2719 crebris
936 2649 1131 2719 illum
1183 2648 1801 2718 declamationibus
1827 2702 1858 2729 ,‚
1903 2650 2159 2734 quibus
2209 2650 2379 2718 nihil
2439 2648 2806 2719 facundius
2854 2662 2969 2718 aut
3013 2646 3171 2716 effi-

628 2738 864 2808 cacius
910 2738 1051 2807 dici
1099 2750 1381 2827 poterat,
1442 2736 1527 2805 ad
1578 2750 1830 2806 rectam
1884 2737 2154 2806 vivendi
2211 2759 2527 2807 normam
2578 2737 2927 2817 incitabat,
2975 2747 3040 2805 et
3086 2736 3169 2804 in

630 2827 738 2896 via
786 2826 1055 2895 Domini
1102 2826 1536 2896 continebat:
1572 2847 1748 2912 quae
1807 2826 2074 2896 tametsi
2124 2826 2343 2915 gratia
2381 2837 2445 2895 et
2494 2826 2723 2915 lepore
2770 2824 3173 2896 admirabili

628 2916 714 2985 ob
754 2915 1061 2984 innatam
1096 2913 1198 2984 illi
1227 2913 1624 2984 facundiam
1658 2915 2184 2995 condiebantur,
2226 2928 2291 2984 et
2340 2928 2616 2983 sanctae
2663 2916 3045 3004 scripturae
3072 2930 3176 2983 te-

631 3003 973 3073 stimoniis
1035 3002 1318 3072 refertae
1363 3017 1579 3082 erant,
1633 3016 1700 3071 et
1754 3003 2044 3072 mirifice
2101 3004 2493 3094 proderant:
2559 3004 2889 3093 majorem
2941 3018 3176 3073 tamen

629 3093 768 3160 vim
818 3103 883 3160 et
915 3092 1386 3161 auctoritatem
1437 3091 1575 3160 illis
1604 3091 2071 3190 probatissimi
2101 3092 2251 3181 ejus
2280 3114 2504 3162 mores
2536 3106 2601 3161 et
2633 3092 2807 3162 vitae
2839 3091 3175 3161 sanctitas

631 3178 1000 3250 adferebat.
1055 3180 1234 3250 Nihil
1306 3180 1489 3248 enim
1562 3179 1853 3259 dicebat,
1907 3179 2090 3267 quod
2146 3202 2348 3269 opere
2397 3182 2543 3270 ipse
2602 3202 2737 3250 non
2806 3180 3172 3270 impleret,

631 3269 858 3338 sciens
912 3290 1154 3357 parum
1196 3269 1433 3338 utilem
1466 3290 1616 3338 esse
1662 3268 2073 3347 doctrinam,
2111 3291 2286 3356 quae
2316 3268 2623 3339 docentis
2674 3270 2881 3339 vitam
2927 3290 3179 3359 argue-

633 3370 755 3428 ret.
802 3361 958 3426 Erat
1005 3354 1194 3426 illius
1245 3367 1480 3446 pectus
1513 3357 1845 3426 charitate
1882 3357 2134 3427 ardens
2165 3412 2179 3436 ‚
2237 3358 2423 3427 mitis
2482 3359 2890 3448 praesentia,
2947 3358 3181 3427 omni-

633 3447 765 3516 bus
813 3444 1133 3525 affabilis,
1187 3447 1633 3534 temperatam
1686 3445 2169 3532 delinquentes
2220 3448 2571 3528 severitaS‚
2629 3458 2706 3517 ut
2755 3450 2979 3536 magis
3017 3447 3180 3517 illos

631 3534 1064 3623 corripientis
1093 3534 1392 3602 charitas
1442 3547 1760 3613 moveret,
1817 3556 2026 3621 quam
2079 3537 2439 3605 verborum
2490 3536 2848 3626 asperitas.

720 3626 757 3710 ξ
805 3628 897 3695 θ.
952 3622 1125 3705 Quid
1164 3622 1474 3703 referam,
1519 3636 1816 3710 quantae
1850 3621 1949 3691 illi
1979 3646 2185 3693 curae
2210 3625 2408 3714 egeni
2454 3637 2705 3704 essent,
2752 3646 2891 3711 qua
2927 3623 3180 3714 pietate

634 3711 937 3801 pupillos
984 3724 1509 3801 prosequeretur
1547 3723 1612 3781 et
1644 3711 1940 3781 viduas?
1966 3716 2108 3781 Non
2142 3735 2366 3791 sexus,
2407 3734 2543 3782 non
2583 3713 2773 3794 ordo,
2819 3732 2953 3781 non
2989 3725 3180 3783 aetas

632 3813 777 3869 erat
809 3800 878 3867 in
921 3800 1211 3879 civitate,
1259 3801 1459 3888 cujus
1512 3813 1840 3887 tanquam
1887 3802 2202 3871 omnium
2257 3814 2442 3891 pater
2501 3823 2744 3871 curam
2797 3824 2933 3870 non
2983 3824 3181 3891 gere-

635 3902 770 3957 ret:
825 3912 901 3957 ac
951 3900 1307 3978 propterea
1362 3887 1751 3975 frequenter
1802 3890 2137 3978 populum
2200 3890 2271 3959 in
2319 3890 2681 3959 ecclesiam
2732 3891 3042 3971 vocabat,
3095 3913 3179 3959 ac

636 3977 1054 4048 salutaribus
1101 3976 1533 4048 documentis
1601 3978 2016 4059 instruebat,
2075 3991 2141 4048 et
2193 3979 2374 4066 quod
2425 3979 2799 4048 audiebant
2845 3992 2922 4048 ut
2970 4001 3180 4070 opere

633 4066 1099 4155 complerent,
1157 4064 1520 4155 diligenter
1576 4070 2009 4155 procurabat.
2070 4067 2317 4137 Oculos
2368 4068 2433 4135 in
2479 4090 2741 4146 omnes,
2795 4066 2881 4137 de
2929 4089 3181 4138 eorum

637 4153 854 4223 salute
887 4153 1218 4235 solicitus,
1270 4154 1565 4224 intentos
1614 4155 1929 4233 habebat,
1988 4178 2198 4245 super
2246 4178 2521 4247 gregem
2574 4179 2780 4226 suum
2822 4156 3186 4226 incessan-

639 4256 738 4312 ter
784 4242 1176 4332 invigilanS,
1231 4265 1316 4311 ne
1344 4266 1481 4330 qua
1528 4243 1611 4311 de
1646 4257 1920 4313 sanctae
1968 4245 2230 4333 gremio
2264 4244 2604 4314 Ecclesiae
2643 4244 2910 4332 antiqui
2959 4245 3185 4315 hostis

636 4331 877 4402 fraude
924 4332 1068 4402 ovis
1120 4331 1351 4401 exiret.
1408 4332 1668 4401 Idcirco
1721 4333 1940 4403 mirus
1987 4344 2131 4401 erat
2184 4334 2578 4424 indagator,
2633 4347 2708 4404 ut
2764 4355 2943 4420 quae
2992 4335 3132 4403 vita
3165 4391 3181 4415 ‚

636 4420 756 4509 qui
823 4443 1045 4491 mores
1097 4420 1561 4491 multitudinis
1610 4421 1741 4490 sibi
1800 4422 2209 4491 commissae
2259 4434 2508 4502 essent,
2603 4445 2738 4494 non
2799 4424 3179 4514 ignoraret.
