3357 4995
725 342 811 406 66
1186 357 1527 405 TRANSLAT.
1562 324 1674 406 ss.
1730 358 1844 406 uu.
1900 358 2080 406 parm
2127 313 2204 404 Er
2252 354 2631 405 maenum
2878 340 3098 407 JUNII
3145 343 3182 405 2

634 442 975 513 vafritiam
1026 442 1385 512 memorati
1432 442 1814 531 presbyteri
1876 442 2057 512 conti
2111 442 2281 511 isse:
2334 461 2414 511 eo
2471 440 2790 512 videlicet
2837 453 3181 534 tempore,

635 553 773 619 quo
822 553 1075 621 corpus
1137 529 1317 600 beati
1367 529 1746 601 Marcellini
1796 530 1880 601 de
1922 544 2065 601 tum
2123 552 2165 599 a
2212 551 2339 599 sua
2404 528 2784 613 sublatum,
2852 531 2923 600 in
2985 531 3190 602 domo

634 619 1038 690 Deusdonae
1102 619 1542 689 servabatur:
1611 619 2039 707 modumque
2087 617 2249 688 facti
2315 618 2521 689 talem
2571 618 2788 690 fuisse
2837 618 3181 691 dixerunt.

634 714 1046 779 Memoratus
1098 705 1215 777 ille
1271 706 1579 777 Hildoini
1629 708 1988 798 presbyter
2027 729 2172 798 spe,
2217 727 2427 793 quam
2469 706 2555 778 de
2603 712 2670 776 S.
2710 708 3001 779 Tiburtii
3036 732 3187 781 cor-

635 819 800 887 pore
853 795 1301 887 adipiscendo
1361 810 1806 886 conceperat,
1866 796 2276 877 frustratuS,
2347 816 2431 864 ne
2484 795 3039 868 omninovacuus
3101 799 3188 868 ad

634 886 997 957 dominum
1030 906 1254 955 suum
1307 897 1779 966 reverteretur,
1835 884 2020 974 quod
2071 884 2207 955 fide
2254 905 2393 954 non
2438 895 2734 974 poterat,
2788 884 3034 956 fraude
3079 910 3188 958 as-

635 976 832 1064 sequi
881 973 1163 1044 molitus
1209 985 1332 1043 est.
1388 979 1553 1043 Nam
1583 973 1990 1045 Junisonem
2039 995 2076 1044 a
2130 994 2433 1064 gressus,
2481 974 2647 1060 quia
2679 995 3057 1065 pauperem
3110 999 3186 1047 ac

635 1064 927 1156 proinde
974 1061 1310 1152 cupidum
1344 1083 1493 1132 esse
1531 1076 1965 1153 cognoverat,
1999 1063 2085 1133 ob
2117 1062 2249 1132 atis
2276 1061 2339 1130 ei
2378 1073 2676 1149 quatuor
2722 1064 2954 1134 aureis
2986 1086 3188 1134 num-

633 1154 794 1233 mis,
846 1152 1220 1239 quinisque
1256 1150 1521 1309 argenti
1562 1151 1826 1234 solidiS,
1872 1151 1957 1221 ad
1994 1150 2455 1242 proditionem
2518 1149 2907 1229 faciendam
2938 1151 3181 1223 illexit.

635 1242 993 1332 Accipiens
1049 1239 1234 1309 enim
1291 1260 1330 1308 o
1385 1238 1594 1310 latam
1642 1241 2037 1330 pecuniam,
2103 1260 2332 1310 arcam
2392 1239 2462 1308 in
2526 1261 2663 1327 qua
2710 1262 2966 1332 corpus
3004 1241 3188 1312 beati

635 1328 1015 1400 Marcellini
1066 1339 1211 1396 erat
1266 1349 1308 1397 a
1359 1328 1723 1399 Deusdona
1769 1328 2161 1419 depositum
2213 1338 2418 1414 atque
2475 1327 2829 1400 inclusum
2887 1333 3183 1421 aperuit,

635 1431 700 1488 et
734 1418 835 1488 illi
884 1416 1309 1505 nequissimo
1359 1416 1689 1488 nebuloni
1736 1417 2093 1489 auferendi
2140 1439 2223 1488 ex
2273 1437 2352 1485 ea
2390 1416 2576 1505 quod
2630 1416 2851 1501 vellet,
2905 1420 3186 1507 qualem

535 1567 542 1573 .
634 1508 786 1597 ipse
855 1517 1225 1596 optaverat,
1273 1515 1670 1595 potestatem
1738 1506 1917 1577 fecit.
1989 1511 2121 1577 Nec
2177 1504 2294 1575 ille
2349 1504 2421 1574 in
2481 1526 2561 1574 ea
2622 1508 2868 1597 rapina
2934 1530 3188 1599 parcus

636 1595 801 1665 luit:
855 1616 1018 1664 nam
1076 1605 1343 1663 tantum
1398 1593 1483 1664 de
1544 1596 1761 1665 sacris
1827 1595 2005 1666 beati
2062 1592 2386 1683 martyris
2453 1594 2805 1666 cineribus
2863 1597 3183 1677 sustulit,

634 1694 976 1771 quantum
1025 1704 1144 1752 vas
1194 1682 1467 1752 sextarii
1514 1704 1915 1754 mensuram
1966 1683 2231 1753 habens
2277 1703 2521 1773 capere
2562 1705 2765 1773 posse
2797 1685 3183 1757 videbatur.

635 1777 776 1843 Hoc
810 1792 888 1841 eo
923 1770 1127 1841 modo
1176 1770 1436 1840 sactum
1484 1793 1656 1853 esse,
1699 1772 1720 1840 i
1776 1795 1848 1842 se
1878 1773 2000 1860 qui
2049 1770 2120 1840 id
2169 1791 2330 1841 cum
2372 1785 2751 1843 memorato
2838 1774 3187 1863 resbytero

633 1859 1079 1932 machinatus
1125 1871 1227 1929 est
1264 1860 1544 1942 Luniso,
1607 1882 1692 1951 pe
1745 1862 1904 1932 ibus
1953 1861 2125 1931 meis
2174 1858 2578 1952 provolutus
2618 1862 2752 1931 flen
2808 1884 2848 1932 o
2897 1875 3185 1934 testatus

634 1960 759 2022 est.
816 1954 988 2018 Tum
1037 1970 1163 2039 ego
1197 1948 1295 2018 rei
1342 1949 1621 2018 veritate
1670 1963 2045 2041 comperta,
2100 1948 2481 2020 Ratleicum
2516 1972 2595 2019 ac
2645 1951 3066 2022 Lunisonem
3106 1974 3187 2023 eo

632 2038 829 2108 unde
876 2048 1205 2106 venerant
1248 2036 1473 2106 redire
1505 2039 1847 2130 praecepi.

727 2129 763 2214 ξ
810 2131 898 2199 5.
953 2131 1040 2196 Ac
1087 2125 1338 2196 deinde
1384 2147 1547 2196 cum
1597 2127 1920 2197 Hildoino
1976 2128 2273 2206 locutus,
2328 2128 2779 2198 conventione
2827 2130 3006 2199 inter
3058 2152 3186 2200 nos

633 2215 837 2296 sacta,
891 2213 1172 2301 quando
1234 2236 1469 2283 sacrae
1535 2215 1708 2297 mihi
1767 2215 2098 2302 reliquiae
2146 2214 2620 2297 redderentur,
2675 2215 2851 2287 duos
2898 2217 3187 2289 clericos

633 2302 718 2374 de
766 2303 973 2373 domo
1000 2315 1258 2385 nostra,
1294 2302 1699 2373 Hiltfridum
1737 2304 2053 2374 videlicet
2081 2326 2161 2374 ac
2204 2302 2607 2373 Filimarum
2640 2304 2861 2394 (alter
2893 2307 3187 2397 preshy-

633 2404 754 2474 ter‚
810 2391 980 2462 alter
1007 2391 1346 2462 diaconus
1394 2392 1569 2481 erat)
1600 2390 1688 2461 ad
1736 2391 2170 2483 recipiendas
2201 2414 2318 2462 eas
2355 2396 2454 2462 Au
2505 2403 2731 2463 ustam
2763 2399 3182 2467 Suessorum

680 2502 916 2573 ergere
954 2481 1505 2572 jussi:.mittens
1553 2503 1676 2572 per
1722 2481 1996 2553 eosdem
2046 2480 2133 2552 ad
2184 2481 2413 2552 locum
2498 2504 2535 2552 e
2572 2504 2711 2570 quo
2742 2483 3024 2554 eaedem
3079 2508 3187 2556 re-

629 2504 886 2659 liquiae
932 2569 1347 2641 auferendae
1405 2582 1623 2653 erant,
1678 2571 2181 2642 benedictionis
2236 2570 2480 2660 gratia,
2554 2592 2881 2644 nummos
2930 2596 3181 2645 aureos

628 2681 921 2731 numero
953 2672 1259 2730 centum.
1312 2660 1441 2743 Q'ui
1488 2659 1610 2729 ubi
1659 2660 1744 2729 ad
1788 2652 2286 2731 monasterium
2322 2664 2388 2729 S.
2429 2658 2732 2730 Medardi
2764 2660 2836 2730 in
2871 2661 2986 2731 die
3026 2664 3182 2733 Pal-

627 2771 903 2820 marum
944 2749 1312 2830 venissent,
1363 2770 1485 2839 per
1520 2747 1828 2819 triduum
1879 2749 1978 2820 ibi
2024 2748 2272 2818 morati
2323 2759 2522 2819 sunt:
2586 2760 2653 2818 et
2706 2762 2977 2840 recepto
3028 2752 3179 2833 ino,

625 2851 908 2995 propter
952 2859 1160 2924 quem
1210 2837 1406 2907 missi
1466 2837 1762 2919 fuerant,
1803 2834 2336 2927 incomparabili
2386 2835 2735 2918 thesauro,
2781 2841 3185 2924 comitanti-

675 2948 760 2995 us
810 2947 1043 2997 secum
1080 2924 1354 2996 duobus
1392 2948 1471 2996 ex
1498 2925 1737 2996 eodem
1787 2926 2205 2997 monasterio
2253 2924 2611 3006 fratribus,
2647 2940 2914 3013 quanta
2944 2940 3187 3019 potue-

624 3027 792 3083 runt
857 3013 1201 3083 celeritate
1247 3014 1335 3082 ad
1387 3013 1722 3105 palatium
1785 3015 2039 3085 reversi
2086 3025 2274 3085 sunt.
2345 3013 2702 3101 Reliquias
2752 3027 2980 3087 tamen
3043 3040 3183 3088 non

626 3101 826 3183 mihi,
881 3101 1001 3171 sed
1050 3101 1374 3172 Hildoino
1441 3102 1864 3174 detulerunt.
1920 3108 2105 3186 Quas
2153 3103 2270 3173 ille
2323 3102 2709 3194 recipiens,
2764 3105 2834 3174 in
2883 3109 3185 3178 oratorio

627 3189 878 3260 domus
927 3211 1094 3260 suae
1141 3189 1302 3261 fecit
1346 3190 1704 3273 custodiri,
1738 3213 1962 3279 usque
1995 3191 2189 3273 dum,
2244 3191 2606 3262 transactis
2628 3193 2980 3264 Paschalis
3028 3194 3187 3267 festi

626 3279 1226 3370 occupationibus,
1282 3300 1575 3349 vacuum
1613 3292 1886 3368 tempus
1925 3279 2228 3362 haberet,
2261 3301 2398 3368 quo
2445 3279 2621 3350 mihi
2658 3281 2844 3369 quod
2871 3282 3186 3354 'redden-

627 3367 796 3438 dum
836 3379 1004 3450 erat,
1049 3367 1461 3458 priusquam
1508 3367 1849 3450 redderet,
1890 3369 2252 3440 ostendere
2282 3369 2641 3460 potuisset.
2673 3370 3187 3461 completisque

630 3470 785 3548 post
828 3467 1147 3527 sanctum
1195 3455 1460 3526 Pascha
1506 3469 1657 3527 octo
1705 3456 1811 3527 vel
1864 3479 1945 3528 eo
1992 3458 2297 3550 amplius
2351 3457 2622 3539 diebus,
2679 3482 2842 3530 cum
2903 3482 3019 3530 rex
3069 3484 3188 3532 ve-

628 3545 848 3615 nandi
896 3546 1120 3636 gratia
1186 3544 1270 3614 de
1331 3545 1586 3636 palatio
1648 3544 1893 3618 fuisset
1937 3568 2282 3638 egressuS,
2352 3546 2721 3619 Hildoinus
2788 3549 3185 3620 secundum

623 3635 807 3722 quod
849 3635 1027 3704 inter
1074 3656 1201 3704 nos
1240 3647 1674 3716 convenerat,
1732 3636 2131 3706 memoratis
2177 3635 2512 3723 Reliquiis
2558 3636 2642 3706 de
2688 3638 2985 3708 oratorio
3019 3659 3174 3718 suo,

621 3723 745 3793 ubi
793 3724 1268 3803 servabantur,
1313 3723 1629 3806 sublatiS,
1684 3735 1889 3811 atque
1935 3724 2265 3795 basilicae
2310 3737 2588 3795 sanctae
2635 3726 2754 3795 Dei
2810 3727 3180 3799 Genitricis

620 3811 857 3894 illatis,
896 3812 1234 3901 altarique
1283 3812 1762 3903 superpositis,
1802 3833 1910 3883 me
1963 3825 2040 3883 ut
2095 3835 2213 3885 eas
2261 3814 2683 3904 susciperem
2734 3813 2893 3885 fecit
2930 3816 3168 3885 acciri.

620 3904 792 3970 Tum
834 3923 1141 3992 capsam,
1195 3901 1267 3970 in
1302 3922 1440 3987 qua
1473 3901 1829 3990 Reliquiae
1878 3902 2436 3983 continebantur,
2473 3902 2816 3994 aperiens,
2874 3904 3178 3974 ostendit

619 3988 794 4058 mihi
829 4002 906 4060 ut
936 3990 1235 4060 viderem
1268 3988 1437 4076 quid
1486 4003 1686 4071 esset,
1719 3990 1913 4078 quod
1947 4002 2012 4060 et
2061 3989 2179 4060 ille
2212 3990 2523 4061 redderet
2571 4001 2637 4060 et
2681 3990 2869 4078 quod
2902 4014 3030 4084 ego
3061 4015 3173 4062 re-

619 4079 947 4168 ciperem.
1011 4078 1178 4148 Exin
1228 4077 1572 4148 sublatam
1617 4078 1706 4148 de‘
1729 4079 1925 4149 altari
1958 4079 2271 4149 eamdem
2320 4101 2600 4170 capsam
2638 4079 2965 4152 manibus
2995 4084 3175 4153 meis

616 4167 972 4257 imposuit,
1010 4167 1304 4255 dataque
1352 4168 1659 4238 oratione
1706 4168 2150 4258 competenti,
2206 4168 2669 4258 praecentoris
2698 4168 2902 4238 etiam
2941 4169 3172 4240 officio

615 4254 923 4336 functus,
976 4255 1441 4346 ,antiphonam
1503 4256 1696 4326 laudi
1747 4268 2131 4347 martyrum
2172 4258 2693 4327 convenientem
2741 4257 3015 4328 clericis
3075 4258 3168 4327 ad

619 4343 1057 4435 psallendum
1130 4345 1387 4435 paratis
1450 4344 1834 4435 imposuit,
1919 4366 2182 4433 nosque
2247 4367 2409 4416 cum
2478 4344 2597 4415 illo
2666 4345 3168 4416 inaestimabili

588 4434 938 4506 thesauro
1006 4433 1400 4507 recedentes
1428 4489 1449 4514 ,
1533 4454 1755 4521 usque
1833 4433 1920 4502 ad
1991 4435 2247 4505 ostium
2322 4433 2650 4505 basilicae
2729 4434 3166 4505 concinendo
