3357 4995
625 314 754 379 too
1385 330 1465 375 nn
1513 329 1568 375 s.
1623 328 1936 377 L11>11Anno
1984 329 2225 377 Aenus
2769 310 2991 377 JUNII
3043 312 3086 376 3

534 412 889 483 declarant
923 411 1074 500 ejus
1121 432 1228 482 res
1276 422 1527 500 gestae,
1580 409 1825 510 quanti
1869 410 1959 482 sit
2007 409 2229 479 meriti
2272 408 2461 499 apud
2492 412 2729 487 Deum;
2786 430 3086 496 moxque

534 522 900 592 exurgens,
938 499 1023 569 ad
1072 498 1503 571 domicilium
1556 499 1686 568 viri
1727 499 1841 568 Dei
1890 519 2177 590 propere
2226 497 2549 568 accessit:
2602 510 2668 567 et
2717 511 2871 588 post
2896 497 3088 568 salu-

538 591 713 659 taria
767 588 1132 677 colloquia,
1186 588 1427 659 eodem
1476 586 1589 657 die
1643 586 2026 658 sacerdotio
2072 609 2236 658 eum
2304 586 2621 668 initiavit,
2660 599 2866 673 atque
2918 598 3088 656 tem-

591 678 737 749 lum
778 678 1129 769 .exiguum
1190 677 1330 747 illic
1376 676 1695 758 extruxit,
1747 676 1934 764 quod
1999 675 2341 765 hodieque
2395 686 2596 746 extat.
2652 676 2869 746 Crevit
2911 676 3092 745 hinc

565 789 721 837 ama
769 768 991 837 sancti
1042 767 1192 847 viri,
1231 779 1295 836 et
1344 766 1414 834 in
1450 764 1802 856 regionem
1841 764 2030 835 illam
2072 786 2349 835 omnem
2384 777 2767 856 propagata
2812 778 2938 846 est,
2992 766 3093 833 ita

535 869 613 927 ut
661 855 832 925 mire
896 877 1055 925 eum
1126 866 1636 934 venerarentur,
1688 855 1839 943 ejus
1888 855 2152 924 meritis
2212 877 2256 924 a
2300 852 2600 924 dracone
2655 874 2729 923 se
2775 854 3090 924 dicerent

538 944 885 1025 liberatoS,
940 945 1092 1035 ejus
1141 943 1464 1035 precibus
1513 964 1584 1013 se
1644 941 1830 1100 apud
1881 942 2250 1013 Dominum
2307 942 2569 1013 muniri
2624 942 3078 1012 confiderent.

535 1032 869 1106 Permulti
900 1055 1175 1120 quoque
1223 1031 1486 1103 mundo
1533 1031 1682 1100 vale
1713 1032 2034 1113 acientes,
2079 1032 2142 1100 ci
2189 1031 2584 1112 adhaesere,
2638 1044 2716 1101 ut
2761 1030 2916 1121 ejus
2978 1031 3086 1099 di-

536 1121 854 1212 sciplinis
915 1122 1461 1193 instituerentur.
1515 1120 1774 1190 Accidit
1820 1133 2074 1201 autem,
2130 1131 2207 1190 ut
2255 1121 2502 1210 hyeme
2546 1119 2876 1208 quadam,
2932 1143 3084 1190 sae-

535 1212 759 1280 viente
806 1210 1080 1300 frigore,
1124 1210 1409 1298 quidam
1444 1212 1515 1278 in
1566 1231 1778 1298 supra
1826 1209 1993 1278 dicti
2042 1209 2297 1279 montis
2353 1209 2562 1278 latere
2608 1231 2737 1280 sua
2783 1209 3084 1279 abscon-

536 1299 708 1368 dens
744 1297 1169 1380 indumenta,
1214 1323 1253 1368 a
1301 1298 1608 1368 viro-Dei
1656 1298 1890 1368 nudus
1938 1310 2189 1368 vestem
2240 1310 2515 1397 peteret.
2557 1297 2685 1368 Sed
2711 1298 2860 1388 jam
2902 1297 3082 1368 divi-

537 1389 727 1459 nitus
762 1387 1054 1458 revelata
1084 1401 1229 1458 erat
1262 1387 1359 1456 illi
1394 1387 1699 1456 hominis
1734 1387 2062 1474 nequitia.
2112 1387 2290 1457 Mislt
2320 1387 2551 1474 itaque
2584 1408 2808 1457 unum
2833 1409 2872 1456 e
2902 1387 3080 1467 suiS,

535 1477 657 1563 qui
692 1477 1095 1548 vestimenta
1143 1476 1334 1546 illius
1381 1475 1715 1547 adferret:
1764 1476 1992 1547 locum
2031 1477 2094 1545 ei
2144 1476 2489 1555 indicans,
2543 1475 2666 1547 ubi
2731 1488 2911 1547 esset
2959 1476 3084 1546 ab·

538 1565 874 1636 scondita.
928 1568 1020 1635 Ea
1064 1565 1312 1645 allata,
1365 1564 1553 1635 dedit
1598 1566 1662 1634 ei
1710 1565 1833 1652 qui
1893 1579 2144 1635 vestem
2216 1565 2350 1635 sibi
2398 1563 2549 1636 dari
2624 1566 2938 1655 petebat,
2995 1566 3084 1635 ita

538 1654 815 1723 dicens:
890 1658 1024 1724 Cur
1084 1654 1359 1724 voluisti
1410 1654 1620 1724 miser
1668 1676 1791 1744 per
1838 1653 2281 1723 mendacium
2337 1664 2597 1723 tentare
2646 1653 2898 1726 Christi
2948 1663 3090 1723 ser'-

538 1746 749 1811 vum?
795 1747 890 1812 An
933 1766 1068 1814 non
1120 1764 1443 1834 praesens
1489 1741 1794 1823 aderam,
1847 1742 2128 1830 quando
2177 1743 2303 1812 hoc
2337 1742 2608 1812 facinus
2656 1741 3091 1833 designasti?

541 1830 668 1901 Ille
716 1853 872 1901 vero
918 1854 991 1903 se
1036 1832 1546 1923 deprehensum
1602 1831 1928 1911 sentiens,
1975 1829 2384 1921 pudefactus
2422 1831 2792 1902 abscessit:
2845 1843 2913 1901 et
2965 1831 3089 1918 qui

543 1920 689 1989 viro
739 1921 855 1990 Dei
889 1920 1179 1991 illudere
1226 1920 1579 2002 voluit,.se
1627 1921 1843 1991 sensit
1889 1918 2202 1990 illusum.

629 2010 669 2094 ἓ
712 2014 799 2081 5.
856 2010 1208 2092 Quaedam
1245 2010 1476 2099 puella
1516 2008 1795 2090 nobilis,
1829 2029 2076 2078 manus
2125 2008 2356 2078 aridas
2403 2021 2469 2077 et
2516 2008 2774 2080 debilia
2826 2008 3093 2079 habens

542 2119 793 2187 genua,
847 2098 930 2167 ad
972 2121 1135 2168 eum
1182 2101 1390 2178 venit,
1446 2096 1841 2186 cadensque
1887 2098 1974 2167 ad
2028 2096 2235 2188 pedes
2263 2099 2437 2186 eius,
2483 2098 2778 2168 salutem
2814 2098 2950 2169 sibi
2984 2119 3093 2166 re-

541 2186 735 2255 stitui
784 2187 1015 2277 petiit,
1054 2187 1175 2256 Ille
1224 2187 1422 2256 humi
1454 2210 1523 2257 se
1606 2201 2020 2266 rosternens‚
2063 2187 2428 2256 Dominum
2472 2200 2697 2287 rogat:
2736 2186 2898 2255 inde
2933 2207 3091 2256 sur-

539 2296 734 2432 genS,
768 2296 1017 2348 manus
1039 2288 1107 2345 et
1142 2297 1367 2366 genua
1399 2274 1555 2364 puel
1590 2297 1668 2344 ae
1702 2275 2059 2345 benedicto
2107 2274 2255 2344 oleo
2293 2296 2507 2364 perun
2565 2288 2637 2346 ιῑ.
2678 2274 2805 2344 Illa
2837 2275 3088 2350 Christi

589 2364 961 2454 enignitate
1011 2387 1167 2458 mox
1215 2364 1591 2433 revalescit.
1665 2368 1797 2434 Nec
1846 2365 2129 2444 mirum,
2186 2365 2489 2453 potuisse
2578 2376 2836 2446 ocfftam
2889 2363 3089 2433 facile

540 2475 580 2521 a
630 2452 892 2524 Christo
925 2454 1235 2525 obtinere
1274 2452 1498 2523 virum
1550 2452 1663 2522 Dei
1711 2453 1912 2543 cujus
1947 2464 2205 2544 pectus,
2245 2474 2371 2524 ceu
2404 2453 2884 2543 gratissimum
2933 2452 3088 2542 ejus

544 2542 905 2634 templum,
958 2544 1161 2613 donis
1209 2542 1471 2633 gratiae
1517 2544 1667 2631 ejus
1715 2542 2155 2612 exuberabat.

631 2633 669 2718 ξ
715 2637 811 2703 6.
866 2638 1008 2703 Non
1057 2645 1159 2701 est
1208 2642 1435 2700 autem
1489 2631 2198 2720 praetermittendum,
2256 2631 2437 2719 quod
2470 2653 2633 2701 cum
2682 2630 3090 2701 Theodemi-

538 2742 662 2791 rus
708 2720 932 2792 Abbas
960 2718 1387 2789 Miciacensis
1410 2719 1680 2820 (Miscy)
1711 2719 2109 2790 monasterii
2138 2742 2174 2789 e
2207 2741 2495 2809 corpore
2528 2732 2707 2788 esset
2737 2720 3083 2799 abiturus,

540 2808 785 2878 beatus
828 2808 1215 2898 Liphardus
1265 2808 1333 2877 in
1387 2830 1649 2878 somnis
1694 2821 1798 2878 est
1845 2808 2267 2888 admonitu5‚
2321 2821 2398 2879 ut
2444 2807 2529 2877 ad
2565 2807 2791 2878 officia
2824 2807 3092 2880 funeris

539 2896 646 2966 illi
695 2898 874 2985 patri
916 2896 1329 2988 praestanda
1363 2910 1781 2988 properaret.
1820 2897 2168 2987 Evigilans
2199 2918 2386 2988 ergo,
2425 2919 2567 2967 uno
2608 2916 2841 2967 secum
2874 2918 2914 2966 e
2943 2897 3094 2965 suis

540 2998 924 3075 assumpto,
970 2986 1056 3054 ad
1106 2986 1600 3057 monasterium
1641 2986 1813 3055 illud
1867 2986 2211 3075 profectus
2267 2999 2410 3057 est:
2460 2988 2765 3073 cumque
2810 2985 2895 3055 ad
2936 2986 3094 3075 ejus

544 3073 723 3143 fores
774 3073 1216 3164 pervenisset,
1282 3074 1463 3145 videt
1514 3076 1912 3145 caelestium
1963 3075 2325 3165 agminum
2374 3075 2621 3145 choros
2659 3086 2938 3143 sanctae
2987 3073 3094 3143 illi

542 3161 817 3233 animae
866 3161 1236 3252 psallentes
1299 3185 1683 3245 occurrere,
1742 3184 2034 3250 eamque
2086 3185 2248 3233 cum
2311 3162 2647 3233 ineffabili
2697 3162 2955 3254 gaudio
3003 3161 3094 3231 ad

540 3249 812 3321 coelum
865 3250 1225 3321 deducere.
1281 3252 1696 3323 Cantabatur
1753 3263 1984 3321 autem
2034 3251 2147 3321 hic
2198 3251 2446 3342 psalmi
2500 3273 2739 3324 versus
2766 3275 2788 3316 ι·
2847 3257 3096 3321 Beatus

542 3362 740 3422 quem
794 3343 1066 3431 eleqz‘stz‘
1111 3352 1171 3409 et
1240 3344 1701 3430 assumpsisti:
1755 3341 2156 3410 inhabitabit
2204 3344 2276 3410 in
2323 3343 2521 3411 atriis
2587 3344 2722 3410 tuis
2760 3342 2900 3431 (Ps.
2948 3340 3088 3440 64).

546 3434 695 3497 Mox
744 3429 847 3497 vir
908 3429 1020 3498 Dei
1089 3430 1158 3497 in
1217 3428 1540 3499 cellulam
1598 3428 2007 3519 ingreditur,
2061 3429 2183 3499 ubi
2231 3451 2486 3519 corpus
2544 3432 2764 3499 sancti
2813 3429 3134 3511 Abbaus‘

543 3517 858 3674 {aramme
895 3518 1188 3606 jacebat,
1243 3517 1571 3588 fratribus
1617 3517 1848 3588 debita
1907 3516 2132 3587 officia
2179 3517 2731 3600 decantantibus,
2804 3519 3099 3609 ejusque

575 3627 759 3675 unus
788 3620 1009 3676 curat.
1907 3658 1912 3667 ,

637 3701 675 3775 ἓ
723 3698 799 3765 2.
853 3701 1131 3765 Peracto
1171 3695 1569 3784 sepulturae
1605 3695 2009 3776 ministerio,
2039 3696 2323 3766 beatum
2362 3698 2731 3767 Maximum
2759 3695 3102 3786 (Mesmin)

547 3782 854 3854 defuncti
901 3784 1179 3855 Abbatis
1229 3794 1569 3874 nepotem,
1624 3784 1695 3852 in
1728 3784 1881 3873 ejus
1923 3784 2152 3855 locum
2194 3786 2580 3866 substituit,
2611 3785 2903 3873 fusaque
2942 3807 3102 3855 ora-

549 3873 732 3942 tione
764 3874 849 3943 ad
888 3873 1278 3952 Dominum,
1331 3871 1415 3941 ad
1468 3872 1714 3942 cellam
1750 3895 1948 3943 suam
1986 3895 2302 3943 reversus
2330 3885 2468 3945 est:
2522 3888 2588 3943 et
2625 3895 2784 3945 cum
2816 3874 3099 3944 tandem

547 3963 660 4032 sui
705 3983 983 4049 quoque
1031 3962 1262 4031 obitus
1309 3960 1491 4029 diem
1533 3962 1899 4031 imminere
1938 3963 2410 4053 cognovisset,
2451 3964 2845 4033 convocatis
2891 3962 3106 4035 disci-

545 4050 737 4208 pulis
770 4073 930 4121 eum
982 4063 1139 4119 ante
1173 4050 1547 4139 praedixit:
1586 4050 1938 4145 simquue
1984 4073 2100 4121 cos
2133 4050 2415 4151 optimis
2447 4052 2886 4121 sermonibus
2932 4073 3108 4122 eon-

575 4161 838 4211 nrmans
867 4139 1272 4209 hortabatur
1303 4152 1381 4208 ut
1407 4139 1832 4212 abstinerent
1858 4162 1899 4209 a
1926 4139 2328 4210 carnalibus
2359 4140 2722 4210 desideriis
2755 4153 2820 4210 et
2853 4140 3105 4211 mundi

546 4227 1070 4297 oblectamentis
1116 4240 1191 4297 ut
1250 4241 1599 4301 servarent
1668 4244 2032 4319 praecepta
2100 4229 2537 4319 evangelica:
2609 4227 3108 4300 contenderent

546 4316 806 4387 intrare
840 4339 961 4407 per
995 4328 1359 4408 angustam
1385 4332 1653 4408 portam
1689 4329 1754 4387 et
1783 4331 2041 4387 arctam
2078 4318 2283 4398 viam,
2319 4340 2495 4405 quae
2525 4318 2719 4387 ducit
2743 4317 2827 4387 ad
2858 4320 3099 4388 vitam:

549 4405 942 4477 resisterent
1008 4406 1316 4487 diabolo,
1373 4420 1437 4476 et
1487 4406 1676 4476 mille
1726 4408 1877 4497 ejus
1944 4406 2236 4477 nocendi
2303 4408 2606 4486 artibus,
2662 4407 2846 4476 haud
2900 4430 3107 4480 secus
