3357 4995
694 332 822 398 636
1257 349 1335 396 nn
1383 351 1475 397 ss.
1530 350 1865 399 Aposrous
1913 350 2109 399 ramo
2155 352 2231 397 ar
2281 350 2483 399 mmo
2784 332 3007 398 JUNII
3060 332 3161 397 29

604 433 984 524 proposuit,
1021 455 1106 503 ne
1152 433 1476 505 immittat
1529 447 1790 525 petram
1855 434 2190 516 scandali,
2243 446 2308 505 et
2369 434 2432 503 la
2490 433 2670 503 idem
2739 434 3160 505 offensionis

602 522 955 613 malignus
986 522 1053 591 in
1105 544 1221 593 eos
1267 523 1489 609 quiin
1541 536 1603 593 te
1633 524 2148 594 crediderunt.»
2191 529 2266 593 Et
2314 523 2444 593 sub
2475 522 2608 593 atis
2652 522 2738 592 ad
2791 523 3155 593 Simonem

603 612 848 693 oculis,
901 611 1087 681 clara
1135 633 1296 681 voce
1325 612 1684 682 clamavit:
1729 640 1753 671 a
1793 614 1995 684 Vobis
2045 624 2325 683 satanae
2373 610 2713 683 ministris
2765 612 3150 702 praecipi0,

603 722 689 771 ne
733 722 892 770 eum
947 701 1251 790 porteti5‚
1309 701 1426 771 sed
1489 722 1648 771 eum
1717 701 2081 772 dimittatis
2129 702 2200 771 in
2251 724 2331 771 eo
2381 699 2529 771 loco
2559 756 2574 782 ,
2627 700 2699 769 in
2748 723 2887 787 quo
2948 723 3151 770 nunc

602 801 774 860 est.»
826 789 1243 878 Statimque,
1297 810 1455 859 cum
1507 811 1687 876 quae
1751 790 1937 860 circa
2007 791 2238 882 ipsum
2310 790 2783 881 apparebant,
2853 790 3156 861 umbrae

604 879 1202 961 recessissent‚,et
1251 878 1319 947 in
1379 878 1680 948 nihilum
1754 879 2093 949 resolutae
2151 890 2418 959 essent,
2483 877 2716 947 Simon
2767 879 3011 969 lapsus
3056 879 3153 948 ab

604 970 779 1051 aere,
835 967 919 1036 ad
970 980 1219 1037 terram
1271 965 1486 1037 fertur
1533 989 1700 1038 casu
1745 969 1995 1038 misero
2033 978 2098 1037 et
2138 967 2538 1049 miserabili,
2575 977 2642 1035 et
2671 968 2964 1037 contrito
3008 980 3155 1037 toto

603 1055 864 1127 infelici
903 1078 1210 1146 corpore,
1263 1056 1572 1127 secundo
1606 1069 1756 1145 post
1791 1056 1903 1126 die
1937 1058 2259 1127 miseram
2291 1056 2540 1126 emittit
2578 1056 2908 1132 animam,
2964 1058 3154 1126 acri-

602 1145 736 1215 bus
781 1146 1129 1215 cruciatus
1166 1144 1545 1215 doloribus,
1599 1148 1765 1214 Cum
1821 1146 1949 1215 hoc
1988 1158 2215 1215 autem
2259 1144 2517 1216 factum
2566 1157 2765 1225 esset,
2819 1156 2884 1214 et
2942 1145 3152 1214 turba

604 1233 843 1304 multis
889 1234 1080 1304 horis
1118 1232 1485 1303 clamaret:
1526 1239 1816 1323 Magnus
1849 1247 1952 1304 est
1985 1239 2163 1305 Deus
2222 1234 2344 1319 qui
2394 1232 2592 1303 nobis
2636 1238 2895 1303 aPetro
2945 1255 3153 1324 prae-

604 1321 918 1393 dicatur:
973 1327 1212 1392 Petrus
1245 1344 1402 1391 cum
1440 1320 1659 1392 altum
1693 1323 2042 1410 quoddam
2085 1323 2300 1392 sedile
2330 1321 2775 1401 ascendisset,
2823 1343 3152 1391 manum-

601 1432 734 1499 que
786 1410 1129 1491 movisset,
1154 1421 1220 1480 et
1265 1410 1488 1480 turbis
1527 1413 1985 1503 praecepisset
2021 1411 2398 1492 silentium,
2438 1422 2798 1502 postquam
2848 1432 2928 1480 ex
2959 1416 3151 1482 Mose

601 1511 668 1570 et
715 1500 1071 1590 Prophetis
1116 1501 1480 1568 Dominum
1535 1513 1847 1570 nostrum
1885 1506 2125 1570 Jesum
2176 1501 2521 1570 Christum
2577 1504 2787 1569 Deum
2830 1514 2988 1569 ante
3036 1522 3151 1571 se-

600 1588 758 1658 cula
805 1588 1318 1667 annunciasset,
1371 1601 1435 1658 et
1483 1588 1824 1678 plurimos
1858 1588 2229 1658 daemones
2255 1589 2561 1679 fugasset
2587 1590 2675 1658 ab
2707 1588 3142 1670 hominibus,

598 1689 665 1746 et
703 1677 979 1747 morbos
1024 1689 1335 1747 curasset
1381 1678 1628 1759 variOS,
1667 1700 1784 1747 eos
1814 1677 2103 1748 dimisit.
3089 1682 3094 1686 ’

688 1767 724 1852 ξ
771 1769 928 1837 lo.
982 1769 1147 1835 Cum
1199 1776 1428 1835 autem
1464 1788 1600 1835 non
1650 1766 1774 1835 diu
1825 1767 2193 1837 mansisset
2230 1766 2414 1855 apud
2454 1772 2824 1846 RomanOS,
2865 1778 2932 1834 et
2978 1787 3146 1834 san-

598 1866 706 1923 cto
755 1854 1098 1943 baptismo
1150 1854 1400 1923 multos
1441 1867 1946 1955 regenerasset,
1987 1855 2064 1939 {et
2103 1854 2476 1924 Ecclesiam
2534 1854 3028 1935 constituisset,
3081 1867 3151 1923 et

600 1942 845 2011 Linum
909 1943 1325 2033 Episcopum
1386 1943 1816 2025 ordinasset,
1873 1944 2051 2014 venit
2117 1944 2584 2013 Tarracinam.
2641 1947 2716 2012 In
2781 1964 2914 2030 qua
2976 1965 3146 2012 cum

597 2030 1141 2121 Epaphroditum
1204 2031 1591 2102 ordinasset
1650 2033 2093 2123 Episcopum,
2162 2032 2347 2101 venit
2407 2032 2733 2102 Sirmium
2792 2032 3141 2101 civitatem

600 2119 997 2210 Hispaniae.
1035 2124 1182 2202 Quo
1232 2120 1299 2189 in
1351 2119 1500 2190 loco
1532 2143 1695 2190 cum
1736 2126 2155 2211 Epaenetum
2191 2120 2658 2190 constituisset
2692 2120 3140 2211 Episcopum,

598 2207 871 2277 devenit
917 2208 1395 2299 Carthaginem
1437 2209 1777 2278 civitatem
1840 2209 2121 2279 Africae.
2177 2215 2250 2278 In
2309 2231 2446 2296 qua
2495 2231 2655 2278 cum
2713 2214 3146 2278 Crescentem

598 2297 985 2368 ordinasset
1025 2298 1468 2388 Episcopum,
1522 2299 1707 2367 venit
1749 2299 1814 2367 in
1866 2303 2273 2388 Aegyptum.
2311 2303 2388 2367 Et
2435 2320 2596 2367 cum
2632 2297 2904 2375 Thebis,
2961 2319 3146 2385 quae

601 2399 859 2544 septem
914 2386 1169 2456 habent
1203 2399 1455 2476 portas,
1496 2387 1802 2469 Ruffum,
1855 2387 2299 2456 Alexandriae
2330 2398 2559 2455 autem
2591 2392 2892 2456 Marcum
2928 2390 3147 2455 Evan-

600 2496 682 2566 ge
714 2475 941 2556 istam,
980 2499 1217 2547 eorum
1267 2475 1387 2563 qui
1428 2497 1498 2546 se
1547 2476 1615 2545 in
1678 2475 1854 2547 disci
1910 2476 2123 2546 linam
2177 2474 2632 2557 tradiderant,
2699 2475 3144 2565 Episcopatui

603 2564 1063 2655 praefecisset,
1117 2587 1360 2634 rursus
1408 2566 1591 2635 venit
1618 2571 1856 2636 Jeroso
1885 2588 2048 2655 yma
2073 2587 2153 2635 ex
2204 2565 2635 2644 revelatione,
2680 2577 2958 2655 propter
2990 2564 3145 2633 Dei—

600 2674 808 2743 parae
858 2655 1106 2723 Mariae
1157 2653 1974 2744 migrationem.-Deinde
2034 2676 2346 2724 reversus
2400 2654 2471 2722 in
2523 2659 2897 2745 Aegyptum
2928 2709 2944 2734 ,
3071 2675 3146 2722 er

596 2741 889 2812 Africam
925 2764 1167 2812 rursus
1208 2746 1494 2811 Romam
1536 2742 1762 2813 rediit.
1796 2749 1888 2813 Ex
1920 2765 2058 2830 qua
2095 2743 2276 2812 venit
2322 2742 2812 2822 Mediolanum,
2853 2753 2917 2809 et
2967 2746 3013 2809 P
3071 2764 3147 2811 o-

598 2830 802 2912 ticen,
848 2853 1026 2918 quae
1076 2844 1237 2901 sunt
1289 2831 1594 2902 civitates
1640 2833 1710 2900 in
1762 2833 2178 2901 continente.
2219 2838 2294 2900 In
2359 2831 2617 2918 quibus
2671 2853 2831 2900 cum
2891 2832 3148 2900 consti-

599 2919 838 2990 tuisset
886 2919 1258 3011 Episcopos
1288 2933 1353 2988 et
1403 2919 1856 3010 presbyteros,
1895 2921 2075 2990 venit
2103 2921 2169 2988 in
2210 2920 2661 2989 Britanniam.
2702 2924 2851 3002 Quo
2892 2919 2962 2987 in
2993 2918 3145 2989 loco

597 3031 756 3078 cum
811 3008 1013 3099 longo
1063 3020 1366 3098 tempore
1415 3008 1657 3079 fuisset
1709 3021 2051 3091 moratus,
2104 3020 2172 3078 et
2233 3008 2487 3078 multas
2540 3021 2775 3099 gentes
2826 3029 2962 3076 non
3018 3030 3145 3076 no-

598 3097 895 3166 minatas
927 3097 1311 3168 attraxisset
1335 3097 1418 3166 ad
1454 3097 1660 3166 fidem
1697 3097 1969 3179 Christi,
2024 3098 2414 3187 Angelicam
2468 3097 2734 3187 aspexit
2776 3096 3138 3176 visionem,

598 3206 776 3285 quae
824 3185 1136 3257 dicebat:
1182 3192 1393 3266 Petre,
1441 3187 1649 3257 instat
1707 3200 1981 3277 tempus
2046 3199 2201 3255 tuac
2250 3185 2713 3266 resolutionis,
2769 3198 2835 3254 et
2879 3197 3149 3285 oportet

600 3286 664 3343 te
711 3296 810 3343 ire
859 3279 1187 3343 Romam:
1240 3275 1310 3343 in
1352 3297 1490 3361 qua
1539 3297 1700 3345 cum
1754 3288 2038 3345 mortem
2096 3296 2214 3365 per
2260 3296 2534 3345 crucem
2574 3274 2990 3346 sustinueris
3040 3296 3145 3342 re-

598 3361 814 3452 cipies
865 3363 1245 3434 mercedem
1273 3364 1607 3454 justitiae.
1649 3368 1816 3433 Cum
1851 3386 2015 3455 ergo
2045 3376 2396 3454 propterea
2442 3368 2653 3432 Deum
2686 3362 3144 3454 glorificasset

597 3463 663 3520 et
710 3451 960 3541 egisset
1008 3453 1287 3542 gratias,
1331 3465 1396 3522 et
1445 3475 1483 3522 a
1539 3453 1630 3522 ud
1667 3453 2033 3523 Britannos
2096 3453 2464 3521 mansisset
2519 3452 2666 3521 dies
2725 3450 3008 3538 aliquot,
3078 3463 3145 3520 et

599 3540 802 3610 verbo
836 3541 1095 3631 gratiae
1145 3541 1397 3611 multos
1437 3541 1483 3610 il
1517 3542 1927 3624 uminasset,
1967 3553 2032 3610 et
2082 3540 2420 3611 Ecclesias
2459 3541 2946 3621 constituisset,
2981 3541 3143 3631 Epi-

599 3650 983 3720 scoposque
1014 3644 1080 3699 et
1115 3630 1568 3720 presbyterOS,
1604 3643 1669 3699 et
1700 3631 2036 3701 diaconos
2060 3630 2469 3710 ordinasset,
2515 3629 2926 3700 duodecimo
2956 3650 3142 3697 anno

600 3719 905 3788 Caesaris
944 3718 1230 3788 Neronis
1262 3740 1507 3788 rursus
1555 3724 1845 3788 Romam
1901 3717 2285 3789 revertitur.

685 3808 722 3894 ξ
774 3812 900 3880 ¹1.
957 3814 1103 3890 Quo
1153 3808 1221 3874 in
1269 3806 1416 3877 loco
1468 3828 1624 3876 cum
1681 3808 1930 3878 Linum
1987 3808 2360 3877 invenisset
2415 3818 2975 3877 consummatum
3010 3806 3138 3895 (a),

598 3894 749 3985 ejus
776 3893 922 3964 loco
952 3896 1295 3966 ordinavit
1325 3896 1735 3965 Clementem
1762 3910 2199 3966 recusantem
2229 3907 2294 3965 et
2319 3918 2450 3965 non
2482 3895 2950 3965 admittentem
2988 3916 3142 3964 eam

598 3984 1049 4054 curationem.
1104 3984 1228 4054 Cui
1265 4007 1423 4055 curn
1476 3984 1561 4054 ad
1612 3984 1680 4052 id
1752 3985 2287 4055 accommodatis
2335 3984 2559 4055 verbis
2678 3983 3128 4064 ersuasisset‚

597 4085 662 4142 et
699 4084 775 4142 ut
823 4072 1001 4142 bono
1029 4086 1206 4143 esset
1253 4074 1508 4154 animo,
1558 4072 1800 4143 fuisset
1828 4075 2162 4154 hortatus,
2216 4095 2373 4142 eum
2429 4094 2630 4163 prove
2687 4073 2735 4141 it
2782 4071 2866 4141 ad
2900 4072 3137 4142 cathe-

596 4161 820 4232 dram.
887 4167 1077 4231 Tunc
1150 4161 1352 4232 multi
1413 4161 1694 4249 quidem
1773 4162 2080 4232 illustres
2144 4175 2461 4252 prompto
2524 4172 2590 4230 et
2646 4160 2857 4231 alacri
2911 4161 3145 4230 animo

596 4249 757 4319 fidei
790 4250 1240 4321 obediebant:
1296 4249 1555 4320 multae
1603 4263 1834 4321 autem
1876 4251 2142 4321 nobiles
2190 4251 2530 4321 foeminae
2579 4249 3016 4320 addebantur
3057 4250 3143 4319 iis

648 4359 706 4406 (a)
729 4359 851 4399 Ordo
871 4358 1240 4408 Chronologieus
1273 4359 1321 4398 in
1350 4360 1452 4399 tota
1477 4359 1564 4398 hae
1587 4359 1932 4400 nisset-tattone
1956 4360 2029 4398 est
2062 4361 2110 4400 et
2138 4360 2365 4400 confusus
2400 4361 2448 4399 et
2480 4360 2687 4408 graviter
2715 4359 2955 4399 turbatus.
2976 4355 3140 4403 Linus,

596 4411 954 4506 gzbgerdssittribus
982 4411 1227 4452 mensibus
1259 4415 1366 4461 post
1394 4413 1587 4454 Petrum
1623 4412 1888 4462 supervixit
1905 4414 1952 4453 et
1971 4414 2297 4453 Pontificatum
2334 4410 2514 4456 tenuit.
2540 4412 2679 4461 eique
2708 4412 2925 4452 Clemens
2955 4413 3143 4452 immed.
