3357 4995
297 286 513 352 JUNII
563 289 607 351 6
1108 305 1186 351 na
1234 305 1290 351 s.
1343 303 1709 354 nom-asaro
1756 304 2053 354 muscoro
2636 290 2759 355 ⁴87

297 404 646 460 nostrae.»
696 393 1003 476 Cumque
1052 388 1169 459 ille
1217 389 1698 479 responderet:
1754 391 1953 460 «Tibi
1985 403 2048 459 et
2084 391 2153 459 in
2188 390 2434 481 primis
2486 395 2615 461 Deo
2666 393 2850 461 Patri

295 481 612 548 omnium
649 476 929 548 obedire
960 490 1247 568 oportet.
1276 478 1526 547 Vadam
1579 493 1644 547 et
1693 479 2143 550 considerabo
2187 479 2699 550 misericordiae
2730 483 2846 550 Dei

294 590 665 659 processus
724 580 789 636 et
838 589 1225 637 successus.
1283 572 1355 637 In
1422 568 1677 654 quibus
1736 570 1793 637 si
1855 568 2123 638 efficere
2170 567 2433 655 aliquid
2497 583 2729 659 potero
2787 582 2853 638 et

294 657 652 747 proficere,
692 657 949 745 gratias
1001 655 1121 725 tibi
1155 679 1397 747 agam:
1445 657 1550 725 sin
1586 671 1839 738 autern,
1886 658 1968 726 ad
2005 671 2088 736 te,
2144 678 2346 742 quem
2449 670 2552 727 ost
2607 663 2842 739 Deum,

302 759 561 836 patrem
613 744 788 836 elegi
846 756 910 813 et
967 746 1238 814 animae
1292 767 1477 813 meae
1529 758 1845 826 tutorem,
1906 746 2077 816 mihi
2140 747 2289 815 sine
2337 769 2376 814 o
2430 768 2595 816 ensa
2647 746 2850 817 liceat

306 855 673 904 remeare.»
709 834 810 902 Ait
845 833 943 901 illi
983 834 1084 902 vir
1133 836 1286 902 Dei:
1343 857 1377 900 «
1405 834 1625 902 Vade:
1687 857 1934 905 manus
1968 836 2151 904 enim
2198 835 2464 903 Domini
2504 857 2722 922 usque
2775 837 2843 904 in

301 923 502 993 finem
549 934 774 992 tecum
815 923 1007 991 erit.»
1044 928 1181 992 Hac
1214 945 1372 992 acce
1427 936 1491 991 ta
1545 923 2036 1004 benedictione,
2082 923 2195 992 ille
2229 924 2529 1014 recessjt,
2569 924 2843 994 duobus

298 1012 643 1101 adjunctis
692 1010 821 1080 sibi
876 1010 1103 1090 sociiS,
1143 1011 1226 1079 de
1258 945 1514 1098 quiiius
1568 1027 2003 1102 praeceperat
2053 1013 2153 1080 vir
2205 1013 2341 1090 Dei,
2416 1026 2490 1081 ut
2547 1013 2839 1081 alterum

297 1103 362 1170 in
417 1099 900 1190 antuerpiensi
947 1101 1234 1169 ccclesia
1293 1114 1593 1190 patrem,
1648 1101 2062 1170 alterum-in
2114 1099 2529 1171 Floreffiensi
2581 1102 2844 1171 consti-

297 1204 536 1259 tueret.
593 1195 667 1258 Et
716 1189 814 1258 sic
866 1187 1118 1258 factum
1167 1201 1294 1258 est.
1335 1189 1599 1259 Positus
1648 1204 1712 1258 et
1758 1203 2197 1259 consecratus
2238 1205 2338 1260 est
2379 1190 2494 1259 ille
2539 1203 2730 1280 pater
2773 1190 2841 1259 in

298 1278 955 1348 praemonstratensi
994 1278 1305 1357 ecclesia,
1341 1291 1403 1347 et
1439 1276 1539 1346 illi
1580 1278 1719 1348 duo
1762 1280 1829 1347 in
1881 1279 2155 1349 duabus
2186 1279 2342 1347 aliis
2393 1279 2839 1369 supradictis.

301 1369 424 1438 Sed
479 1380 544 1437 et
594 1366 733 1436 duo
787 1368 931 1455 jam
986 1367 1103 1434 alii
1153 1367 1529 1436 consecrati
1580 1381 1775 1436 erant
1826 1368 1893 1436 in
1944 1367 2220 1437 duabus
2283 1367 2439 1437 aliis
2488 1368 2839 1446 ecclesiis,

303 1455 740 1526 Laudunensi
791 1456 1009 1524 sancti
1055 1456 1349 1535 Martini,
1394 1469 1457 1524 et
1495 1456 1890 1526 vivariensi.
1926 1457 2045 1525 Isti
2093 1458 2423 1544 quinque,
2470 1470 2534 1527 et
2583 1469 2839 1534 sextus,

299 1568 507 1633 quem
573 1544 656 1612 ad
718 1544 984 1623 locum,
1063 1546 1179 1630 qui
1240 1544 1493 1613 dicitur
1553 1551 1930 1636 Bonaspes,
1985 1546 2212 1614 statim
2275 1558 2429 1635 post
2486 1546 2841 1615 introitum

300 1657 508 1705 suum
565 1633 785 1703 Abbas
836 1634 1528 1703 Praemonstratensis
1585 1634 1956 1724 ablegaret,
2012 1634 2488 1704 imminentem
2551 1634 2848 1704 dissolu-

299 1726 552 1793 tionem
602 1721 877 1792 Ordinis
908 1723 974 1790 in
1023 1723 1369 1811 plerisque
1419 1722 1586 1792 locis
1638 1723 1964 1802 videnteS,
2032 1737 2097 1790 et
2165 1723 2492 1812 majorem
2533 1722 2835 1792 suturam

302 1824 701 1890 metuenteS,
769 1811 852 1878 ad
908 1811 1087 1880 diem
1140 1822 1469 1880 statutum
1526 1812 1592 1878 in
1647 1812 1794 1881 loco
1844 1811 2296 1880 determinato
2345 1824 2838 1890 convenerunt,

299 1915 362 1969 et
400 1899 734 1987 quicquid
785 1899 870 1968 ad
926 1922 1249 1989 praesens
1300 1901 1365 1969 in
1419 1900 1744 1969 domibus
1793 1901 1938 1970 suis
2000 1900 2431 1990 superfluum
2486 1900 2846 1980 videbatur

298 2012 470 2059 esse.
530 1989 928 2068 recidentes,
969 1989 1293 2078 deinceps
1330 1988 1414 2057 ad
1444 1989 1834 2078 exemplum
1886 1989 2340 2060 cistertiensis
2374 1989 2676 2066 Ordinis,
2722 1991 2845 2057 an'-

297 2078 567 2148 nuatim
621 2099 690 2148 se
742 2099 1133 2147 reversuros
1193 2078 1399 2146 simul
1459 2077 1541 2146 ad
1604 2077 1879 2152 Ordinis
1942 2080 2048 2146 sui
2092 2078 2371 2147 sinistra
2434 2078 2846 2168 corrigenda

301 2168 773 2236 firmaverunt.
829 2166 1018 2248 Quod
1088 2189 1246 2236 curn
1300 2167 1367 2234 in
1422 2165 1593 2258 locis*
1638 2166 1794 2236 aliis
1842 2166 2271 2256 divulgatum
2333 2166 2598 2248 fuisset,
2667 2168 2720 2236 si
2776 2168 2843 2234 in

301 2257 527 2346 primo
577 2277 759 2324 anno
808 2278 946 2334 sex,
991 2270 1056 2323 et
1104 2255 1172 2323 in
1211 2256 1514 2325 secundo
1549 2277 1787 2324 novem
1842 2254 2153 2334 fuissent,
2210 2256 2277 2322 in
2344 2256 2534 2324 tertio
2584 2255 2844 2324 duode-

299 2345 462 2422 cim,
521 2345 587 2412 in
629 2344 1145 2432 quartoflecem
1196 2358 1259 2413 et
1306 2356 1454 2413 octo
1489 2343 1717 2413 fuere:
1755 2355 1837 2418 ,et
1880 2344 1968 2442 ita
2023 2344 2350 2433 deinceps
2400 2344 2841 2433 multiplicati

302 2447 463 2503 sunt
511 2434 770 2520 ubique
799 2431 1182 2513 ‘terrarum
1228 2434 1407 2503 sicut
1440 2445 1633 2503 voces
1665 2446 1728 2502 et
1776 2447 1971 2503 actus
2010 2455 2246 2504 eorum
2283 2446 2348 2503 et
2379 2455 2587 2523 opera
2629 2454 2846 2519 usque

303 2523 371 2591 in
428 2535 853 2613 praesentem
891 2522 1069 2591 diem
1126 2535 1480 2595 testantur.
1947 2588 1958 2598 ,

387 2614 423 2698 ξ
472 2616 630 2682 52.
690 2611 939 2680 Deinde
991 2612 1225 2680 beatae
1261 2612 1630 2680 memoriae
1682 2616 1860 2701 Papa
1915 2612 2212 2681 Honorio
2247 2609 2328 2679 ad
2375 2610 2841 2679 aeternitatem

301 2714 561 2777 vocato,
609 2700 1144 2788 innocentioque
1172 2701 1236 2767 in
1277 2705 1853 2769 sanctaRomana
1889 2700 2080 2779 Sede,
2121 2700 2454 2768 canonica
2487 2698 2841 2777 electione,

302 2790 694 2878 subrogatO,
744 2810 904 2858 cum
941 2789 1167 2858 sedem
1221 2789 1524 2858 obtinere
1593 2811 1724 2857 non
1791 2802 2013 2877 posset
2067 2800 2341 2878 propter
2391 2788 2843 2857 intrusionem

301 2878 476 2946 Petri
519 2878 757 2946 Leonis
804 2891 869 2945 et
917 2877 1319 2947 seditionem
1381 2876 1683 2946 familiae
1723 2878 1895 2965 eJus,
1930 2878 2162 2945 exiens
2204 2877 2362 2946 inde
2423 2877 2715 2946 contulit
2774 2898 2845 2945 se

301 2967 369 3034 i'n
423 2967 811 3034 Franciam:
869 2966 1014 3045 ubi,
1071 2980 1145 3035 ut
1193 2967 1443 3045 decuit,
1490 2966 1733 3035 honori
1767 2989 1866 3034 ice
1917 2977 2282 3055 susceptus
2330 2978 2452 3035 est.
2502 2970 2842 3034 Convoca-

300 3067 501 3140 toque
546 3055 825 3123 Rhemis
859 3055 1174 3134 conciliO,
1228 3068 1697 3124 convenerunt
1745 3055 2055 3142 undique
2093 3054 2411 3144 Episcopi
2438 3054 2522 3123 de
2548 3054 2841 3123 diversis

305 3143 743 3213 nationibus:
798 3143 1069 3212 advenit
1120 3158 1183 3212 et
1237 3158 1424 3233 pater
1489 3145 1928 3214 Nortbertus:
2003 3144 2236 3230 ibique
2303 3143 2500 3211 illum
2565 3147 2842 3211 Petrum

303 3231 648 3301 intrusum
699 3234 1491 3310 excommunicaverunt,
1517 3248 1583 3301 et
1621 3232 1949 3303 electione
2000 3233 2380 3301 Innocentii
2431 3233 2833 3321 approbata,

299 3320 618 3389 eumdem
657 3326 925 3390 Petrum
964 3322 1204 3390 Leonis
1253 3322 1431 3391 leoni
1480 3322 1803 3411 rugienti,
1859 3322 1988 3390 nisi
2045 3320 2492 3411 resipisceret,
2541 3319 2839 3388 tradide-

303 3423 484 3478 runt.
539 3409 866 3480 Attulerat
902 3425 1128 3479 autem
1165 3411 1562 3480 Nortbertus
1612 3409 2220 3481 secumEcclesiae
2269 3428 2434 3479 suae
2486 3408 2844 3497 privilegia

303 3498 785 3578 vetustissima,
839 3510 903 3567 et
951 3498 1087 3567 fere
1136 3522 1175 3568 a
1239 3499 1589 3568 vermibus
1637 3511 2092 3588 consumpta:
2169 3520 2347 3583 quae
2395 3511 2641 3566 cuncta
2712 3503 2845 3565 Ro-

308 3608 510 3656 mano
563 3588 949 3656 munimine
983 3586 1139 3656 fecit
1188 3589 1499 3656 renovari
1538 3600 1610 3656 et
1661 3587 1937 3676 corrigi,
1979 3608 2335 3677 apponens
2382 3609 2462 3654 ea
2516 3608 2690 3673 quae
2742 3608 2845 3653 re-

303 3696 377 3743 ce
431 3689 576 3744 erat
625 3675 707 3744 de
760 3676 1080 3745 manibus
1130 3676 1407 3745 illorum
1443 3677 1563 3762 qui
1598 3698 1676 3744 ea
1714 3676 1969 3762 injuste
1994 3689 2058 3742 et
2090 3674 2416 3743 violenter
2450 3685 2840 3763 rapuerant.

303 3768 348 3831 A
402 3760 578 3832 didit
628 3778 976 3854 praeterea
1024 3765 1212 3834 aliud
1268 3764 1709 3854 privilegium
1763 3776 2046 3843 secreto,
2085 3775 2163 3832 ut
2194 3785 2352 3832 cum
2406 3763 2686 3832 daretur
2725 3786 2848 3853 op-

307 3854 713 3950 portunitaS,
780 3859 1083 3923 Romana
1140 3853 1357 3922 fultus
1404 3854 1831 3930 auctoritate,
1898 3852 2223 3922 Ordinem
2277 3873 2443 3921 suae
2494 3852 2848 3941 religionis

305 3962 372 4007 1n
435 3942 810 4030 episcopali
865 3940 1276 4033 propagaret
1323 3942 1635 4011 ecclesia.
1692 3942 1909 4010 Finito
1943 3961 2104 4029 ergo
2155 3940 2480 4020 Concilio,
2550 3962 2709 4010 cum
2762 3940 2846 4009 ad

305 4029 533 4098 sedem
591 4030 936 4119 propriam
982 4043 1450 4111 reverteretur,
1496 4031 1784 4120 jamque
1822 4051 1903 4098 ex
1951 4041 2141 4119 parte
2188 4028 2621 4118 divulgatum
2672 4042 2849 4098 esset

306 4118 485 4203 quod
537 4117 810 4198 fecerat,
843 4120 1065 4189 matris
1114 4119 1520 4198 fremebant,
1562 4119 1646 4187 ad
1689 4119 2097 4203 alterutrum
2134 4116 2478 4187 dicentes:
2534 4123 2848 4209 Regnum

310 4219 617 4276 nostrum
671 4228 803 4276 non
858 4221 958 4276 sta
1011 4208 1084 4288 it,
1126 4222 1190 4278 et
1237 4206 1454 4298 gloria
1506 4220 1733 4278 nostra
1787 4206 1960 4276 nihil
2011 4218 2151 4276 est:
2199 4205 2311 4275 sed
2346 4218 2411 4275 et
2464 4206 2678 4276 honor
2703 4229 2848 4275 om-

311 4295 501 4363 nium
558 4309 865 4365 nostrum
919 4309 996 4366 et·
1031 4294 1639 4397 praedecessorum
1695 4309 2088 4365 nostrorum
2151 4295 2500 4385 redigetur
2546 4296 2613 4364 in
2669 4295 2850 4364 nihi-

320 4381 488 4464 lum,
545 4385 679 4453 nisi
725 4405 1245 4475 quamprlmum
1312 4384 1768 4456 excludamus
1813 4405 1972 4454 eum
2022 4406 2063 4452 a
2111 4384 2335 4464 nobis,
2388 4396 2454 4453 et
2501 4383 2852 4457 auferatur
