3357 4995
204 354 425 418 JUNII
474 354 556 418 24
899 373 976 418 nn
1022 372 1396 420 numum
1444 374 1499 420 s.
1552 349 1817 421 ioannis
1867 373 2050 420 ΒΑΡΤ.
2538 355 2668 420 499

212 476 653 545 magnarum,
684 467 747 525 et
771 478 946 543 quae
973 468 1134 526 sunt
1154 468 1419 547 praeter
1441 458 1861 548 opinionem,
1887 457 2435 546 expectationum
2459 457 2754 546 promis-

211 544 441 615 siones
473 543 530 614 si
563 557 839 635 repente
888 544 1287 626 audiantur,
1350 545 1565 615 solent
1615 546 1845 633 aliquo
1894 546 2096 615 modo
2143 547 2556 615 conturbare
2604 545 2752 613 ani-

212 655 431 712 mum,
488 654 622 702 non
661 632 747 702 ad
780 633 1356 714 incredulitatem,
1396 647 1473 704 ut
1498 635 1813 715 arbitror,
1869 633 2215 716 differens,
2253 633 2369 703 sed
2419 632 2753 704 festinans

210 721 309 789 ad
349 719 877 811 perfectionem,
932 722 1162 791 statim
1211 722 1420 792 veluti
1481 735 1726 814 captus
1773 745 1814 792 a
1861 722 2228 814 voluptate,
2289 721 2627 792 exclamat
2690 734 2756 791 et

210 809 418 879 dicit:
474 809 827 892 Quomodo
875 811 1005 881 hoc
1042 814 1503 902 cognoscam?
1539 818 1629 883 Ne
1687 834 1795 881 mc
1842 811 2216 902 dect-peris,
2266 833 2348 879 ne
2400 832 2507 878 me
2554 808 2751 879 fefel-

212 898 415 968 leris:
459 898 548 968 da
598 898 768 967 mihi
817 899 1122 989 signum,
1170 901 1418 989 praebe
1468 901 1639 970 mihi
1739 901 1970 991 ignus‚
2007 913 2082 970 ut
2116 906 2289 970 Deus
2336 898 2500 967 olim
2539 899 2749 968 Abra-

213 988 362 1069 hae,
401 987 487 1057 ad
529 987 657 1056 hoc
693 986 877 1075 quod
920 988 1066 1090 ipse
1098 1000 1274 1059 esset
1325 1001 1513 1078 pater
1564 924 1940 1059 muftamm
1977 991 2313 1079 gentium,
2353 998 2416 1057 et
2463 987 2748 1078 egrede-

214 1089 451 1146 rentur
509 1081 726 1167 Reges
772 1098 852 1145 ex
899 1098 1052 1164 ejus
1114 1076 1393 1159 lumbis,
1452 1079 1728 1168 signum
1802 1077 2391 1147 circumcisionis:
2444 1090 2510 1146 et
2571 1076 2754 1145 sicut

213 1176 411 1234 antea
440 1167 597 1245 Noe,
636 1165 819 1252 quod
863 1187 996 1234 non
1040 1165 1392 1235 induceret
1422 1166 1761 1236 diluvium
1808 1188 2017 1256 super
2053 1179 2324 1245 terram,
2361 1187 2599 1234 arcum
2631 1165 2753 1250 qui

212 1265 313 1324 est
359 1255 441 1321 in‘
488 1255 704 1323 nube:
759 1259 835 1323 Et
884 1255 1091 1344 Moysi
1154 1255 1417 1345 virgam
1467 1255 1535 1324 in
1588 1267 1972 1345 serpentem
2022 1275 2448 1334 conversam,
2505 1265 2570 1321 et
2619 1252 2754 1321 cito

214 1343 647 1424 restitutam,
718 1342 804 1411 ad
863 1343 991 1413 hoc
1052 1355 1128 1412 ut
1186 1343 1541 1413 crederent
1603 1343 1936 1434 Aegyptii,
2012 1343 2222 1430 quod,
2295 1343 2425 1425 Qui
2496 1353 2635 1422 est,
2689 1343 2752 1410 ei

212 1431 633 1521 apparuerit.

305 1521 341 1606 ξ
387 1523 547 1592 10.
601 1519 1048 1610 Respondens
1096 1532 1324 1589 autem
1375 1521 1460 1601 ei,
1514 1520 1683 1589 dicit
1714 1519 2046 1610 Angelus:
2102 1526 2264 1589 Ecce
2317 1521 2448 1588 eris
2499 1529 2749 1599 taceri-5,

213 1618 274 1677 et
302 1629 433 1677 non
454 1611 699 1698 poteris
741 1611 946 1699 loqui,
979 1619 1338 1699 propterea
1365 1611 1529 1700 quia
1558 1632 1686 1678 non
1719 1609 2067 1678 credidisti
2093 1611 2306 1677 verbis
2351 1610 2539 1676 meiS.
2572 1606 2752 1694 Adji-

216 1695 539 1765 ciendum
598 1709 721 1775 est,
777 1698 975 1767 tacite
1021 1710 1086 1766 et
1136 1696 1467 1777 absolute,
1513 1710 1579 1766 et
1615 1699 1786 1767 citra
1840 1697 2442 1767 examinationem.
2479 1695 2754 1784 Accepit

217 1784 495 1876 signum
548 1785 905 1855 Zacharias
961 1786 1056 1854 rei
1103 1786 1563 1854 conveniens:
1608 1807 1853 1876 nempe
1903 1808 2220 1855 sermone
2273 1785 2495 1854 soluto
2546 1782 2755 1852 silen-

214 1874 414 1955 tium,
453 1873 635 1960 quod
668 1874 753 1943 ad
789 1875 1018 1943 vivum
1052 1895 1462 1954 sermonem,
1490 1888 1553 1943 et
1581 1876 1697 1961 qui
1728 1874 2061 1954 consistit,
2106 1886 2206 1943 est
2236 1875 2297 1942 ei
2333 1871 2745 1962 parendum:

212 1977 277 2032 et
323 1961 752 2052 complicatis
801 1961 1035 2044 labris,
1085 1963 1362 2032 vocibus
1409 1985 1584 2050 quae
1630 1962 1858 2032 audiri
1892 1985 2029 2032 non
2072 1973 2403 2052 poterant,
2445 1960 2754 2030 laudavit

214 2050 522 2120 datorem
574 2064 831 2140 partus.
880 2056 1210 2142 Egressus
1246 2052 1457 2131 enim,
1494 2052 1743 2138 inquit,
1799 2074 1929 2121 non
1987 2062 2243 2140 poterat
2280 2050 2490 2138 loqui,
2535 2064 2600 2118 et
2632 2071 2742 2118 co·

219 2150 644 2229 gnoverunt‚
707 2139 890 2227 quod
941 2139 1220 2210 vidisset
1270 2140 1596 2209 visionem
1661 2140 1732 2208 in
1783 2140 2060 2230 templo.
2116 2145 2191 2209 Et
2241 2140 2387 2228 ipse
2433 2151 2576 2206 erat
2623 2159 2747 2205 an-

220 2248 441 2296 nuens
490 2226 651 2307 illis,
698 2242 763 2297 et
821 2231 1198 2318 permansit
1247 2241 1516 2299 mutus:
1578 2228 1825 2319 partim
1875 2228 2178 2315 quidem,
2238 2250 2320 2295 ne
2368 2227 2748 2325 interroga-

216 2327 430 2395 retur,
493 2328 725 2406 utpote
771 2316 953 2403 quod
1004 2317 1487 2388 sustinendum
1559 2340 1691 2387 non
1755 2331 1952 2390 esset.
1998 2329 2074 2385 ut
2121 2316 2479 2385 audiretur
2530 2314 2732 2382 visto:

218 2404 463 2493 partim
518 2416 771 2487 autem,
832 2417 909 2474 ut
967 2407 1087 2492 qui
1147 2405 1657 2492 quodammodo
1705 2406 2103 2476 excessisset
2153 2427 2232 2473 ex
2289 2404 2631 2483 sensibuS,
2686 2413 2751 2470 et

217 2505 397 2565 totus
454 2493 754 2583 seipsum
814 2507 1213 2565 convertens
1267 2494 1348 2563 ad
1412 2495 1480 2564 id
1559 2494 1741 2583 quod
1791 2494 2011 2564 visum
2064 2494 2306 2575 fuerat,
2365 2505 2596 2562 mutus
2646 2513 2749 2559 es·

217 2596 350 2663 set,
419 2582 747 2653 inanibus
802 2597 865 2652 et
913 2587 1135 2652 aerem
1206 2595 1454 2653 temere
1520 2583 2037 2653 verberantibus
2097 2581 2558 2652 sermonibus.
2625 2585 2751 2650 Par

218 2682 447 2740 autem
498 2671 782 2741 fortasse
811 2670 1039 2753 fuerit,
1085 2693 1242 2740 eum
1298 2685 1527 2763 utpote
1568 2678 1695 2742 Pro
1750 2671 1941 2740 betae
1980 2685 2263 2760 patrem,
2316 2671 2428 2739 hic
2475 2690 2748 2756 quoque

223 2782 400 2850 opus
447 2759 841 2850 significare
904 2760 1324 2850 prophetiae.
1381 2766 1457 2830 Et
1503 2761 1632 2829 hoc
1708 2772 1964 2830 ortasse
2011 2773 2112 2831 est
2158 2759 2445 2832 cessatio
2509 2756 2750 2847 legalis

224 2847 453 2918 cultus
485 2850 565 2917 ad
591 2871 739 2917 eam
768 2870 942 2935 quae
969 2848 1044 2917 fit
1075 2850 1143 2916 in
1178 2850 1418 2939 gratia,
1453 2850 1901 2939 prolationem
1933 2871 2053 2938 per
2090 2860 2401 2917 exortum
2432 2846 2742 2915 Joarinis.

302 2939 340 3023 ξ
386 2943 519 3009 11.
574 2937 694 3006 His
740 2959 902 3026 ergo
942 2938 1443 3028 praetermissis
1492 2960 1668 3025 quae
1701 2937 2156 3018 intercedunt,
2192 2950 2267 3006 ut
2301 2958 2477 3022 quae
2522 2955 2744 3021 neque

216 3024 299 3094 ad
353 3024 531 3094 diem
586 3026 991 3115 pertineant,
1047 3047 1266 3112 neque
1299 3049 1376 3094 ea
1428 3027 1691 3116 possint
1746 3026 1919 3097 vires
1957 3025 2581 3112 nostraeassequi,
2640 3044 2750 3091 ve—

216 3114 495 3183 niamus
532 3136 772 3183 rursus
819 3114 901 3183 ad
955 3114 1369 3184 institutum.
1411 3121 1490 3183 Et
1517 3120 1774 3203 sactu-m
1800 3126 1917 3195 est,
1964 3115 2208 3201 inquit,
2245 3125 2318 3182 ut
2348 3114 2612 3182 audivit
2641 3135 2750 3180 sa-

219 3205 615 3272 lutationem
655 3205 910 3272 Mariae
957 3204 1332 3284 Elz'zabetlz,
1393 3206 1733 3273 enullavit
1763 3207 1988 3293 infans
2036 3207 2105 3271 in
2134 3215 2321 3272 utero
2351 3205 2496 3293 ejus
2540 3202 2744 3290 (Ibz'd.

212 3317 278 3359 v.
332 3291 470 3379 44).
526 3296 905 3362 OJoannes
951 3291 1111 3360 felix
1152 3291 1402 3373 infanS,
1457 3292 1673 3361 foetus
1722 3294 1837 3379 qui
1899 3292 2113 3382 sopiri
2160 3314 2295 3361 non
2349 3303 2559 3381 potes.
2612 3288 2745 3371 Qui

214 3402 289 3450 es
323 3379 390 3447 in
435 3392 651 3461 utem,
725 3380 1069 3468 quomodo
1118 3402 1189 3449 es
1236 3381 1306 3449 in
1363 3381 1667 3451 mundo?
1715 3382 1842 3464 Qui
1893 3380 2202 3450 nondum
2251 3402 2324 3449 es
2373 3378 2739 3469 perfectu5‚

214 3468 560 3556 quomodo
618 3490 691 3538 es
742 3469 1227 3559 plenissimus?
1274 3470 1403 3552 Qui
1468 3492 1539 3539 es
1608 3471 1977 3549 semestriS‚
2038 3467 2384 3555 quomodo
2445 3466 2749 3537 multum

217 3557 433 3633 habes
486 3561 802 3658 tempus?
848 3559 979 3641 Qui
1029 3579 1163 3626 non
1200 3571 1385 3647 potes
1433 3558 1842 3648 cogitatione
1876 3558 2250 3648 percipere,
2299 3554 2644 3644 quomodo
2677 3576 2751 3624 es

213 3646 852 3736 prudentissimus?
890 3647 1019 3729 Qui
1068 3646 1257 3733 loqui
1306 3668 1441 3715 non
1499 3660 1712 3737 poteS,
1767 3645 2109 3734 quomodo
2173 3648 2346 3715 bene
2396 3643 2752 3730 loqueris?

218 3735 336 3804 Dic
368 3734 590 3815 nobiS,
643 3734 778 3816 dic,
818 3734 1160 3823 quomodo
1191 3757 1351 3805 cum
1400 3735 1817 3805 continearis
1867 3735 1933 3802 in
1990 3735 2343 3804 tenebroso
2393 3731 2538 3802 loco
2569 3731 2748 3801 uteri

221 3823 484 3903 matriS,
520 3823 828 3893 nondum
863 3823 1140 3892 videndi
1169 3823 1560 3894 facultatem
1610 3838 1946 3904 exerceaS,
1985 3823 2262 3893 auditus
2297 3844 2544 3891 sonum
2577 3842 2750 3888 non-

219 3911 387 3979 dum
426 3912 771 3993 admittaS,
836 3912 1136 3981 vocalem
1190 3935 1574 3982 sermonem
1627 3913 1934 3982 nondum
1986 3913 2282 3991 emittas,
2336 3907 2748 3980 ambulandi

222 4010 448 4068 motus
489 4001 795 4071 nondum
830 4001 926 4071 sis
959 4002 1319 4091 particepS,
1362 4000 1630 4071 ridendi
1665 4001 2144 4092 proprietatem
2195 3999 2504 4069 nondum
2554 4019 2748 4067 exer·
2804 4058 2826 4082 ,

222 4088 485 4156 cueris:
551 4090 896 4177 quomodo
968 4090 1299 4160 intueris?
1343 4091 1686 4177 quomodo
1759 4090 2008 4160 audis?
2067 4088 2410 4175 quomodo
2474 4109 2580 4156 res
2653 4085 2751 4154 di-

224 4176 421 4245 vinas
488 4179 1018 4269 contemplaris?
1062 4178 1403 4266 quomodo
1475 4180 1666 4249 exilis
1715 4191 1778 4247 et
1847 4179 2153 4248 exultas?
2201 4175 2585 4267 Responde,
2646 4196 2748 4242 re-

222 4263 485 4355 sponde
534 4268 751 4347 nobis,
806 4289 845 4336 o
880 4268 982 4336 vir
1018 4269 1295 4358 optime.
1351 4273 1670 4356 Magnum
1704 4278 1826 4347 est,
1865 4267 2107 4353 inquit,
2153 4266 2334 4352 quod
2436 4264 2742 4352 eragitur

221 4353 652 4452 mysterium,
713 4369 778 4425 et
835 4368 1030 4426 actus
1088 4368 1190 4427 est
1236 4358 1324 4425 ab
1381 4356 1689 4424 humana
1744 4370 2045 4425 remotus
2095 4376 2372 4445 compre
2401 4353 2738 4421 iensione.

224 4443 460 4512 Merito
508 4465 756 4514 innovo
795 4455 1112 4514 naturam
1163 4456 1439 4535 propter
1466 4467 1623 4514 eum
1672 4444 1795 4532 qui
1826 4457 1926 4514 est
1975 4445 2425 4513 innovaturus
2456 4463 2536 4509 ea
2569 4459 2748 4525 quae
