3357 4995
147 306 372 373 JUNII
421 306 508 372 29
1025 323 1104 370 ns
1150 322 1208 370 s.
1263 320 1465 370 PAULO
1511 319 1828 369 Arosrono
2470 305 2599 371 653

149 407 529 500 supplicii:
574 406 661 477 ab
708 429 849 476 una
896 418 1126 478 autem
1168 419 1527 496 separatus
1558 404 1818 485 anima,
1870 426 2045 493 quae
2092 405 2181 475 ab
2226 427 2306 475 eo
2353 406 2691 498 diligeba-

145 511 281 579 tur,
336 496 506 568 adeo
554 494 686 566 fuit
729 494 1063 566 confusus
1110 507 1177 565 et
1221 493 1701 574 conturbatus,
1745 505 1822 564 ut
1859 493 1928 562 in
1979 515 2117 581 qua
2162 494 2493 565 dilectum
2528 518 2688 586 spe—

144 608 311 656 rans
363 609 435 658 se
484 585 794 656 visurum
832 605 965 653 non
1001 584 1284 665 invenit,
1335 605 1417 653 ex
1446 582 1720 652 civitate
1752 582 2067 672 protinus
2103 585 2478 654 recesserit.
2507 586 2686 668 Quid

145 676 302 757 hoc,
357 696 397 745 o
445 674 639 745 beate
686 672 940 743 Paule?
986 672 1176 764 ligno
1216 672 1498 760 quidem
1549 670 1916 771 alligatus,
1968 684 2034 741 et
2092 693 2436 743 carcerem
2488 673 2689 745 habi-

145 778 329 844 tans,
380 775 446 833 et
499 762 739 853 flagris
804 783 1086 841 caesus,
1152 773 1218 830 et
1263 760 1334 831 in
1389 774 1576 851 tergo
1624 782 1965 850 sanguine
2012 760 2551 844 circumfluens,
2622 773 2691 833 et

149 852 497 954 mysteriis
545 849 870 921 initiabas
898 862 964 919 et
1011 849 1433 940 baptizabas,
1470 863 1538 920 et
1581 847 1916 919 offerebas
1962 849 2410 931 sacrificium,
2464 864 2531 921 et
2564 874 2686 922 ne-

151 961 407 1011 minem
459 939 913 1030 despiciebaS‚
950 940 1275 1026 quiesset
1322 938 1555 1010 salvus
1580 937 1881 1008 futurus,
1922 942 2089 1009 Cum
2125 939 2428 1010 venisses
2453 952 2685 1011 autem

150 1029 218 1098 in
255 1029 586 1100 Troadem
634 1041 701 1099 et
751 1041 996 1098 terram
1048 1028 1430 1097 invenisses
1469 1040 1863 1117 purgatam,
1914 1040 1981 1098 et
2029 1041 2335 1117 paratam
2378 1029 2465 1098 ad
2500 1029 2681 1100 exci-

152 1118 400 1208 pienda
435 1117 723 1199 semina,
780 1127 1045 1186 tantum
1095 1114 1368 1187 lucrum
1404 1114 1667 1204 ejecisti
1712 1137 1750 1185 e
1802 1116 2150 1199 manibuS,
2187 1129 2253 1188 et
2298 1118 2531 1188 statim
2581 1139 2686 1188 re-

150 1206 431 1278 siliisti‘?
490 1211 700 1288 Certe,
753 1205 1002 1292 inquit:
1066 1227 1322 1296 magna
1366 1204 1552 1275 enim
1608 1225 1720 1275 me
1766 1204 2015 1275 invasit
2075 1217 2413 1295 tyrannus
2461 1206 2682 1277 animi

145 1295 600 1388 aegritudine,
651 1305 717 1363 et
766 1315 995 1364 meum
1044 1294 1356 1363 animum
1406 1292 1604 1363 valde
1633 1292 1947 1364 confudit
1976 1294 2105 1366 Titi
2153 1294 2486 1377 absentia,
2535 1317 2681 1366 me-

146 1405 282 1471 que
329 1384 428 1455 sic
463 1384 623 1454 vicit
659 1394 725 1453 et
769 1383 1140 1473 superavit,
1186 1396 1265 1452 ut
1309 1403 1588 1472 cogerer
1634 1381 1763 1452 hoc
1813 1381 2055 1453 facere.

237 1475 274 1561 ἓ
323 1477 465 1548 14.
516 1470 757 1542 Vidisti
805 1492 1013 1560 quam
1056 1471 1144 1541 sit
1197 1492 1528 1561 magnum
1562 1483 1909 1541 certamen
1966 1470 2198 1542 dilecti
2257 1470 2435 1543 ferre
2481 1494 2681 1562 sepa-

153 1561 513 1642 rationem,
564 1581 773 1648 quam
824 1582 931 1629 res
992 1559 1081 1629 sit
1127 1558 1412 1629 molesta
1457 1570 1522 1629 et
1575 1559 1820 1631 acerba
1854 1614 1870 1640 ,
1921 1581 2130 1647 quam
2187 1561 2455 1634 excelso
2500 1582 2680 1652 opus

153 1651 395 1720 babeat
440 1662 506 1720 et
545 1647 836 1737 juvenili
883 1647 1163 1719 animo?
1209 1653 1435 1736 Neque
1472 1647 1658 1718 enim
1709 1647 1967 1719 sufficit
2024 1649 2111 1719 iis
2163 1650 2285 1736 qui
2334 1649 2676 1740 diligunt,

154 1739 379 1809 solum
425 1760 573 1810 esse
626 1738 886 1809 vinctos
931 1737 1188 1818 animo,
1245 1758 1467 1826 neque
1528 1758 1608 1806 eo
1654 1748 1821 1808 sunt
1878 1738 2183 1808 contenti
2228 1738 2312 1808 ad
2364 1738 2683 1810 consola-

150 1827 428 1898 tionem:
468 1826 586 1897 sed
635 1826 837 1897 etiam
874 1846 1197 1916 corporea
1223 1847 1401 1916 opus
1432 1825 1688 1897 habent
1721 1826 2142 1917 praesentia:
2172 1840 2239 1898 et
2284 1827 2343 1897 si
2384 1827 2513 1897 hoc
2539 1848 2677 1898 non

148 1915 477 1997 adfuerit,
531 1937 669 1986 non
729 1915 944 1986 recisa
989 1927 1092 1984 est
1148 1936 1354 2004 parva
1413 1936 1572 2005 pars
1619 1913 1938 1986 laetitiae.
2017 1916 2131 1986 Vis
2197 1916 2411 1996 scire,
2466 1937 2676 2003 quam

153 2003 443 2096 pulchra
490 2004 629 2074 sint
656 2025 847 2074 arma
879 2002 965 2073 ad
1014 2003 1457 2075 attrabendos
1504 2002 1770 2085 fratreS,
1803 2005 2009 2074 etiam
2057 2004 2117 2073 si
2145 2003 2285 2074 sint
2332 2004 2679 2075 infideles?

147 2113 297 2163 esse
344 2093 604 2174 mitem,
659 2104 725 2163 et
775 2104 1237 2173 mansuetum,
1289 2104 1354 2163 et
1391 2091 1660 2163 facilem
1697 2093 2033 2164 moribus.
2077 2092 2255 2163 Audi
2288 2092 2455 2180 quid
2499 2093 2685 2164 dicat

150 2179 453 2264 PauluS,
533 2180 619 2251 ad
665 2180 972 2269 judicem
1034 2179 1429 2271 ingrediens
1497 2179 1874 2263 infidelem,
1926 2181 2014 2252 ab
2059 2202 2140 2251 eo
2197 2181 2678 2270 judicandus:

151 2294 187 2337 «
219 2274 498 2340 Beatum
551 2291 657 2339 me
703 2269 1042 2349 existimo,
1093 2269 1216 2356 qui
1263 2291 1420 2340 sum
1453 2292 1495 2339 a
1543 2282 1604 2339 te
1639 2269 2163 2361 judicandus.»
2213 2274 2393 2341 Haec
2441 2283 2675 2340 autem

156 2358 447 2439 dicebat,
496 2380 627 2428 non
668 2357 732 2428 ei
779 2356 1095 2439 adulans,
1147 2358 1366 2428 absit:
1421 2357 1539 2428 sed
1588 2358 1822 2451 volens
1869 2358 2272 2430 lucrifacere
2318 2380 2441 2450 per
2490 2380 2684 2429 man-

150 2446 612 2519 suetudinem.
652 2446 1108 2531 Quamobrem
1140 2468 1302 2518 eum
1349 2446 1557 2518 etiam
1603 2468 1684 2517 ex
1735 2460 1923 2537 parte
1953 2446 2329 2519 lucrifecit:
2366 2459 2434 2518 et
2478 2447 2685 2519 Judi-

152 2559 300 2607 cem
336 2536 516 2626 cepit
548 2536 631 2618 is,
682 2536 803 2623 qui
850 2535 1371 2606 existimabatur
1416 2548 1583 2606 tunc
1627 2557 1779 2606 esse
1810 2535 2335 2609 condemnatus:
2369 2549 2436 2608 et
2485 2536 2682 2607 Pauli

153 2647 301 2696 esse
351 2624 704 2695 victoriam
753 2624 922 2714 ipse,
979 2624 1099 2713 qui
1144 2636 1287 2695 erat
1336 2624 1594 2706 victuS,
1646 2624 1783 2695 alta
1836 2647 1996 2696 voce
2042 2627 2429 2708 confitetur,
2485 2647 2684 2716 prae-

150 2714 460 2785 sentibus
507 2712 857 2794 omnibus,
892 2711 1154 2783 dicens:
1208 2713 1710 2803 Propemodum
1743 2713 1916 2784 mihi
1945 2714 2344 2805 persuades,
2394 2725 2472 2786 ut
2517 2713 2682 2785 fiam

158 2801 613 2873 Christianus.
667 2799 841 2885 Quid
890 2823 1053 2903 ergo
1118 2800 1419 2871 Paulus?
1465 2824 1500 2868 «
1533 2802 1840 2892 Optarim
1902 2823 2029 2894 ego
2078 2824 2211 2873 non
2261 2803 2490 2875 solum
2566 2815 2630 2873 te
2659 2857 2677 2884 ,

154 2891 273 2961 sed
324 2892 527 2961 etiam
564 2911 826 2965 omnes,
870 2911 990 2977 qui
1021 2889 1299 2971 adsunt,
1353 2891 1480 2960 hoc
1528 2911 1701 2971 esse,
1753 2890 1939 2978 quod
1971 2912 2098 2982 ego
2145 2913 2377 2962 sum.»

241 2981 460 3068 ³515.
512 2984 724 3066 Atque
784 2978 854 3047 in
915 2978 1151 3050 multis
1201 2977 1483 3065 quidem
1550 2977 1722 3049 locis
1767 2993 1931 3050 sunt
1961 2978 2178 3050 multa
2234 2981 2434 3071 signa
2489 2978 2685 3051 Pauli

151 3065 677 3138 miraculorum:
732 3067 849 3139 sed
899 3088 1034 3137 non
1086 3081 1250 3139 sunt
1295 3079 1433 3138 tam
1484 3066 1992 3149 desiderabilia,
2048 3089 2259 3157 quam
2310 3069 2679 3160 stigmata:

151 3168 219 3227 et
259 3177 396 3226 non
447 3169 589 3226 tam
636 3156 707 3225 in
736 3155 1108 3246 Scripturis
1154 3155 1433 3244 quidem
1468 3154 1760 3226 delectat
1784 3154 2042 3227 faciens
2076 3156 2437 3238 miracula,
2471 3177 2684 3245 quam

152 3243 334 3315 male
384 3244 674 3335 patienS,
726 3243 1139 3336 flagellatus,
1192 3256 1471 3325 tractuS,
1526 3243 1879 3335 lapidibus
1908 3245 2278 3336 appetitus.
2330 3244 2676 3337 Lapidan-

154 3346 255 3404 tes
302 3334 484 3404 enim
534 3354 721 3414 eum,
753 3331 1407 3422 inquit,„traxerunt
1436 3345 1621 3402 extra
1644 3333 2013 3404 civitatem.
2067 3339 2145 3405 Et
2191 3355 2472 3405 rursus:
2508 3337 2680 3405 Cum

152 3445 314 3493 eum
356 3420 841 3513 flagellassent,
880 3432 945 3491 et
994 3421 1247 3491 multas
1285 3421 1348 3490 ei
1400 3420 1638 3513 plagas
1687 3421 1779 3490 im
1835 3423 2203 3504 osuissent,
2245 3424 2688 3515 conjecerunt

156 3511 230 3579 in
279 3530 648 3581 carcerem.
702 3514 969 3592 Quanta
1003 3509 1342 3600 gloriatio,
1394 3524 1654 3599 quanta
1700 3532 1781 3581 vo
1815 3523 2039 3601 uptaS,
2076 3524 2382 3601 quantus
2437 3512 2680 3590 honor,

153 3611 458 3687 quantus
505 3598 854 3689 splendor,
908 3598 1084 3669 scire
1129 3620 1203 3668 se
1243 3620 1393 3671 esse
1439 3599 1745 3669 vinctum
1795 3612 2073 3701 propter
2104 3600 2500 3671 Christum?
2555 3597 2686 3670 Sed

155 3687 310 3758 vide
350 3710 492 3758 rem
523 3685 1028 3757 admirabilem.
1075 3691 1151 3757 Et
1183 3700 1570 3758 commotus
1614 3699 1753 3768 est,
1805 3710 1874 3758 m
1931 3688 2066 3770 uit,
2097 3710 2351 3767 carcer,
2404 3686 2686 3780 alligato

152 3775 387 3858 Paulo,
443 3789 508 3846 et
552 3776 868 3846 omnium
916 3775 1195 3846 vincula
1241 3788 1405 3846 sunt
1445 3775 1765 3846 relaxata.
1801 3777 1876 3846 vi
1930 3776 2036 3847 isti
2079 3776 2515 3848 vinculorum
2565 3798 2687 3848 na·

158 3877 382 3935 turam
417 3863 691 3935 vincula
730 3862 1225 3935 resolventem?
1255 3863 1785 3955 Expergefactus
1831 3877 2058 3936 autem
2091 3879 2324 3937 custos
2366 3864 2684 3946 carceris,

156 3973 318 4022 cum
368 3953 646 4025 vidisset
697 3953 938 4024 ‘anuas
969 3964 1241 4043 apertas
1280 3953 1602 4036 carceriS‚
1647 3952 1885 4025 stricto
1917 3952 2148 4046 gladio
2188 3976 2262 4026 se
2297 3968 2442 4025 erat
2479 3954 2688 4026 iater-

154 4039 480 4142 fecturus.
534 3975 712 4125 Quid
752 4063 915 4143 ergo
961 4041 1215 4142 Paulus
1232 4040 1643 4142 {clamavit
1691 4064 1942 4134 magna
1989 4062 2173 4126 voce,
2210 4042 2487 4115 dicens:
2527 4042 2688 4115 «Ni-

158 4126 258 4201 h1l
310 4131 431 4199 tibi
470 4129 632 4201 mali
665 4130 932 4201 feceris:
984 4151 1293 4201 universi
1326 4130 1514 4201 enim
1563 4130 1676 4203 hic
1718 4152 2038 4202 sumuS.»

241 4218 278 4305 ξ
327 4222 477 4290 18.
527 4218 729 4290 Vides
767 4241 979 4308 quam
1021 4218 1131 4289 hic
1181 4219 1269 4291 sit
1316 4241 1356 4289 a
1405 4241 1581 4289 vana
1617 4219 1839 4311 gloria
1883 4231 1948 4291 et
2006 4221 2334 4312 superbia
2385 4221 2683 4300 alienus,

156 4319 223 4378 et
253 4327 466 4393 quam
497 4305 921 4379 benevolus?
966 4312 1109 4379 Non
1144 4306 1350 4379 dixit:
1406 4313 1686 4399 Propter
1734 4330 1858 4379 nos
1890 4310 2054 4380 haec
2093 4309 2278 4381 facta
2312 4321 2515 4383 sunt:
2575 4306 2694 4381 sed

157 4410 490 4484 tanquam
547 4417 728 4468 unus
765 4419 846 4468 ex
891 4396 1163 4479 vinctis,
1201 4395 1393 4469 dicit:
1427 4399 1680 4471 Omnes
1725 4398 1912 4470 enim
1946 4398 2058 4470 hic
2091 4420 2359 4472 sumus.
2402 4399 2471 4471 Si
2498 4399 2686 4471 enim
