3357 4995
654 271 780 336 504
1253 288 1332 334 nn
1374 287 1747 336 numum
1793 290 1849 336 S.
1900 286 2165 338 :oannis
2211 288 2390 336 narr.
2739 271 2964 337 JUNII
3009 272 3101 338 24

559 377 841 444 innuens
872 374 1036 453 illis,
1096 383 1160 442 et
1195 375 1564 463 permansit
1586 384 1837 444 mutas.
1875 374 2168 445 Pulchre
2197 372 2628 463 Evangelista
2675 373 3109 465 conscripsit

560 461 773 545 illud,
825 463 1220 533 Per-mansit.
1274 462 1654 534 Permansit
1714 463 1902 534 enim
1967 461 2320 533 silentium
2348 515 2379 561 ,⁶
2422 473 2790 552 expectans
2854 484 3106 533 vocem

558 573 734 639 quae
798 551 1227 632 nascebatur,
1278 550 1638 622 Zacharias
1682 556 2043 631 Joannem,
2097 571 2302 622 senex
2362 549 2719 632 infantem,
2765 551 3104 625 sacerdos

558 640 989 730 Prophetam‚
1031 661 1189 709 cum
1238 637 1405 710 dicit
1451 641 1789 730 Angelus:
1834 639 2172 723 Quoniam
2216 652 2542 727 tanquam
2594 639 3002 711 incredulus
3054 663 3105 711 a

559 732 691 798 Deo
738 729 1017 820 signum
1065 727 1340 816 quaeris
1387 727 1459 797 in
1510 729 1808 820 propriis
1837 728 2169 799 membris
2216 741 2410 818 porta
2441 726 2749 818 signum,
2782 728 2969 816 quod
3032 742 3109 800 te

559 819 863 910 castiget.
898 819 1048 888 Eris
1085 818 1262 887 enim
1303 827 1546 899 taem,
1581 829 1645 888 et
1674 841 1804 888 non
1849 819 2097 908 poteris
2147 820 2210 887 lo
2254 819 2335 888 ui
2360 839 2572 908 usque
2601 818 2693 886 ad
2720 817 2920 898 diem,
2958 842 3099 909 quo

561 906 723 976 haec
778 908 970 998 fiant.
1025 905 1153 975 Ubi
1199 916 1301 977 est
1350 906 1642 977 audacia
1687 906 2123 985 temeritatis,
2196 905 2335 975 ilic
2382 918 2484 976 est
2547 903 2818 976 frenum
2873 905 3101 977 disci-

560 995 831 1085 plinae:
885 995 1013 1065 Ubi
1044 992 1420 1066 calcitravit
1454 994 1896 1076 contumelia,
1930 993 2075 1063 illic
2125 1015 2381 1085 poenae
2417 994 2918 1095 pronunciatur
2938 1017 3106 1066 sen-

559 1083 793 1154 tentia.
836 1083 1114 1153 Volebat
1143 1082 1427 1184 quidem
1475 1087 1675 1165 DeuS,
1711 1106 1751 1152 o
1798 1083 2145 1164 Zacharia,
2201 1097 2261 1154 te
2293 1082 2442 1153 fieri
2487 1104 2889 1173 praeconem
2935 1085 3103 1155 talis

562 1171 912 1242 miraculi:
966 1192 1293 1259 quoniam
1364 1184 1593 1242 autem
1664 1172 1972 1262 corporis
2033 1171 2572 1243 imbecillitatem
2629 1171 2887 1241 duxisti
2941 1195 3108 1243 esse

562 1260 935 1331 firmiorem
971 1283 1051 1329 ac
1085 1259 1507 1330 stabiliorem
1562 1260 2017 1351 promissione
2067 1261 2359 1342 Domini,
2419 1263 2551 1330 eris
2583 1270 2831 1339 tacens,
2872 1271 2936 1329 et
2965 1285 3104 1332 non

555 1351 810 1442 poteris
834 1351 1021 1440 loqui
1045 1371 1253 1440 usque
1278 1350 1350 1418 in
1381 1349 1556 1418 diem
1605 1372 1734 1440 quo
1761 1350 1925 1419 haec
2002 1359 2160 1418 ant:
2194 1360 2554 1442 propterea
2583 1349 2759 1440 quod
2780 1372 2911 1418 non
2958 1374 3106 1421 cre-

561 1439 799 1508 dz'dzktt‘
815 1438 1029 1508 verbis
1055 1439 1218 1506 meis
1243 1460 1415 1528 quae
1443 1438 1712 1528 quidem
1736 1440 1905 1529 impl
2028 1449 2188 1508 ntur
2214 1449 2503 1529 tempore
2546 1460 2666 1507 suo
2687 1438 2889 1528 (Ibid.
2949 1439 3099 1528 20).

561 1526 763 1597 Vides
798 1525 969 1595 nihil
1013 1547 1365 1596 summum
1400 1548 1480 1596 ac
1519 1524 1897 1616 perfectum
1947 1526 2125 1596 effici
2173 1528 2322 1596 sine
2354 1526 2538 1596 fide?

648 1617 686 1703 ξ
733 1619 828 1684 9.
885 1612 1120 1684 Solum
1173 1627 1400 1685 autem
1450 1614 1714 1685 audivit
1774 1615 2134 1686 Zacharias
2205 1616 2373 1685 haec
2432 1614 2682 1695 verba,
2737 1626 2804 1685 et
2859 1616 3100 1687 statim

559 1725 883 1795 egressus
927 1714 1028 1772 est
1076 1723 1156 1771 ex
1211 1703 1490 1794 templu,
1540 1704 1882 1774 sermonis
1932 1704 2379 1794 privationem
2428 1702 2652 1774 ferens
2706 1705 3106 1775 mercedem

559 1790 1088 1863 incredulitatis.
1141 1795 1192 1861 Ο
1243 1791 1682 1862 miraculum.
1722 1797 2085 1883 Ingressus
2142 1805 2243 1863 est
2293 1802 2371 1862 ut
2407 1791 2581 1863 alios
2632 1791 2976 1876 liberaret,
3030 1807 3103 1864 et

559 1882 710 1972 ipse
764 1881 926 1950 exiit
973 1880 1497 1951 condemnatus.
1565 1880 2027 1951 Thuribulum
2090 1880 2315 1951 serens
2362 1879 2445 1948 ad
2501 1879 3093 1964 ministrandum,

558 1968 1083 2040 circumferebat
1119 1969 1394 2039 titulum
1444 1969 1707 2039 auxilii.
1742 1968 2044 2060 Populus
2071 1968 2491 2059 expectabat,
2539 1981 2611 2038 ut
2636 1969 2900 2056 aliquid
2931 1971 3098 2041 boni

560 2057 648 2128 ab
705 2080 783 2129 eo
834 2057 1125 2140 audiret,
1177 2057 1293 2128 ille
1355 2070 1580 2127 autem
1637 2060 2025 2128 annuebat:
2083 2063 2291 2129 Nemo
2346 2057 2514 2127 mihi
2556 2058 3088 2148 appropinquet,

564 2167 770 2216 nemo
807 2168 912 2215 me
962 2147 1368 2238 interroget:
1421 2144 1563 2215 fero
1590 2145 1940 2216 horrorem
1973 2147 2367 2216 Dominicae
2399 2145 2824 2216 iracundiae.
2885 2151 2936 2217 Ο
2987 2170 3093 2217 res

567 2234 1033 2316 admirabiles,
1065 2249 1129 2304 et
1156 2256 1331 2322 quae
1361 2247 1525 2305 sunt
1555 2248 1822 2324 praeter
1845 2235 2263 2325 opinionem.
2296 2235 2656 2305 Zacharias
2683 2249 2918 2306 mutus
2942 2236 3093 2307 red-

570 2323 781 2405 ditur,
808 2336 873 2394 et
906 2322 1115 2393 veluti
1144 2345 1341 2393 camo
1370 2323 1906 2415 constringitur:
1945 2323 2286 2393 Elizabeth
2320 2336 2548 2394 autem
2599 2324 2883 2413 opipare
2930 2347 3093 2394 con-

570 2412 858 2482 vivatur.
915 2411 1032 2481 Lin
1138 2434 1177 2481 a
1209 2411 1638 2495 obtunditur,
1691 2427 1759 2483 et
1793 2425 2033 2483 uterus
2088 2413 2391 2482 inflatur.
2428 2417 2617 2494 Quae
2649 2411 2907 2483 diserta
2951 2426 3092 2483 erat

571 2501 836 2593 lingua,
872 2434 1135 2572 steriffg
1171 2501 1504 2572 efficitur:
1547 2514 1613 2571 et
1662 2524 1840 2591 quae
1885 2515 2028 2573 erat
2078 2500 2418 2582 infertiliS,
2484 2513 2700 2571 mater
2755 2502 3083 2573 redditur.

568 2594 705 2659 Vox
739 2590 1067 2672 frenatur,
1101 2602 1166 2659 et
1199 2590 1448 2661 mulier
1477 2590 1830 2661 liberatur.
1865 2591 2223 2661 Zacharias
2248 2589 2423 2667 silet,
2454 2601 2520 2659 et
2548 2596 2851 2664 Joannes
2878 2592 3090 2661 exilit.

568 2678 801 2748 Solum
835 2679 1017 2749 enim
1055 2679 1222 2748 vidit
1252 2678 1504 2749 sterilis
1534 2679 1906 2770 Virginem,
1936 2694 2001 2749 et
2031 2679 2252 2749 Solem
2279 2679 2763 2749 animadvertit
2795 2679 3075 2759 Lucifer,

565 2780 630 2837 et
666 2766 858 2837 valde
903 2767 1115 2837 exiliit
1145 2774 1445 2837 Joannes
1485 2767 1558 2837 in
1611 2779 1918 2839 materno
1952 2780 2167 2848 uter0,
2221 2789 2558 2838 accusans
2610 2781 2889 2839 naturae
2948 2781 3081 2837 tar-

566 2855 872 2925 ditatem.
927 2856 1222 2938 Domini,
1277 2855 1525 2944 inquit,
1563 2878 1721 2926 sum
1756 2878 2015 2929 servus
2054 2879 2188 2927 non
2226 2870 2459 2926 teneor
2489 2855 2734 2926 iisdem
2794 2855 3081 2947 legibuS,

564 2944 823 3031 quibus
851 2944 1184 3015 conservi.
1228 2949 1370 3014 Non
1399 2944 1770 3034 expectabo
1797 2944 2019 3033 quoad
2057 2945 2300 3036 patiar,
2352 2958 2430 3015 ut
2477 2949 2883 3017 Praecursor
2928 2945 3082 3015 sim.

564 3037 656 3103 Ne
685 3033 1004 3103 dominae
1098 3045 1290 3103 artus
1347 3032 1738 3123 praeveniat
1767 3055 2063 3113 servum,
2105 3036 2227 3121 qui
2262 3033 2689 3124 parturiendi
2734 3033 3090 3104 doloribus

565 3121 636 3191 in
665 3133 858 3191 utero
887 3122 1045 3191 invo
1078 3122 1280 3192 vitur.
1318 3127 1411 3191 Ne
1437 3122 1524 3191 sit
1564 3134 1847 3192 naturae
1894 3123 2384 3210 consequentia
2414 3121 2679 3192 ordinis
2709 3133 3092 3214 transgres—

565 3209 693 3282 sio,
745 3210 998 3301 Agnovi
1028 3210 1211 3280 enim
1247 3210 1367 3297 qui
1421 3233 1531 3280 me
1572 3211 1948 3300 praemisit,
2001 3225 2078 3281 ut
2124 3211 2553 3281 ambularem
2587 3226 2743 3281 ante
2791 3212 2942 3302 ejus
2999 3212 3095 3280 fa-

569 3298 769 3380 ciem,
800 3298 882 3368 ad
937 3298 1312 3388 parandam
1355 3298 1535 3368 viam
1583 3299 1734 3389 ejus
1780 3312 1935 3369 ante
1973 3300 2228 3390 ipsum.
2266 3298 2622 3369 Labefacto
2663 3299 2944 3370 vincula
2973 3323 3093 3370 na-

574 3399 798 3457 turae:
848 3409 1135 3477 propero
1172 3388 1354 3456 enim
1390 3387 1808 3478 praedicare.

655 3477 693 3563 δ
741 3479 897 3549 1⁰.
942 3480 993 3546 O
1026 3497 1135 3546 res
1163 3474 1630 3557 admirabiles,
1668 3490 1735 3546 et
1762 3498 1939 3564 quae
1972 3500 2052 3548 su
2137 3487 2301 3546 rant
2328 3477 2750 3568 opinionem.
2790 3482 2978 3559 Quae
3025 3477 3094 3546 in

567 3564 754 3635 coelo
815 3564 1301 3654 ignoraverunt
1368 3564 1626 3655 Angeli,
1684 3566 2000 3656 cognovit
2102 3587 2360 3636 oannes
2413 3567 2533 3653 qui
2582 3565 2977 3657 gestabatur
3024 3566 3092 3634 in

566 3665 782 3724 utero.
821 3654 1128 3724 Thronos
1176 3652 1395 3733 latuit,
1440 3665 1506 3722 et
1534 3675 1721 3735 eum,
1757 3654 1879 3742 qui
1925 3667 2071 3725 erat
2107 3656 2177 3723 in
2217 3655 2521 3737 matrice,
2577 3653 2868 3724 minime
2903 3676 3095 3745 prae·

560 3740 763 3811 teriit.
828 3742 1078 3812 Celavit
1127 3741 1657 3823 Dominationes,
1714 3754 1780 3813 et
1834 3744 1921 3823 ei,
1972 3743 2093 3832 qui
2140 3755 2284 3812 erat
2331 3742 2402 3812 in
2453 3755 2705 3824 ventre,
2779 3742 3102 3812 revelavit

561 3852 626 3899 m
682 3831 966 3900 sterium
1018 3841 1373 3920 susceptae
1419 3831 1648 3901 carnis
1695 3832 2169 3902 oeconomiae:
2207 3843 2272 3902 et
2310 3853 2518 3919 quem
2555 3830 2741 3902 venit
2792 3832 3097 3901 Archan-

558 3940 643 4011 ge
675 3941 757 3990 us
806 3917 1031 3989 ferens
1055 3918 1317 3990 bonum
1359 3919 1720 3999 nuncium,
1759 3921 1818 3989 is
1847 3941 2007 3990 eum
2050 3920 2351 3990 narravit
2392 3922 2460 3990 in
2489 3932 2705 3991 utero.
2737 3922 2906 3988 Nam
2935 3943 3092 3990 cum

559 4006 646 4076 ad
697 4029 822 4078 nos
870 4006 1278 4089 advenisset,
1332 4007 1511 4078 sicut
1559 4008 1764 4079 modo
1825 4008 2175 4092 audivisti,
2231 4009 2645 4100 Redemptor
2696 4008 2910 4078 nostri
2980 4029 3095 4100 ge-

563 4096 771 4178 neris,
824 4096 1007 4167 venit
1072 4095 1385 4187 protinus
1440 4095 1527 4166 ad
1576 4120 1785 4170 suum
1847 4096 2152 4168 amicum
2200 4102 2563 4180 Joannem,
2628 4096 2797 4166 dum
2863 4096 3095 4166 adhuc

569 4198 750 4257 esset
805 4184 874 4254 in
924 4196 1143 4266 utere,
1191 4197 1257 4255 et
1303 4184 1549 4256 licebat
1599 4186 1829 4257 videre
1875 4185 1922 4256 fi
2026 4186 2173 4256 lum
2222 4186 2444 4258 lutum
2494 4185 2932 4267 salutantem,
2972 4190 3094 4256 Re·

567 4295 723 4366 gem
770 4273 1192 4345 habitantem
1244 4273 1311 4343 in
1342 4273 1782 4346 tabernaculo
1831 4275 1926 4346 mi
1958 4275 2094 4357 itis,
2127 4276 2495 4347 Dominum
2532 4278 2651 4363 qui
2699 4287 2976 4346 venerat
3020 4275 3091 4343 in

570 4362 748 4434 servi
779 4361 1298 4434 domunculam.
