3357 4995
672 317 799 380 292
1309 333 1386 376 ni:
1436 332 1489 376 s.
1545 330 1818 377 amomo
1868 333 1908 376 A
1960 331 2164 377 panna
2213 331 2392 379 mero
2773 311 2993 378 JUNII
3048 314 3130 377 13

584 424 782 488 Pater
810 419 958 507 ejus
1006 418 1108 484 vir
1145 416 1396 484 nobilis
1423 414 1570 490 fuit,
1615 415 1813 483 miles
1852 415 2179 504 Alphonsi
2211 416 2415 505 regis,
2455 416 2785 486 Martinus
2822 417 3125 484 nomine.

588 513 796 576 Mater
840 507 991 596 ejus
1024 506 1254 587 Maria,
1293 526 1428 573 non
1480 502 1720 572 infimo
1756 525 2000 592 genere
2030 504 2180 573 fuit.
2302 559 2311 564 ,

673 599 708 682 ξ
760 600 848 665 2.
905 599 1068 664 Cum
1109 606 1334 663 autem
1419 614 1542 661 uer
1578 605 1756 661 esset
1791 593 2072 663 rationis
2112 615 2350 682 caan,
2391 616 2431 661 a
2465 594 2866 683 parentibus
2916 593 3135 663 literis

587 684 880 754 traditus
920 698 1022 752 est
1070 682 1349 751 imbuen
1410 703 1514 760 uS,
1571 680 1778 748 simul
1811 695 1875 750 et
1922 681 2328 751 educandus
2376 706 2415 750 a
2467 682 2805 752 ministris
2854 682 3129 764 Christi,

585 775 788 862 cujus
836 785 980 840 erat
1031 794 1276 861 praeco
1336 770 1637 839 futurus.
1707 775 1805 838 lta
1863 771 2194 859 pueritiae
2241 784 2527 839 aetatem
2580 771 2797 840 instar
2847 772 3137 928 patriar-

583 864 752 931 chae
798 861 1010 934 Jacob
1050 861 1235 929 domi
1280 858 1689 948 simpliciter
1712 860 1960 948 exegit.
1999 865 2165 928 Cum
2216 871 2444 928 autem
2495 860 2848 932 accedenti
2899 882 2984 931 us
3009 882 3138 928 an-

587 941 1007 1020 nis'sentiret
1049 950 1399 1039 improbos
1447 947 1755 1046 corporis
1806 961 2054 1027 motus,
2116 948 2200 1017 de
2248 949 2479 1018 carnis
2527 950 2968 1038 corruptione
3010 971 3138 1017 na-

586 1052 873 1118 scentes,
924 1060 1357 1124 nequaquam
1409 1051 1612 1104 cessit
1666 1036 2033 1125 petulantis
2096 1037 2388 1106 ancillae
2459 1039 2685 1126 pravis
2738 1038 3138 1127 cupiditati-

584 1130 739 1209 bus,
780 1151 901 1196 nec
953 1127 1186 1195 fraena
1227 1125 1500 1194 libidini
1554 1125 1823 1193 laxavit:
1866 1125 1982 1194 sed
2034 1127 2305 1194 strinxit
2353 1126 2690 1206 habenas,
2743 1148 3139 1216 corpusque

586 1219 653 1285 in
709 1217 1100 1285 servitutem
1154 1214 1439 1304 spiritus
1508 1213 1813 1303 redigere
1867 1214 2230 1283 nitebatur.
2300 1214 2674 1284 Vilescebat
2722 1216 2780 1283 ei
2858 1216 2925 1282 in
2987 1216 3138 1284 dies

585 1306 1075 1382 mundusisto,
1116 1317 1181 1371 et
1231 1325 1313 1370 ne
1365 1302 1589 1391 pulvis
1627 1316 1931 1372 terrenae
1980 1302 2321 1372 felicitatis
2356 1302 2651 1392 pedibus
2702 1303 3126 1384 adhaereret,

585 1396 956 1478 animoque
989 1394 1058 1460 in
1096 1393 1198 1460 via
1255 1392 1519 1460 Domini
1575 1393 1877 1460 currenti
1934 1391 2351 1461 offendiculo
2403 1392 2591 1469 foret,
2655 1393 2929 1461 retraxit
2976 1414 3131 1474 eOS,

585 1506 748 1552 cum
803 1481 1094 1550 necdum
1151 1494 1358 1550 tortos
1408 1480 1562 1548 illos
1629 1480 1700 1547 in
1754 1481 1901 1569 ipso
1957 1480 2201 1548 mundi
2250 1482 2474 1568 primo
2523 1481 2715 1550 aditu
2766 1482 3133 1570 posuisset.

589 1578 701 1640 Est
751 1585 976 1639 autern
1027 1582 1215 1638 extra
1283 1569 1477 1638 urbis
1533 1569 1915 1656 Ulysbonae
1966 1591 2202 1637 muros
2259 1571 2753 1639 monasterium
2813 1571 3141 1658 Augusti-

587 1662 981 1738 nianorum,
1030 1659 1097 1726 in
1124 1680 1260 1744 quo
1301 1659 1427 1725 viri
1478 1671 1818 1747 spectatae
1860 1658 2212 1746 religionis
2243 1658 2525 1747 degunt,
2561 1681 2732 1744 quos
2761 1660 3141 1730 Canonicos
3203 1693 3208 1697 ·

588 1748 963 1838 Regulares
1011 1760 1276 1816 vocant.
1322 1747 1416 1814 Ad
1448 1769 1621 1833 quos
1653 1747 1755 1813 vir
1805 1748 1941 1825 Dei,
1998 1747 2245 1835 spretis
2294 1747 2539 1815 mundi
2586 1747 3136 1829 oblectamentis,

588 1859 661 1906 se
707 1836 1020 1914 contulit,
1077 1849 1141 1904 et
1179 1835 1455 1905 illorum
1509 1835 1823 1904 habitum
1875 1835 2105 1904 induit
2152 1835 2509 1904 humiliter
2555 1859 2632 1904 ac
2692 1837 2949 1905 devote.
3008 1837 3140 1914 Sed

588 1947 747 1994 cum
788 1926 1065 1993 biennio
1101 1924 1240 2004 illo,
1295 1946 1430 2010 quo
1479 1924 1664 2013 apud
1701 1946 1816 1992 eos
1868 1925 2139 2002 mansit,
2182 1924 2562 1993 amicorum
2614 1925 2855 1994 crebra
2904 1925 3141 1993 visita-

592 2015 794 2093 tione,
849 2036 1022 2100 quae
1053 2014 1220 2081 solet
1255 2014 1389 2102 piis
1439 2013 1786 2081 mentibus
1838 2034 1969 2081 non
2053 2036 2251 2081 arum
2298 2014 2693 2102 importuna
2736 2013 2973 2092 videri,
3032 2014 3142 2081 in-

593 2103 995 2192 terpellatus
1020 2103 1281 2180 suisset,
1320 2114 1393 2168 ut
1434 2124 1673 2170 omnes
1713 2102 1981 2190 ejusmo
2038 2103 2054 2169 i
2090 2102 2484 2171 occasiones
2520 2102 2653 2170 sibi
2689 2102 3134 2191 praecideret,

594 2192 819 2260 natale
869 2191 1091 2261 solum
1143 2190 1451 2260 deserere
1516 2190 1857 2264 decrevit,
1923 2204 1996 2259 ut
2046 2190 2229 2280 apud
2281 2204 2543 2259 exteros
2604 2192 2890 2260 Domino
2955 2204 3142 2259 tran-

590 2280 882 2366 quillius
931 2292 995 2348 et
1039 2280 1324 2348 liberius
1375 2300 1614 2347 vacare
1681 2293 1926 2367 posset.
1998 2284 2360 2367 Impetrata
2416 2281 2650 2368 igitur,
2706 2280 2821 2348 sed
2884 2302 3167 2369 aegre,>

590 2368 949 2438 recedendi
1000 2369 1196 2456 copia
1231 2391 1271 2436 a
1311 2368 1673 2456 superiori,
1718 2389 1850 2434 non
1891 2368 2061 2436 vitae
2099 2368 2513 2447 institutum,
2547 2368 2661 2436 sed
2719 2369 2943 2437 locum
2982 2391 3139 2438 mu-

589 2460 772 2537 tavit,
837 2457 920 2527 ad
985 2457 1476 2527 monasterium
1543 2461 1605 2525 S.
1661 2456 2029 2526 Crucis'de
2079 2456 2502 2539 tlonimbria,
2558 2457 2837 2527 ferventi
2888 2457 3143 2548 spiritu

588 2548 1080 2636 commigranS,
1130 2547 1333 2633 idque
1391 2546 1532 2615 zelo
1589 2546 1946 2614 severioris
1994 2545 2406 2634 disciplinae
2456 2559 2519 2615 et
2569 2546 2797 2616 studio
2858 2548 3143 2635 majoris

634 2649 860 2705 metis.

585 2658 627 2724 q
674 2727 711 2810 ἓ
759 2729 849 2796 ³3.
905 2728 1120 2805 Quam
1174 2735 1402 2792 autem
1456 2722 1569 2791 ille
1606 2745 1740 2791 non
1797 2724 2050 2802 locum,
2101 2723 2217 2790 sed
2269 2745 2538 2792 morum
2576 2725 3028 2793 mutationem
3077 2740 3144 2793 et

590 2814 981 2902 expetiisset
1028 2824 1091 2880 et
1141 2811 1431 2897 fecisset,
1480 2813 1646 2880 satis
1704 2811 2097 2880 declarabat
2130 2812 2260 2879 vita
2307 2812 2460 2898 ejus
2508 2812 2705 2880 solito
2748 2812 3135 2883 ferventior.

592 2908 670 2970 Et
706 2902 1061 2988 quoniam,
1111 2913 1273 2969 teste
1313 2906 1380 2968 D.
1421 2901 1860 2996 Hieronymp.
1917 2922 2052 2969 non
2086 2900 2530 2989 lei-osolymis
2572 2900 2807 2983 fuisse,
2864 2902 2979 2972 sed
3020 2903 3142 2969 Je-

587 2991 955 3077 rosolymis
1011 2991 1181 3059 bene
1236 2989 1505 3068 vixisse,
1562 2989 1992 3059 laudandum
2033 3002 2156 3058 est:
2214 2989 2417 3058 talem
2470 3012 2540 3057 se
2592 2991 2902 3060 moribus
2948 2991 3145 3059 exhi—

591 3080 765 3157 buit,
821 3091 896 3147 ut
944 3078 1269 3147 omnibus
1329 3078 1777 3167 perspicuum
1817 3090 2037 3158 esset,
2096 3077 2223 3146 loci
2292 3079 2874 3168 opportunitatem
2929 3080 3145 3167 majo·—

590 3178 734 3236 rem
811 3167 1066 3236 idcirco
1115 3165 1311 3234 illum
1379 3167 1769 3256 appetiisse,
1837 3178 1911 3235 ut
1972 3166 2058 3235 ad
2109 3166 2280 3235 vitae
2345 3166 2825 3267 perfectionem
2870 3167 3145 3237 facilius

592 3269 821 3356 posset
861 3258 1267 3345 pertingere.
1331 3259 1557 3340 Reque
1604 3278 1761 3324 vero
1802 3255 2131 3324 mediocri
2181 3255 2411 3324 studio
2470 3278 2741 3345 semper
2793 3256 3146 3325 excolebat

590 3345 976 3434 ingenium,
1034 3365 1154 3411 nec
1188 3343 1434 3412 diebus
1462 3365 1585 3412 nec
1619 3345 1935 3413 noctibus
1968 3367 2090 3434 pro
2121 3345 2450 3434 temporis
2495 3346 2753 3414 ratione
2787 3368 2825 3414 a
2854 3345 3144 3414 lectione

591 3433 824 3502 divina
886 3454 1185 3511 cessans,
1252 3432 1704 3519 animumque
1754 3434 2009 3502 sanctis
2072 3434 2605 3523 cogitationibus
2643 3446 2707 3503 et
2757 3434 3144 3503 meditatio-

591 3522 801 3591 nibus
824 3542 1166 3589 exercens.
1209 3521 1476 3589 Solebat
1503 3535 1729 3591 autem
1777 3522 2063 3611 legendo
2105 3522 2470 3591 historicae
2503 3523 2804 3592 veritatis
2846 3534 3133 3603 textum,

592 3609 958 3700 allegorica
998 3631 1148 3678 com
1206 3610 1510 3679 aratione
1542 3610 1954 3680 confirmare
1993 3610 2223 3691 fidem,
2260 3624 2325 3679 et
2365 3634 2607 3681 rursus
2636 3612 2806 3701 ipsis
2834 3612 3145 3701 Scriptu—

593 3721 707 3766 rae
745 3699 969 3767 verbis
1016 3721 1142 3768 con
1175 3720 1442 3768 ormare
1486 3719 1708 3768 mores
1742 3713 1805 3768 et
1835 3701 2156 3769 affectum
2191 3700 2649 3769 inflammare.
2688 3699 3145 3769 Scrutabatur

595 3786 914 3876 religiosa
953 3787 1346 3857 curiositate
1396 3787 1737 3877 profunda
1787 3809 2186 3858 sermonum
2238 3790 2377 3867 Dei,
2430 3802 2494 3858 et
2541 3802 2779 3858 contra
2825 3810 3145 3859 errorum

591 3875 818 3945 foveas
857 3876 1128 3945 divinae
1174 3877 1556 3965 scripturae
1587 3877 1941 3948 sententiis
1981 3876 2404 3946 intellectum
2457 3878 2993 3947 communiebat:
3048 3878 3146 3945 si—

591 3963 739 4033 mul
788 3965 992 4033 etiam
1039 3979 1439 4036 sanctorum
1489 3971 1763 4034 Patrum
1816 3978 2263 4035 monumenta
2314 3966 2555 4035 sedula
2611 3966 2899 4037 lectione
2955 3966 3145 4035 evol-

592 4074 781 4121 vens.
819 4054 1121 4140 Denique
1169 4050 1341 4124 lee'ta
1370 4055 1592 4124 tenaci
1620 4056 1952 4124 memoria
1999 4055 2484 4145 complectenS‚
2523 4068 2788 4145 praeter
2821 4056 3145 4125 omnium

592 4144 1151 4231 expectationem,
1167 4165 1488 4234 magnam
1513 4143 1897 4233 scripturae
1914 4142 2188 4212 divinae
2209 4155 2311 4229 est
2329 4145 2793 4233 cognitionem
2815 4144 3138 4235 adeptus,

681 4233 718 4316 ἓ
766 4236 850 4302 4.
905 4236 1071 4300 Cum
1148 4245 1375 4301 autem
1445 4232 1796 4320 Reliquias
1860 4242 2258 4302 sanctorum
2317 4239 2485 4302 Mart
2539 4255 2744 4315 rum,
2829 4232 3150 4320 quinque

599 4323 911 4389 Fratrum
975 4321 1250 4390 Ordinis
1321 4321 1540 4391 sancti
1602 4321 1947 4392 Francisci
1981 4321 2050 4399 ³⁵,
2104 4326 2342 4392 Petrus
2392 4326 2467 4391 ln
2501 4344 2664 4404 ans,
2721 4321 3149 4393 serenissimi

645 4442 669 4469 ²*
698 4443 766 4484 De
785 4443 957 4494 quibus
982 4445 1032 4484 in
1053 4444 1200 4491 Surio,
1224 4452 1305 4483 xvi
1321 4443 1438 4492 jau„
1455 4453 1498 4493 p.
1523 4417 1612 4483 368.
