3357 4995
740 321 864 385 468
1445 338 1523 384 ΒΕ
1571 339 1626 386 s.
1677 336 2040 386 nom-naam
2087 335 2381 384 EPISCOPO
2870 323 3086 388 JUNII
3136 326 3173 388 6
3277 319 3280 326 '

649 422 987 502 remissio,
1008 443 1392 511 pauperum
1417 422 1839 504 subsidium,
1863 443 2092 492 rerum
2115 421 2606 512 dissipatarum
2634 425 3036 513 reparatio.»
3059 427 3174 496 His

648 511 926 591 auditis,
1020 511 1291 601 rincdps
1322 511 1438 580 ille
1483 525 1548 580 et
1595 512 1875 581 homine
1914 512 2245 600 inspecto,
2290 524 2367 580 ut
2402 525 2547 580 erat
2593 512 2789 583 vultu
2837 515 3166 604 angelicO,

647 612 712 667 et
759 600 951 669 consi
1001 611 1187 668 erata
1216 600 1497 669 vestitus
1530 611 1595 668 et
1642 600 1921 670 habitus
1963 599 2374 680 humilitate,
2437 615 2503 669 et
2563 599 2893 672 facundia
2943 605 3173 674 verbo-

646 710 829 767 rum,
867 699 1046 757 totus
1081 687 1434 758 intremuit
1469 689 1844 777 (commota
1873 688 2133 778 quippe
2180 702 2343 758 sunt
2390 689 2623 757 omnia
2659 690 2919 760 viscera
2966 693 3162 780 ejus),

645 790 711 845 et
742 778 1009 865 pietatis
1056 777 1304 846 affectu
1351 778 1867 868 responsionem
1916 777 2298 858 emollienS,
2335 777 2544 846 dixit:
2592 802 2626 843 «
2657 780 2799 849 Fiat
2829 781 3009 867 quod
3051 781 3157 847 νίς.

646 870 788 935 Non
824 877 924 935 est
969 866 1152 933 enim
1190 865 1423 952 aliqua
1459 879 1639 936 certe
1687 866 1972 936 rationis
2004 866 2366 957 oppositio,
2403 889 2539 953 qua
2591 869 2803 956 possit
2841 869 2999 955 quis
3026 883 3163 939 tuae

647 954 1113 1030 contradicere
1161 953 1260 1022 vel
1310 955 1641 1025 obsistere
1692 955 2025 1043 petitioni.
2079 958 2119 1020 ‘»

735 1045 771 1128 ἓ
818 1046 956 1115 18.
1011 1047 1177 1111 Cum
1227 1047 1387 1131 ergo
1437 1043 1556 1112 tali
1602 1044 1852 1113 affectu
1884 1044 1968 1113 ad
2004 1044 2319 1113 effectum
2362 1044 2789 1133 perduxisset
2822 1046 3008 1132 quod
3055 1065 3159 1133 pe-

647 1131 849 1211 tebat,
889 1131 974 1200 ab
1022 1153 1099 1199 eo
1151 1132 1464 1202 transivit
1510 1132 1594 1200 ad
1648 1133 1890 1202 alium.
1930 1132 2056 1202 Sed
2107 1132 2479 1201 seminator
2534 1133 2922 1203 discordiae
2985 1155 3159 1233 prae-

648 1220 950 1298 veniens,
989 1221 1105 1289 cor
1151 1221 1300 1309 ejus
1343 1221 1440 1290 sic
1480 1221 1955 1301 obduraverat,
2008 1236 2070 1290 et
2123 1221 2229 1288 sui
2284 1221 2567 1290 seminis
2627 1222 2928 1292 radicem
2983 1244 3038 1290 ι]
3088 1243 3160 1289 oo

648 1321 1014 1398 sparserat,
1069 1321 1272 1395 atque
1321 1309 1412 1377 ita
1462 1310 1710 1378 men-tis
1757 1310 1994 1379 oculos
2042 1309 2403 1391 clauserat,
2458 1322 2535 1378 ut
2584 1310 2850 1380 nullius
2888 1334 3012 1380 veri
3062 1310 3160 1377 lu-

648 1397 858 1465 minis
897 1397 1126 1466 aditus
1173 1398 1244 1465 in
1296 1411 1542 1479 mente,
1598 1398 1861 1467 nullius
1910 1398 2264 1467 charitatis
2309 1399 2530 1466 fervor
2576 1413 2753 1468 esset
2804 1401 2874 1467 in
2941 1399 3151 1474 corde,

645 1507 782 1571 quo
815 1485 959 1553 viro
1010 1486 1123 1553 Dei
1174 1484 1273 1554 vel
1324 1486 1406 1554 ad
1461 1488 1661 1556 breve
1695 1487 1992 1576 spatium
2029 1486 2294 1576 placide
2334 1501 2398 1555 et
2447 1488 2844 1556 humaniter
2889 1509 3158 1577 respon-

647 1574 856 1642 deret.
910 1573 1161 1642 Videns
1210 1586 1436 1643 autem
1488 1576 1909 1645 atrocitatem
1963 1575 2192 1645 vultus
2241 1574 2453 1655 illius,
2513 1587 2578 1643 et
2624 1576 2984 1647 oculorum
3036 1592 3159 1644 tor-

646 1663 917 1731 vitatem
972 1676 1173 1749 atque
1222 1663 1553 1732 feritatem
1605 1664 1970 1732 verborum
2020 1677 2083 1732 et
2113 1663 2340 1734 cordis
2373 1663 2726 1744 duritiam,
2786 1688 2872 1735 ne
2915 1673 3160 1753 marga-

647 1751 813 1821 ritas
861 1763 1015 1818 ante
1068 1773 1308 1841 porcos
1350 1753 1661 1837 jactaret,
1708 1753 1933 1820 statim
1985 1753 2349 1821 conticuit:
2393 1764 2458 1821 et
2491 1774 2725 1822 versus
2774 1755 2860 1824 ad
2907 1753 3156 1821 socium

646 1862 852 1926 quem
903 1862 1133 1909 secum
1188 1840 1509 1910 babebat:
1567 1842 1910 1921 «Insanit,
1966 1840 2210 1927 inquit,
2250 1840 2360 1909 hic
2393 1842 2635 1911 homo:
2690 1843 2808 1911 sed
2867 1842 3159 1910 futurum

645 1941 748 1998 est
779 1928 989 2006 brevi,
1035 1942 1110 1998 ut
1141 1942 1511 1999 retrorsum
1546 1930 1770 2009 cadat,
1809 1941 1876 1997 et
1901 1929 2101 1999 detur
2136 1929 2436 1998 inimicis
2464 1931 2610 1999 suis
2641 1931 2723 1998 ad
2754 1929 3156 2020 capiendum

646 2029 710 2085 et
743 2016 1255 2103 illaqueandum
1292 2032 1356 2086 et
1403 2018 2043 2092 conculcandum.»
2093 2022 2272 2087 Haec
2305 2018 2496 2094 dixit,
2542 2032 2607 2087 et
2655 2019 2724 2086 in
2780 2019 3010 2087 eadem
3062 2039 3158 2084 se·

648 2106 956 2196 ptimana
1007 2106 1366 2175 verborum
1417 2107 1699 2175 ess'ectus
1747 2106 2160 2176 subsecutus
2185 2119 2309 2186 est;
2344 2129 2500 2175 nam
2551 2121 2617 2175 et
2653 2121 2899 2197 captus
2926 2107 3010 2175 ab
3039 2105 3157 2172 ini-

647 2194 869 2272 micis,
906 2193 1218 2264 detentus
1264 2207 1385 2263 est.
1424 2198 1601 2264 Haec
1652 2195 1804 2265 ideo
1862 2194 2042 2264 dicta
2107 2196 2367 2265 noverit
2415 2195 2644 2276 leotor,
2685 2210 2761 2264 ut
2815 2210 2880 2265 et
2929 2197 2993 2264 in
3038 2195 3154 2262 hoc

648 2284 751 2351 vir
802 2283 909 2350 Dei
953 2283 1273 2372 spiritum
1329 2283 1722 2374 prophetiae
1772 2283 2099 2354 habuisse
2129 2284 2469 2353 credatur.

737 2374 772 2458 ξ
818 2375 970 2444 19.
1025 2377 1102 2440 Et
1138 2371 1516 2461 procedens
1565 2372 1746 2452 inde,
1797 2373 1977 2442 venit
2024 2371 2110 2441 ad
2165 2373 2541 2462 proximam
2578 2372 2811 2441 villam
2860 2394 3029 2459 quae
3060 2393 3159 2438 vo-

646 2474 841 2531 catur
893 2463 1159 2531 Cauroz‘.
1213 2466 1290 2530 Et
1333 2460 1497 2547 quia
1544 2459 1726 2530 sama
1767 2460 1850 2530 de
1889 2482 1967 2531 eo
1999 2463 2144 2551 jam
2180 2461 2487 2549 undique
2517 2461 3014 2552 percrebuerat,
3051 2481 3159 2550 po-

646 2549 856 2640 pulus
904 2550 988 2618 de
1033 2550 1269 2618 eadem
1319 2550 1569 2619 vicinia
1616 2551 1698 2619 ad
1753 2550 2176 2620 audiendum
2209 2573 2591 2620 sermonem
2629 2546 3040 2621 confluebat.
3091 2553 3157 2616 Et

645 2652 797 2728 post
830 2637 1349 2707 celebrationem
1386 2639 1628 2708 Missae
1674 2639 1910 2709 audito
1939 2639 2269 2725 finitoque
2300 2661 2633 2718 sermone,
2671 2639 2853 2709 sicut
2885 2660 3156 2710 consue-

645 2740 852 2807 verat,
915 2726 997 2795 de
1059 2749 1228 2826 pace
1274 2741 1341 2828 et
1384 2728 1775 2808 concordia,
1832 2741 1918 2804 et,
1974 2729 2031 2798 si
2081 2728 2257 2797 inter
2303 2751 2419 2797 eos
2481 2728 2758 2815 aliquod
2805 2726 3154 2798 dissidium

642 2829 838 2895 esset,
884 2828 1104 2905 coepit
1154 2837 1521 2902 inquirere.
1582 2822 1748 2886 Cum
1799 2831 2026 2886 autem
2090 2819 2522 2885 nominarent
2571 2817 2747 2885 inter
2797 2839 2914 2886 eos
2971 2836 3156 2902 quos-

642 2904 799 2972 dam
850 2903 1343 2985 discordantes,
1400 2906 1620 2995 coepit
1666 2927 1782 2974 eos
1832 2905 2078 2974 humili
2129 2906 2593 2975 exhortatione
2647 2928 2683 2973 a
2735 2905 2980 2975 veteris
3025 2900 3150 2972 odii

639 2993 808 3061 rixis
858 3004 1192 3062 revocare.
1249 2993 1376 3062 Sed
1434 3016 1593 3063 cum
1644 3016 1831 3063 unus
1877 3016 1958 3062 ex
2003 2995 2124 3073 eis,
2190 2994 2426 3065 multis
2478 3007 2779 3094 rogatus-
2825 2993 3148 3084 precibus,

640 3080 1038 3150 nullatenus
1080 3081 1387 3170 petitioni
1435 3082 1585 3171 ejus
1632 3096 1698 3152 et
1758 3085 2069 3152 omnium
2121 3083 2718 3153 circumstantium
2775 3082 3150 3169 acquiesce-

638 3184 761 3249 ret,
814 3170 995 3239 soras
1043 3169 1279 3252 exiliit,
1333 3172 1715 3247 ascendens
1746 3193 2001 3257 equum
2045 3193 2249 3240 suum
2299 3171 2531 3259 (miles
2580 3172 2767 3239 enim
2816 3170 3006 3258 erat),
3060 3167 3152 3234 ni-

639 3260 907 3328 tebatur
936 3258 1192 3349 sugere.
1241 3258 1363 3328 Sed
1402 3281 1562 3329 cum
1605 3259 1994 3329 calcaribus
2042 3259 2303 3330 sortiter
2351 3260 2595 3329 iterum
2646 3273 2854 3346 atque
2918 3259 3150 3327 iterum

639 3349 911 3439 urgeret
961 3369 1171 3427 eum,
1244 3348 1638 3417 nullatenus
1699 3349 1795 3417 vel
1850 3370 2130 3437 passum
2190 3371 2408 3418 unum
2476 3349 2695 3439 potuit
2771 3346 3144 3438 procedere.

639 3437 1058 3507 Exeuntibus
1106 3449 1332 3505 autem
1383 3437 1666 3507 caeteris
1705 3438 1825 3524 qui
1866 3437 1934 3505 in
1983 3437 2268 3506 ecclesia
2322 3453 2820 3517 remanserant,
2857 3450 2921 3505 et
2962 3431 3148 3503 undi-

639 3548 773 3613 que
803 3525 1372 3595 concurrentibus
1418 3548 1578 3595 cum
1631 3538 1912 3615 stupore
1958 3538 2024 3594 et
2069 3525 2522 3595 admiratione
2588 3526 2828 3605 nimia,
2882 3521 3147 3611 quidam

641 3613 1135 3685 subsannando
1182 3614 1502 3690 clamare,
1540 3613 1824 3700 quidam
1873 3613 2303 3683 condolendo
2352 3615 2507 3683 flere
2556 3628 2949 3704 coeperunt.
3004 3614 3148 3679 Om-

639 3723 763 3770 nes
812 3715 1033 3770 tamen
1086 3723 1225 3770 una
1264 3724 1423 3772 voce
1462 3708 1670 3772 Deum
1728 3702 2102 3772 laudabant
2147 3702 2268 3789 qui
2321 3703 2386 3771 in
2439 3703 2696 3773 sanctis
2734 3703 2880 3774 suis
2918 3698 3149 3797 glorio-

641 3814 763 3860 sus
809 3803 931 3871 est,
984 3801 1049 3858 et
1098 3790 1351 3859 ibidem
1403 3791 1576 3860 hanc
1608 3791 2007 3861 ostendebat
2052 3789 2368 3881 gloriam.
2406 3790 2526 3860 Ille
2582 3813 2736 3861 vero
2787 3812 2920 3861 non
2962 3806 3149 3884 mini-

639 3900 829 3948 mum
870 3877 1275 3968 pudefactus
1304 3878 1390 3947 ad
1428 3901 1655 3949 vocem
1708 3879 2186 3960 clamantium,
2222 3878 2307 3948 ad
2338 3880 2698 3951 ecelesiam
2740 3900 2965 3948 coram
3016 3892 3145 3941 viro

635 3968 754 4036 Dei
800 3967 1026 4046 rediit,
1071 3981 1136 4037 et
1168 3979 1549 4057 prostratus
1599 3968 1865 4036 veniam
1905 3981 2140 4057 petens
2174 3968 2355 4055 quod
2397 3969 2592 4059 prius
2640 3970 2727 4039 ab
2765 3990 2843 4037 eo
2895 3961 3148 4057 peteba-

638 4067 770 4136 tur,
808 4069 1240 4144 quantocyus
1270 4056 1492 4126 libens
1530 4058 1799 4136 annuit,
1836 4066 1906 4126 et*
1947 4056 2447 4127 absolutionem
2481 4057 2665 4144 quod
2699 4068 3005 4128 sanctum
3057 4070 3146 4115 vt-

637 4166 795 4214 rum
842 4145 954 4213 Dei
1013 4144 1428 4226 offendisset,
1468 4145 1661 4235 petiit
1700 4158 1764 4215 et
1803 4145 2086 4235 accepit.
2133 4151 2210 4214 Et
2258 4146 2358 4215 sic
2411 4145 2770 4235 impletum
2823 4156 2922 4214 est
2970 4141 3034 4207 in
3073 4156 3144 4205 eo

636 4234 820 4321 quod
870 4233 1202 4323 scriptum
1254 4246 1390 4303 est:
1444 4237 1656 4324 Imple
1678 4236 1888 4323 facies
1914 4257 2141 4304 eorum
2171 4237 2565 4325 iynominict,
2598 4246 2659 4305 et
2693 4239 3007 4325 quaerent
3039 4246 3146 4293 no·

638 4345 788 4392 men
835 4331 1024 4391 tuum
1070 4325 1343 4391 Domine
1384 4326 1605 4408 (Psal.
1643 4323 1781 4412 82).

727 4414 763 4499 ξ
813 4415 980 4484 20.
1035 4411 1284 4481 Eodem
1314 4433 1494 4480 anno
1522 4411 1807 4502 contigit
1843 4412 2078 4483 beatae
2104 4412 2475 4481 memoriae
2498 4411 2839 4482 Gelasium
2877 4412 3138 4495 Papam,

2935 4642 2990 4707 Q
