<?xml version="1.0" encoding="UTF-8"?>
<!DOCTYPE html PUBLIC "-//W3C//DTD XHTML 1.0 Transitional//EN"
    "http://www.w3.org/TR/xhtml1/DTD/xhtml1-transitional.dtd">
<html xmlns="http://www.w3.org/1999/xhtml" xml:lang="en" lang="en">
 <head>
  <title>
</title>
<meta http-equiv="Content-Type" content="text/html;charset=utf-8" />
  <meta name='ocr-system' content='tesseract 3.04.00' />
  <meta name='ocr-capabilities' content='ocr_page ocr_carea ocr_par ocr_line ocrx_word'/>
</head>
<body>
  <div class='ocr_page' id='page_1' title='image "./historiaeseuvit02lippgoog_0090.png"; bbox 0 0 3357 4995; ppageno 0'>
   <div class='ocr_carea' id='block_1_1' title="bbox 671 290 3154 356">
    <p class='ocr_par' dir='ltr' id='par_1_1' title="bbox 671 290 3154 356">
     <span class='ocr_line' id='line_1_1' title="bbox 671 290 3154 356; baseline -0 0"><span class='ocrx_word' id='word_1_1' title='bbox 671 292 755 356; x_wconf 73' lang='lat'>82</span> <span class='ocrx_word' id='word_1_2' title='bbox 1135 306 1474 354; x_wconf 54' lang='lat' dir='ltr'>mansur.</span> <span class='ocrx_word' id='word_1_3' title='bbox 1530 305 1622 354; x_wconf 88' lang='lat' dir='ltr'>ss.</span> <span class='ocrx_word' id='word_1_4' title='bbox 1677 308 1792 354; x_wconf 69' lang='grc' dir='ltr'>ιω.</span> <span class='ocrx_word' id='word_1_5' title='bbox 1848 308 2027 354; x_wconf 69' lang='lat' dir='ltr'>Parni</span> <span class='ocrx_word' id='word_1_6' title='bbox 2075 307 2151 354; x_wconf 79' lang='lat' dir='ltr'>ET</span> <span class='ocrx_word' id='word_1_7' title='bbox 2199 306 2576 355; x_wconf 51' lang='lat' dir='ltr'>mirificatum</span> <span class='ocrx_word' id='word_1_8' title='bbox 2767 306 2782 333; x_wconf 55' lang='lat'>³-</span> <span class='ocrx_word' id='word_1_9' title='bbox 2823 290 3049 356; x_wconf 86' lang='lat' dir='ltr'>JUNII</span> <span class='ocrx_word' id='word_1_10' title='bbox 3097 294 3154 355; x_wconf 73' lang='lat'><strong>2</strong></span> 
     </span>
    </p>
   </div>
   <div class='ocr_carea' id='block_1_2' title="bbox 578 387 3158 4490">
    <p class='ocr_par' dir='ltr' id='par_1_2' title="bbox 579 387 3158 1257">
     <span class='ocr_line' id='line_1_2' title="bbox 581 387 3155 477; baseline 0.001 -19"><span class='ocrx_word' id='word_1_11' title='bbox 581 394 734 461; x_wconf 76' lang='lat' dir='ltr'>est?</span> <span class='ocrx_word' id='word_1_12' title='bbox 766 389 849 458; x_wconf 92' lang='lat' dir='ltr'>Hi</span> <span class='ocrx_word' id='word_1_13' title='bbox 886 409 1042 458; x_wconf 86' lang='lat' dir='ltr'>vero</span> <span class='ocrx_word' id='word_1_14' title='bbox 1075 388 1195 475; x_wconf 92' lang='lat' dir='ltr'>qui</span> <span class='ocrx_word' id='word_1_15' title='bbox 1228 408 1389 458; x_wconf 90' lang='lat' dir='ltr'>eum</span> <span class='ocrx_word' id='word_1_16' title='bbox 1431 387 1691 457; x_wconf 86' lang='lat' dir='ltr'>ibidem</span> <span class='ocrx_word' id='word_1_17' title='bbox 1723 387 2164 468; x_wconf 88' lang='lat' dir='ltr'>dimiserunt,</span> <span class='ocrx_word' id='word_1_18' title='bbox 2201 401 2564 477; x_wconf 81' lang='lat' dir='ltr'><strong>postquam</strong></span> <span class='ocrx_word' id='word_1_19' title='bbox 2602 389 2856 458; x_wconf 90' lang='lat' dir='ltr'>reversi</span> <span class='ocrx_word' id='word_1_20' title='bbox 2882 411 3155 460; x_wconf 87' lang='lat' dir='ltr'>sanum</span> 
     </span>
     <span class='ocr_line' id='line_1_3' title="bbox 582 475 3157 566; baseline 0 -18"><span class='ocrx_word' id='word_1_21' title='bbox 582 491 648 548; x_wconf 89' lang='lat' dir='ltr'>et</span> <span class='ocrx_word' id='word_1_22' title='bbox 685 478 933 547; x_wconf 90' lang='lat' dir='ltr'>mentis</span> <span class='ocrx_word' id='word_1_23' title='bbox 981 499 1061 546; x_wconf 90' lang='lat' dir='ltr'>ac</span> <span class='ocrx_word' id='word_1_24' title='bbox 1111 475 1484 546; x_wconf 84' lang='lat' dir='ltr'>memoriae</span> <span class='ocrx_word' id='word_1_25' title='bbox 1533 497 1702 546; x_wconf 91' lang='lat' dir='ltr'>suae</span> <span class='ocrx_word' id='word_1_26' title='bbox 1739 488 2125 566; x_wconf 90' lang='lat' dir='ltr'>compotem</span> <span class='ocrx_word' id='word_1_27' title='bbox 2171 475 2605 558; x_wconf 89' lang='lat' dir='ltr'>invenerunt,</span> <span class='ocrx_word' id='word_1_28' title='bbox 2659 476 2817 547; x_wconf 92' lang='lat' dir='ltr'>laeti</span> <span class='ocrx_word' id='word_1_29' title='bbox 2865 490 2932 547; x_wconf 92' lang='lat' dir='ltr'>et</span> <span class='ocrx_word' id='word_1_30' title='bbox 2993 478 3157 548; x_wconf 91' lang='lat' dir='ltr'>lau·</span> 
     </span>
     <span class='ocr_line' id='line_1_4' title="bbox 585 565 3158 658; baseline 0.001 -23"><span class='ocrx_word' id='word_1_31' title='bbox 585 567 825 637; x_wconf 90' lang='lat' dir='ltr'>dantes</span> <span class='ocrx_word' id='word_1_32' title='bbox 876 570 1087 634; x_wconf 92' lang='lat' dir='ltr'>Deum</span> <span class='ocrx_word' id='word_1_33' title='bbox 1138 565 1350 635; x_wconf 90' lang='lat' dir='ltr'>simul</span> <span class='ocrx_word' id='word_1_34' title='bbox 1403 586 1562 635; x_wconf 90' lang='lat' dir='ltr'>cum</span> <span class='ocrx_word' id='word_1_35' title='bbox 1595 586 1675 635; x_wconf 93' lang='lat' dir='ltr'>eo</span> <span class='ocrx_word' id='word_1_36' title='bbox 1725 565 1810 634; x_wconf 90' lang='lat' dir='ltr'>ad</span> <span class='ocrx_word' id='word_1_37' title='bbox 1861 566 2143 655; x_wconf 88' lang='lat' dir='ltr'>propria</span> <span class='ocrx_word' id='word_1_38' title='bbox 2173 586 2244 634; x_wconf 93' lang='lat' dir='ltr'>re</span> <span class='ocrx_word' id='word_1_39' title='bbox 2299 566 2469 635; x_wconf 90' lang='lat' dir='ltr'>ressi</span> <span class='ocrx_word' id='word_1_40' title='bbox 2503 580 2689 637; x_wconf 89' lang='lat' dir='ltr'>sunt.</span> <span class='ocrx_word' id='word_1_41' title='bbox 2728 571 2870 637; x_wconf 91' lang='lat' dir='ltr'>Hoc</span> <span class='ocrx_word' id='word_1_42' title='bbox 2906 567 2999 636; x_wconf 94' lang='lat' dir='ltr'>ita</span> <span class='ocrx_word' id='word_1_43' title='bbox 3025 590 3158 658; x_wconf 85' lang='lat' dir='ltr'>ge-</span> 
     </span>
     <span class='ocr_line' id='line_1_5' title="bbox 585 653 3157 746; baseline 0 -22"><span class='ocrx_word' id='word_1_44' title='bbox 585 669 793 736; x_wconf 89' lang='lat' dir='ltr'>stum,</span> <span class='ocrx_word' id='word_1_45' title='bbox 833 675 967 723; x_wconf 93' lang='lat' dir='ltr'>non</span> <span class='ocrx_word' id='word_1_46' title='bbox 1019 653 1491 741; x_wconf 90' lang='lat' dir='ltr'>quorumlibet</span> <span class='ocrx_word' id='word_1_47' title='bbox 1538 653 1817 723; x_wconf 88' lang='lat' dir='ltr'>testium</span> <span class='ocrx_word' id='word_1_48' title='bbox 1860 653 2191 724; x_wconf 83' lang='lat' dir='ltr'>relatione</span> <span class='ocrx_word' id='word_1_49' title='bbox 2282 653 2633 735; x_wconf 80' lang='lat' dir='ltr'>idicimuS,</span> <span class='ocrx_word' id='word_1_50' title='bbox 2673 654 2790 726; x_wconf 90' lang='lat' dir='ltr'>sed</span> <span class='ocrx_word' id='word_1_51' title='bbox 2842 655 2978 746; x_wconf 93' lang='lat' dir='ltr'>ipsi</span> <span class='ocrx_word' id='word_1_52' title='bbox 3018 678 3157 746; x_wconf 88' lang='lat' dir='ltr'>per</span> 
     </span>
     <span class='ocr_line' id='line_1_6' title="bbox 586 742 3154 833; baseline 0.002 -21"><span class='ocrx_word' id='word_1_53' title='bbox 586 765 736 824; x_wconf 73' lang='grc' dir='ltr'>ιιοε,</span> <span class='ocrx_word' id='word_1_54' title='bbox 795 743 962 830; x_wconf 92' lang='lat' dir='ltr'>quia</span> <span class='ocrx_word' id='word_1_55' title='bbox 1011 743 1269 812; x_wconf 86' lang='lat' dir='ltr'>ibidem</span> <span class='ocrx_word' id='word_1_56' title='bbox 1323 754 1485 811; x_wconf 67' lang='lat' dir='ltr'>tunc</span> <span class='ocrx_word' id='word_1_57' title='bbox 1533 764 1837 823; x_wconf 84' lang='lat' dir='ltr'>eramus,</span> <span class='ocrx_word' id='word_1_58' title='bbox 1880 747 2014 813; x_wconf 90' lang='lat' dir='ltr'>Deo</span> <span class='ocrx_word' id='word_1_59' title='bbox 2066 742 2335 813; x_wconf 89' lang='lat' dir='ltr'>volente</span> <span class='ocrx_word' id='word_1_60' title='bbox 2383 744 2876 833; x_wconf 86' lang='lat' dir='ltr'>cognovimus:</span> <span class='ocrx_word' id='word_1_61' title='bbox 2930 757 3154 833; x_wconf 86' lang='lat' dir='ltr'>atque</span> 
     </span>
     <span class='ocr_line' id='line_1_7' title="bbox 579 830 3149 988; baseline 0.001 -87"><span class='ocrx_word' id='word_1_62' title='bbox 579 832 736 901; x_wconf 88' lang='lat' dir='ltr'>ideo</span> <span class='ocrx_word' id='word_1_63' title='bbox 776 831 1196 903; x_wconf 89' lang='lat' dir='ltr'>fiducialiter</span> <span class='ocrx_word' id='word_1_64' title='bbox 1229 830 1605 901; x_wconf 79' lang='lat' dir='ltr'>scribimus</span> <span class='ocrx_word' id='word_1_65' title='bbox 1651 831 1837 918; x_wconf 90' lang='lat' dir='ltr'>quod</span> <span class='ocrx_word' id='word_1_66' title='bbox 1893 852 2017 903; x_wconf 91' lang='lat' dir='ltr'>nos</span> <span class='ocrx_word' id='word_1_67' title='bbox 2062 831 2351 988; x_wconf 50' lang='lat' dir='ltr'>contigit</span> <span class='ocrx_word' id='word_1_68' title='bbox 2402 831 2701 913; x_wconf 88' lang='lat' dir='ltr'>oculata,</span> <span class='ocrx_word' id='word_1_69' title='bbox 2733 846 2813 902; x_wconf 89' lang='lat' dir='ltr'>ut</span> <span class='ocrx_word' id='word_1_70' title='bbox 2863 833 3149 917; x_wconf 90' lang='lat' dir='ltr'>dicunt,</span> 
     </span>
     <span class='ocr_line' id='line_1_8' title="bbox 582 920 3155 1011; baseline 0.001 -21"><span class='ocrx_word' id='word_1_71' title='bbox 582 921 719 990; x_wconf 90' lang='lat' dir='ltr'>fide</span> <span class='ocrx_word' id='word_1_72' title='bbox 765 941 1201 1011; x_wconf 83' lang='lat' dir='ltr'>cognoscere.</span> <span class='ocrx_word' id='word_1_73' title='bbox 1240 924 1489 990; x_wconf 91' lang='lat' dir='ltr'>Verum</span> <span class='ocrx_word' id='word_1_74' title='bbox 1526 920 1693 1007; x_wconf 87' lang='lat' dir='ltr'>quia</span> <span class='ocrx_word' id='word_1_75' title='bbox 1725 933 1976 990; x_wconf 88' lang='lat' dir='ltr'>cuncta</span> <span class='ocrx_word' id='word_1_76' title='bbox 2013 941 2190 1007; x_wconf 86' lang='lat' dir='ltr'>quae</span> <span class='ocrx_word' id='word_1_77' title='bbox 2280 943 2317 989; x_wconf 91' lang='lat' dir='ltr'>e</span> <span class='ocrx_word' id='word_1_78' title='bbox 2348 933 2734 1010; x_wconf 81' lang='lat' dir='ltr'>martyrum</span> <span class='ocrx_word' id='word_1_79' title='bbox 2765 921 3155 993; x_wconf 85' lang='lat' dir='ltr'>virtutibus</span> 
     </span>
     <span class='ocr_line' id='line_1_9' title="bbox 584 1008 3158 1099; baseline 0 -19"><span class='ocrx_word' id='word_1_80' title='bbox 584 1009 949 1080; x_wconf 90' lang='lat' dir='ltr'>scribenda</span> <span class='ocrx_word' id='word_1_81' title='bbox 1015 1008 1498 1099; x_wconf 81' lang='lat' dir='ltr'>suscepimuS,</span> <span class='ocrx_word' id='word_1_82' title='bbox 1565 1029 2007 1096; x_wconf 80' lang='lat' dir='ltr'>nequaquam</span> <span class='ocrx_word' id='word_1_83' title='bbox 2069 1021 2361 1099; x_wconf 86' lang='lat' dir='ltr'>possunt</span> <span class='ocrx_word' id='word_1_84' title='bbox 2423 1009 2769 1099; x_wconf 83' lang='lat' dir='ltr'>praesenti</span> <span class='ocrx_word' id='word_1_85' title='bbox 2821 1032 3158 1081; x_wconf 87' lang='lat' dir='ltr'>sermone</span> 
     </span>
     <span class='ocr_line' id='line_1_10' title="bbox 583 1096 3154 1188; baseline 0.001 -21"><span class='ocrx_word' id='word_1_86' title='bbox 583 1097 939 1188; x_wconf 88' lang='lat' dir='ltr'>compleri,</span> <span class='ocrx_word' id='word_1_87' title='bbox 987 1096 1102 1166; x_wconf 90' lang='lat' dir='ltr'>hic</span> <span class='ocrx_word' id='word_1_88' title='bbox 1153 1096 1327 1166; x_wconf 91' lang='lat' dir='ltr'>liber</span> <span class='ocrx_word' id='word_1_89' title='bbox 1372 1097 1499 1166; x_wconf 87' lang='lat' dir='ltr'>iste</span> <span class='ocrx_word' id='word_1_90' title='bbox 1546 1096 1759 1167; x_wconf 85' lang='lat' dir='ltr'>finem</span> <span class='ocrx_word' id='word_1_91' title='bbox 1823 1097 2140 1188; x_wconf 87' lang='lat' dir='ltr'>accipiat,</span> <span class='ocrx_word' id='word_1_92' title='bbox 2202 1109 2282 1168; x_wconf 90' lang='lat' dir='ltr'>ut</span> <span class='ocrx_word' id='word_1_93' title='bbox 2343 1120 2423 1168; x_wconf 91' lang='lat' dir='ltr'>ea</span> <span class='ocrx_word' id='word_1_94' title='bbox 2483 1119 2661 1186; x_wconf 90' lang='lat' dir='ltr'>quae</span> <span class='ocrx_word' id='word_1_95' title='bbox 2711 1111 2992 1180; x_wconf 81' lang='lat' dir='ltr'>restant,</span> <span class='ocrx_word' id='word_1_96' title='bbox 3050 1101 3154 1170; x_wconf 88' lang='lat' dir='ltr'>ab</span> 
     </span>
     <span class='ocr_line' id='line_1_11' title="bbox 583 1184 2254 1257; baseline 0 -2"><span class='ocrx_word' id='word_1_97' title='bbox 583 1187 720 1256; x_wconf 91' lang='lat' dir='ltr'>alio</span> <span class='ocrx_word' id='word_1_98' title='bbox 752 1208 1000 1256; x_wconf 90' lang='lat' dir='ltr'>rursus</span> <span class='ocrx_word' id='word_1_99' title='bbox 1034 1184 1312 1255; x_wconf 83' lang='lat' dir='ltr'>exordio</span> <span class='ocrx_word' id='word_1_100' title='bbox 1345 1185 1781 1256; x_wconf 83' lang='lat' dir='ltr'>commodius</span> <span class='ocrx_word' id='word_1_101' title='bbox 1815 1186 2254 1257; x_wconf 88' lang='lat' dir='ltr'>inchoentur.</span> 
     </span>
    </p>

    <p class='ocr_par' dir='ltr' id='par_1_3' title="bbox 579 1273 3155 3138">
     <span class='ocr_line' id='line_1_12' title="bbox 672 1273 3155 1367; baseline 0.002 -23"><span class='ocrx_word' id='word_1_102' title='bbox 672 1280 863 1344; x_wconf 63' lang='lat' dir='ltr'>Lmen</span> <span class='ocrx_word' id='word_1_103' title='bbox 916 1278 1024 1344; x_wconf 92' lang='lat' dir='ltr'>IV.</span> <span class='ocrx_word' id='word_1_104' title='bbox 1076 1277 1113 1361; x_wconf 65' lang='grc' dir='ltr'>ξ</span> <span class='ocrx_word' id='word_1_105' title='bbox 1150 1279 1236 1357; x_wconf 64' lang='lat'>1.</span> <span class='ocrx_word' id='word_1_106' title='bbox 1290 1278 1369 1343; x_wconf 92' lang='lat' dir='ltr'>In</span> <span class='ocrx_word' id='word_1_107' title='bbox 1405 1273 1738 1344; x_wconf 84' lang='lat' dir='ltr'>relatione</span> <span class='ocrx_word' id='word_1_108' title='bbox 1786 1276 2145 1367; x_wconf 87' lang='lat' dir='ltr'>signorum</span> <span class='ocrx_word' id='word_1_109' title='bbox 2183 1287 2388 1363; x_wconf 90' lang='lat' dir='ltr'>atque</span> <span class='ocrx_word' id='word_1_110' title='bbox 2420 1276 2782 1357; x_wconf 89' lang='lat' dir='ltr'>virtutum,</span> <span class='ocrx_word' id='word_1_111' title='bbox 2820 1298 2999 1364; x_wconf 79' lang='lat' dir='ltr'>quas</span> <span class='ocrx_word' id='word_1_112' title='bbox 3028 1299 3155 1348; x_wconf 88' lang='lat' dir='ltr'>me</span> 
     </span>
     <span class='ocr_line' id='line_1_13' title="bbox 586 1352 3151 1455; baseline 0.001 -22"><span class='ocrx_word' id='word_1_113' title='bbox 586 1365 659 1433; x_wconf 91' lang='lat' dir='ltr'>in</span> <span class='ocrx_word' id='word_1_114' title='bbox 692 1364 819 1432; x_wconf 88' lang='lat' dir='ltr'>hoc</span> <span class='ocrx_word' id='word_1_115' title='bbox 854 1362 1031 1433; x_wconf 91' lang='lat' dir='ltr'>libro</span> <span class='ocrx_word' id='word_1_116' title='bbox 1062 1352 1363 1432; x_wconf 77' lang='lat' dir='ltr'>sci-ibere</span> <span class='ocrx_word' id='word_1_117' title='bbox 1410 1362 1581 1432; x_wconf 88' lang='lat' dir='ltr'>velle</span> <span class='ocrx_word' id='word_1_118' title='bbox 1630 1364 1984 1455; x_wconf 84' lang='lat' dir='ltr'>proposui,</span> <span class='ocrx_word' id='word_1_119' title='bbox 2026 1363 2186 1434; x_wconf 90' lang='lat' dir='ltr'>illae</span> <span class='ocrx_word' id='word_1_120' title='bbox 2224 1364 2294 1432; x_wconf 91' lang='lat' dir='ltr'>in</span> <span class='ocrx_word' id='word_1_121' title='bbox 2345 1363 2571 1454; x_wconf 90' lang='lat' dir='ltr'>capite</span> <span class='ocrx_word' id='word_1_122' title='bbox 2618 1365 2982 1454; x_wconf 89' lang='lat' dir='ltr'>ponendae</span> <span class='ocrx_word' id='word_1_123' title='bbox 3038 1368 3151 1435; x_wconf 89' lang='lat' dir='ltr'>vi-</span> 
     </span>
     <span class='ocr_line' id='line_1_14' title="bbox 585 1451 3150 1543; baseline 0.001 -22"><span class='ocrx_word' id='word_1_124' title='bbox 585 1453 839 1522; x_wconf 89' lang='lat' dir='ltr'>dentur</span> <span class='ocrx_word' id='word_1_125' title='bbox 881 1472 1061 1539; x_wconf 89' lang='lat' dir='ltr'>quae</span> <span class='ocrx_word' id='word_1_126' title='bbox 1090 1453 1161 1520; x_wconf 90' lang='lat' dir='ltr'>in</span> <span class='ocrx_word' id='word_1_127' title='bbox 1195 1451 1449 1541; x_wconf 90' lang='lat' dir='ltr'>palatio</span> <span class='ocrx_word' id='word_1_128' title='bbox 1498 1451 1741 1534; x_wconf 76' lang='lat' dir='ltr'>factae,</span> <span class='ocrx_word' id='word_1_129' title='bbox 1779 1474 1916 1523; x_wconf 92' lang='lat' dir='ltr'>non</span> <span class='ocrx_word' id='word_1_130' title='bbox 1951 1452 2179 1523; x_wconf 91' lang='lat' dir='ltr'>solum</span> <span class='ocrx_word' id='word_1_131' title='bbox 2228 1452 2315 1522; x_wconf 91' lang='lat' dir='ltr'>ad</span> <span class='ocrx_word' id='word_1_132' title='bbox 2366 1453 2616 1543; x_wconf 90' lang='lat' dir='ltr'>plebis,</span> <span class='ocrx_word' id='word_1_133' title='bbox 2655 1475 2893 1524; x_wconf 87' lang='lat' dir='ltr'>verum</span> <span class='ocrx_word' id='word_1_134' title='bbox 2921 1456 3150 1524; x_wconf 88' lang='lat' dir='ltr'>etiam</span> 
     </span>
     <span class='ocr_line' id='line_1_15' title="bbox 586 1540 3142 1632; baseline 0.002 -23"><span class='ocrx_word' id='word_1_135' title='bbox 586 1540 671 1609; x_wconf 91' lang='lat' dir='ltr'>ad</span> <span class='ocrx_word' id='word_1_136' title='bbox 710 1540 930 1630; x_wconf 90' lang='lat' dir='ltr'>ipsius</span> <span class='ocrx_word' id='word_1_137' title='bbox 957 1540 1297 1630; x_wconf 89' lang='lat' dir='ltr'>Principis</span> <span class='ocrx_word' id='word_1_138' title='bbox 1329 1562 1408 1609; x_wconf 90' lang='lat' dir='ltr'>ac</span> <span class='ocrx_word' id='word_1_139' title='bbox 1457 1562 1822 1630; x_wconf 89' lang='lat' dir='ltr'>procerum</span> <span class='ocrx_word' id='word_1_140' title='bbox 1871 1542 2047 1632; x_wconf 81' lang='lat' dir='ltr'>ejuS,</span> <span class='ocrx_word' id='word_1_141' title='bbox 2087 1542 2568 1629; x_wconf 88' lang='lat' dir='ltr'>omniumque,</span> <span class='ocrx_word' id='word_1_142' title='bbox 2612 1555 2688 1611; x_wconf 90' lang='lat' dir='ltr'>ut</span> <span class='ocrx_word' id='word_1_143' title='bbox 2743 1543 2837 1612; x_wconf 91' lang='lat' dir='ltr'>ita</span> <span class='ocrx_word' id='word_1_144' title='bbox 2866 1541 3142 1629; x_wconf 84' lang='lat' dir='ltr'>dicam,</span> 
     </span>
     <span class='ocr_line' id='line_1_16' title="bbox 585 1628 3146 1721; baseline 0.001 -22"><span class='ocrx_word' id='word_1_145' title='bbox 585 1628 973 1699; x_wconf 90' lang='lat' dir='ltr'>aulicorum</span> <span class='ocrx_word' id='word_1_146' title='bbox 1011 1650 1376 1719; x_wconf 88' lang='lat' dir='ltr'>pervenere</span> <span class='ocrx_word' id='word_1_147' title='bbox 1422 1629 1777 1699; x_wconf 88' lang='lat' dir='ltr'>notitiam:</span> <span class='ocrx_word' id='word_1_148' title='bbox 1824 1641 1890 1699; x_wconf 90' lang='lat' dir='ltr'>et</span> <span class='ocrx_word' id='word_1_149' title='bbox 1940 1651 2077 1699; x_wconf 91' lang='lat' dir='ltr'>non</span> <span class='ocrx_word' id='word_1_150' title='bbox 2140 1642 2408 1700; x_wconf 90' lang='lat' dir='ltr'>tantum</span> <span class='ocrx_word' id='word_1_151' title='bbox 2473 1652 2598 1721; x_wconf 88' lang='lat' dir='ltr'>pro</span> <span class='ocrx_word' id='word_1_152' title='bbox 2653 1644 2753 1701; x_wconf 90' lang='lat' dir='ltr'>ter</span> <span class='ocrx_word' id='word_1_153' title='bbox 2800 1631 2954 1712; x_wconf 89' lang='lat' dir='ltr'>hoc,</span> <span class='ocrx_word' id='word_1_154' title='bbox 3013 1634 3146 1702; x_wconf 88' lang='lat' dir='ltr'>sed</span> 
     </span>
     <span class='ocr_line' id='line_1_17' title="bbox 585 1717 3151 1808; baseline 0.001 -20"><span class='ocrx_word' id='word_1_155' title='bbox 585 1718 793 1788; x_wconf 91' lang='lat' dir='ltr'>etiam</span> <span class='ocrx_word' id='word_1_156' title='bbox 829 1720 1108 1808; x_wconf 84' lang='lat' dir='ltr'>propter</span> <span class='ocrx_word' id='word_1_157' title='bbox 1139 1717 1313 1787; x_wconf 90' lang='lat' dir='ltr'>illud</span> <span class='ocrx_word' id='word_1_158' title='bbox 1346 1717 1529 1805; x_wconf 91' lang='lat' dir='ltr'>quod</span> <span class='ocrx_word' id='word_1_159' title='bbox 1562 1717 1634 1786; x_wconf 92' lang='lat' dir='ltr'>in</span> <span class='ocrx_word' id='word_1_160' title='bbox 1668 1718 2036 1789; x_wconf 79' lang='lat' dir='ltr'>oratoriolo</span> <span class='ocrx_word' id='word_1_161' title='bbox 2074 1728 2308 1789; x_wconf 89' lang='lat' dir='ltr'>nostro</span> <span class='ocrx_word' id='word_1_162' title='bbox 2346 1719 2468 1790; x_wconf 91' lang='lat' dir='ltr'>ubi</span> <span class='ocrx_word' id='word_1_163' title='bbox 2507 1741 2586 1789; x_wconf 87' lang='lat' dir='ltr'>ea</span> <span class='ocrx_word' id='word_1_164' title='bbox 2640 1742 2749 1789; x_wconf 89' lang='lat' dir='ltr'>em</span> <span class='ocrx_word' id='word_1_165' title='bbox 2793 1722 3151 1791; x_wconf 90' lang='lat' dir='ltr'>miracula</span> 
     </span>
     <span class='ocr_line' id='line_1_18' title="bbox 587 1806 3153 1897; baseline 0.002 -21"><span class='ocrx_word' id='word_1_166' title='bbox 587 1819 779 1897; x_wconf 90' lang='lat' dir='ltr'>gesta</span> <span class='ocrx_word' id='word_1_167' title='bbox 813 1818 999 1887; x_wconf 91' lang='lat' dir='ltr'>sunt,</span> <span class='ocrx_word' id='word_1_168' title='bbox 1038 1827 1171 1875; x_wconf 91' lang='lat' dir='ltr'>non</span> <span class='ocrx_word' id='word_1_169' title='bbox 1206 1806 1382 1877; x_wconf 86' lang='lat' dir='ltr'>aliae</span> <span class='ocrx_word' id='word_1_170' title='bbox 1412 1818 1576 1876; x_wconf 88' lang='lat' dir='ltr'>tunc</span> <span class='ocrx_word' id='word_1_171' title='bbox 1610 1807 2216 1897; x_wconf 77' lang='lat' dir='ltr'>temporis‚&#39;quam</span> <span class='ocrx_word' id='word_1_172' title='bbox 2258 1808 2620 1878; x_wconf 88' lang='lat' dir='ltr'>beatorum</span> <span class='ocrx_word' id='word_1_173' title='bbox 2650 1809 3037 1878; x_wconf 84' lang='lat' dir='ltr'>Marcellini</span> <span class='ocrx_word' id='word_1_174' title='bbox 3080 1824 3153 1880; x_wconf 90' lang='lat' dir='ltr'>et</span> 
     </span>
     <span class='ocr_line' id='line_1_19' title="bbox 586 1894 3150 1989; baseline 0.001 -25"><span class='ocrx_word' id='word_1_175' title='bbox 586 1895 763 1964; x_wconf 92' lang='lat' dir='ltr'>Petri</span> <span class='ocrx_word' id='word_1_176' title='bbox 811 1894 1144 1981; x_wconf 89' lang='lat' dir='ltr'>reliquiae</span> <span class='ocrx_word' id='word_1_177' title='bbox 1190 1894 1505 1965; x_wconf 89' lang='lat' dir='ltr'>fuerunt:</span> <span class='ocrx_word' id='word_1_178' title='bbox 1567 1906 1645 1966; x_wconf 91' lang='lat' dir='ltr'>ut</span> <span class='ocrx_word' id='word_1_179' title='bbox 1695 1895 2028 1984; x_wconf 90' lang='lat' dir='ltr'>quicquid</span> <span class='ocrx_word' id='word_1_180' title='bbox 2073 1895 2170 1966; x_wconf 90' lang='lat' dir='ltr'>ibi</span> <span class='ocrx_word' id='word_1_181' title='bbox 2211 1897 2588 1967; x_wconf 89' lang='lat' dir='ltr'>sanitatum</span> <span class='ocrx_word' id='word_1_182' title='bbox 2640 1910 2846 1984; x_wconf 91' lang='lat' dir='ltr'>atque</span> <span class='ocrx_word' id='word_1_183' title='bbox 2893 1898 3150 1989; x_wconf 88' lang='lat' dir='ltr'>signo-</span> 
     </span>
     <span class='ocr_line' id='line_1_20' title="bbox 585 1981 3149 2077; baseline 0.002 -24"><span class='ocrx_word' id='word_1_184' title='bbox 585 2006 743 2054; x_wconf 90' lang='lat' dir='ltr'>rum</span> <span class='ocrx_word' id='word_1_185' title='bbox 776 1981 1034 2054; x_wconf 85' lang='lat' dir='ltr'>factum</span> <span class='ocrx_word' id='word_1_186' title='bbox 1084 2006 1233 2055; x_wconf 89' lang='lat' dir='ltr'>esse</span> <span class='ocrx_word' id='word_1_187' title='bbox 1280 1984 1743 2074; x_wconf 81' lang='lat' dir='ltr'>cognoscitur,</span> <span class='ocrx_word' id='word_1_188' title='bbox 1786 1985 2233 2074; x_wconf 85' lang='lat' dir='ltr'>singulariter</span> <span class='ocrx_word' id='word_1_189' title='bbox 2258 2007 2336 2056; x_wconf 91' lang='lat' dir='ltr'>ac</span> <span class='ocrx_word' id='word_1_190' title='bbox 2365 1986 2644 2075; x_wconf 88' lang='lat' dir='ltr'>proprie</span> <span class='ocrx_word' id='word_1_191' title='bbox 2682 1986 2767 2055; x_wconf 88' lang='lat' dir='ltr'>ad</span> <span class='ocrx_word' id='word_1_192' title='bbox 2796 1985 2966 2056; x_wconf 88' lang='lat' dir='ltr'>illos</span> <span class='ocrx_word' id='word_1_193' title='bbox 2986 2008 3149 2077; x_wconf 89' lang='lat' dir='ltr'>per-</span> 
     </span>
     <span class='ocr_line' id='line_1_21' title="bbox 588 2071 3144 2162; baseline 0.002 -21"><span class='ocrx_word' id='word_1_194' title='bbox 588 2072 805 2141; x_wconf 88' lang='lat' dir='ltr'>tinere</span> <span class='ocrx_word' id='word_1_195' title='bbox 837 2094 916 2141; x_wconf 93' lang='lat' dir='ltr'>ac</span> <span class='ocrx_word' id='word_1_196' title='bbox 951 2071 1185 2142; x_wconf 83' lang='lat' dir='ltr'>referri</span> <span class='ocrx_word' id='word_1_197' title='bbox 1219 2072 1485 2153; x_wconf 87' lang='lat' dir='ltr'>debeat,</span> <span class='ocrx_word' id='word_1_198' title='bbox 1538 2093 1834 2159; x_wconf 87' lang='lat' dir='ltr'>quorum</span> <span class='ocrx_word' id='word_1_199' title='bbox 1875 2073 2054 2145; x_wconf 90' lang='lat' dir='ltr'>solas</span> <span class='ocrx_word' id='word_1_200' title='bbox 2079 2085 2347 2144; x_wconf 88' lang='lat' dir='ltr'>constat</span> <span class='ocrx_word' id='word_1_201' title='bbox 2378 2074 2476 2143; x_wconf 92' lang='lat' dir='ltr'>ibi</span> <span class='ocrx_word' id='word_1_202' title='bbox 2507 2073 2722 2146; x_wconf 87' lang='lat' dir='ltr'>fuisse</span> <span class='ocrx_word' id='word_1_203' title='bbox 2749 2074 3144 2162; x_wconf 80' lang='lat' dir='ltr'>Reliquias,</span> 
     </span>
     <span class='ocr_line' id='line_1_22' title="bbox 589 2160 3147 2251; baseline 0.002 -22"><span class='ocrx_word' id='word_1_204' title='bbox 589 2166 921 2231; x_wconf 88' lang='lat' dir='ltr'>Fecerunt</span> <span class='ocrx_word' id='word_1_205' title='bbox 971 2160 1178 2230; x_wconf 90' lang='lat' dir='ltr'>iidem</span> <span class='ocrx_word' id='word_1_206' title='bbox 1211 2161 1593 2231; x_wconf 90' lang='lat' dir='ltr'>beatissimi</span> <span class='ocrx_word' id='word_1_207' title='bbox 1624 2174 1986 2251; x_wconf 84' lang='lat' dir='ltr'>martyres,</span> <span class='ocrx_word' id='word_1_208' title='bbox 2024 2162 2205 2232; x_wconf 89' lang='lat' dir='ltr'>sicut</span> <span class='ocrx_word' id='word_1_209' title='bbox 2244 2162 2315 2231; x_wconf 93' lang='lat' dir='ltr'>in</span> <span class='ocrx_word' id='word_1_210' title='bbox 2353 2162 2807 2249; x_wconf 90' lang='lat' dir='ltr'>sequentibus</span> <span class='ocrx_word' id='word_1_211' title='bbox 2842 2162 3147 2234; x_wconf 89' lang='lat' dir='ltr'>demon-</span> 
     </span>
     <span class='ocr_line' id='line_1_23' title="bbox 589 2248 3148 2340; baseline 0.001 -21"><span class='ocrx_word' id='word_1_212' title='bbox 589 2249 990 2329; x_wconf 89' lang='lat' dir='ltr'>strabimus,</span> <span class='ocrx_word' id='word_1_213' title='bbox 1031 2250 1099 2318; x_wconf 92' lang='lat' dir='ltr'>in</span> <span class='ocrx_word' id='word_1_214' title='bbox 1144 2248 1440 2320; x_wconf 90' lang='lat' dir='ltr'>aliorum</span> <span class='ocrx_word' id='word_1_215' title='bbox 1475 2254 1885 2320; x_wconf 90' lang='lat' dir='ltr'>Sanctorum</span> <span class='ocrx_word' id='word_1_216' title='bbox 1919 2249 2089 2322; x_wconf 91' lang='lat' dir='ltr'>locis</span> <span class='ocrx_word' id='word_1_217' title='bbox 2140 2250 2396 2321; x_wconf 88' lang='lat' dir='ltr'>multas</span> <span class='ocrx_word' id='word_1_218' title='bbox 2425 2252 2712 2321; x_wconf 88' lang='lat' dir='ltr'>virtutes</span> <span class='ocrx_word' id='word_1_219' title='bbox 2759 2266 2967 2340; x_wconf 89' lang='lat' dir='ltr'>atque</span> <span class='ocrx_word' id='word_1_220' title='bbox 3005 2256 3148 2322; x_wconf 90' lang='lat' dir='ltr'>mi—</span> 
     </span>
     <span class='ocr_line' id='line_1_24' title="bbox 586 2338 3148 2426; baseline 0.001 -18"><span class='ocrx_word' id='word_1_221' title='bbox 586 2338 848 2419; x_wconf 89' lang='lat' dir='ltr'>racula,</span> <span class='ocrx_word' id='word_1_222' title='bbox 892 2359 1068 2426; x_wconf 89' lang='lat' dir='ltr'>quae</span> <span class='ocrx_word' id='word_1_223' title='bbox 1098 2338 1518 2425; x_wconf 90' lang='lat' dir='ltr'>quibusdam</span> <span class='ocrx_word' id='word_1_224' title='bbox 1553 2338 1736 2409; x_wconf 85' lang='lat' dir='ltr'>velut</span> <span class='ocrx_word' id='word_1_225' title='bbox 1768 2339 2193 2419; x_wconf 88' lang='lat' dir='ltr'>communia,</span> <span class='ocrx_word' id='word_1_226' title='bbox 2234 2339 2375 2409; x_wconf 80' lang='lat' dir='ltr'>illis</span> <span class='ocrx_word' id='word_1_227' title='bbox 2422 2362 2582 2410; x_wconf 87' lang='lat' dir='ltr'>cum</span> <span class='ocrx_word' id='word_1_228' title='bbox 2620 2339 2731 2409; x_wconf 89' lang='lat' dir='ltr'>his</span> <span class='ocrx_word' id='word_1_229' title='bbox 2765 2342 3042 2411; x_wconf 87' lang='lat' dir='ltr'>Sanctis</span> <span class='ocrx_word' id='word_1_230' title='bbox 3073 2344 3148 2411; x_wconf 92' lang='lat' dir='ltr'>in</span> 
     </span>
     <span class='ocr_line' id='line_1_25' title="bbox 586 2426 3150 2520; baseline 0.002 -23"><span class='ocrx_word' id='word_1_231' title='bbox 586 2448 882 2517; x_wconf 89' lang='lat' dir='ltr'>quorum</span> <span class='ocrx_word' id='word_1_232' title='bbox 936 2426 1240 2497; x_wconf 88' lang='lat' dir='ltr'>basilicis</span> <span class='ocrx_word' id='word_1_233' title='bbox 1273 2426 1451 2497; x_wconf 87' lang='lat' dir='ltr'>facta</span> <span class='ocrx_word' id='word_1_234' title='bbox 1499 2439 1684 2509; x_wconf 87' lang='lat' dir='ltr'>sunt,</span> <span class='ocrx_word' id='word_1_235' title='bbox 1725 2448 1862 2496; x_wconf 92' lang='lat' dir='ltr'>non</span> <span class='ocrx_word' id='word_1_236' title='bbox 1904 2428 2249 2497; x_wconf 91' lang='lat' dir='ltr'>immerito</span> <span class='ocrx_word' id='word_1_237' title='bbox 2283 2428 2500 2497; x_wconf 88' lang='lat' dir='ltr'>videri</span> <span class='ocrx_word' id='word_1_238' title='bbox 2540 2442 2856 2520; x_wconf 88' lang='lat' dir='ltr'>possunt,</span> <span class='ocrx_word' id='word_1_239' title='bbox 2890 2430 3150 2506; x_wconf 83' lang='lat' dir='ltr'>obhoc</span> 
     </span>
     <span class='ocr_line' id='line_1_26' title="bbox 586 2516 3141 2608; baseline 0.001 -22"><span class='ocrx_word' id='word_1_240' title='bbox 586 2517 983 2608; x_wconf 88' lang='lat' dir='ltr'>praecipue,</span> <span class='ocrx_word' id='word_1_241' title='bbox 1038 2517 1363 2604; x_wconf 88' lang='lat' dir='ltr'>quoniam</span> <span class='ocrx_word' id='word_1_242' title='bbox 1420 2518 1544 2604; x_wconf 88' lang='lat' dir='ltr'>qui</span> <span class='ocrx_word' id='word_1_243' title='bbox 1596 2516 1784 2607; x_wconf 92' lang='lat' dir='ltr'>apud</span> <span class='ocrx_word' id='word_1_244' title='bbox 1835 2522 2046 2586; x_wconf 91' lang='lat' dir='ltr'>Deum</span> <span class='ocrx_word' id='word_1_245' title='bbox 2097 2518 2408 2605; x_wconf 89' lang='lat' dir='ltr'>aequalis</span> <span class='ocrx_word' id='word_1_246' title='bbox 2441 2518 2826 2589; x_wconf 89' lang='lat' dir='ltr'>creduntur</span> <span class='ocrx_word' id='word_1_247' title='bbox 2874 2522 3141 2600; x_wconf 89' lang='lat' dir='ltr'>meriti,</span> 
     </span>
     <span class='ocr_line' id='line_1_27' title="bbox 585 2604 3149 2699; baseline 0.002 -24"><span class='ocrx_word' id='word_1_248' title='bbox 585 2629 723 2676; x_wconf 91' lang='lat' dir='ltr'>non</span> <span class='ocrx_word' id='word_1_249' title='bbox 775 2604 1075 2676; x_wconf 88' lang='lat' dir='ltr'>absurde</span> <span class='ocrx_word' id='word_1_250' title='bbox 1116 2618 1449 2695; x_wconf 87' lang='lat' dir='ltr'>putantur</span> <span class='ocrx_word' id='word_1_251' title='bbox 1512 2607 1581 2674; x_wconf 91' lang='lat' dir='ltr'>in</span> <span class='ocrx_word' id='word_1_252' title='bbox 1627 2605 1983 2696; x_wconf 88' lang='lat' dir='ltr'>patrandis</span> <span class='ocrx_word' id='word_1_253' title='bbox 2033 2606 2394 2676; x_wconf 87' lang='lat' dir='ltr'>miraculis</span> <span class='ocrx_word' id='word_1_254' title='bbox 2452 2608 2922 2677; x_wconf 88' lang='lat' dir='ltr'>communiter</span> <span class='ocrx_word' id='word_1_255' title='bbox 2976 2630 3149 2699; x_wconf 85' lang='lat' dir='ltr'>ope-</span> 
     </span>
     <span class='ocr_line' id='line_1_28' title="bbox 585 2693 3147 2782; baseline 0.002 -18"><span class='ocrx_word' id='word_1_256' title='bbox 585 2696 748 2765; x_wconf 89' lang='lat' dir='ltr'>rari.</span> <span class='ocrx_word' id='word_1_257' title='bbox 787 2694 913 2765; x_wconf 91' lang='lat' dir='ltr'>Sed</span> <span class='ocrx_word' id='word_1_258' title='bbox 979 2694 1106 2763; x_wconf 89' lang='lat' dir='ltr'>hoc</span> <span class='ocrx_word' id='word_1_259' title='bbox 1159 2693 1356 2763; x_wconf 92' lang='lat' dir='ltr'>aliter</span> <span class='ocrx_word' id='word_1_260' title='bbox 1402 2715 1551 2765; x_wconf 85' lang='lat' dir='ltr'>esse</span> <span class='ocrx_word' id='word_1_261' title='bbox 1588 2716 1668 2764; x_wconf 90' lang='lat' dir='ltr'>ea</span> <span class='ocrx_word' id='word_1_262' title='bbox 1717 2694 1980 2765; x_wconf 91' lang='lat' dir='ltr'>ratione</span> <span class='ocrx_word' id='word_1_263' title='bbox 2007 2694 2464 2777; x_wconf 86' lang='lat' dir='ltr'>convincitur,</span> <span class='ocrx_word' id='word_1_264' title='bbox 2503 2717 2641 2782; x_wconf 90' lang='lat' dir='ltr'>qua</span> <span class='ocrx_word' id='word_1_265' title='bbox 2699 2694 2967 2782; x_wconf 89' lang='lat' dir='ltr'>liquido</span> <span class='ocrx_word' id='word_1_266' title='bbox 3019 2699 3147 2769; x_wconf 92' lang='lat' dir='ltr'>de-</span> 
     </span>
     <span class='ocr_line' id='line_1_29' title="bbox 586 2781 3147 2871; baseline 0.001 -18"><span class='ocrx_word' id='word_1_267' title='bbox 586 2795 1014 2853; x_wconf 89' lang='lat' dir='ltr'>monstratur</span> <span class='ocrx_word' id='word_1_268' title='bbox 1041 2781 1273 2851; x_wconf 92' lang='lat' dir='ltr'>nullas</span> <span class='ocrx_word' id='word_1_269' title='bbox 1322 2782 1392 2850; x_wconf 90' lang='lat' dir='ltr'>in</span> <span class='ocrx_word' id='word_1_270' title='bbox 1444 2783 1552 2853; x_wconf 89' lang='lat' dir='ltr'>his</span> <span class='ocrx_word' id='word_1_271' title='bbox 1584 2783 1755 2853; x_wconf 88' lang='lat' dir='ltr'>locis</span> <span class='ocrx_word' id='word_1_272' title='bbox 1789 2782 2001 2856; x_wconf 86' lang='lat' dir='ltr'>factas</span> <span class='ocrx_word' id='word_1_273' title='bbox 2047 2782 2260 2853; x_wconf 85' lang='lat' dir='ltr'>fuisse</span> <span class='ocrx_word' id='word_1_274' title='bbox 2308 2784 2619 2865; x_wconf 81' lang='lat' dir='ltr'>virtuteS,</span> <span class='ocrx_word' id='word_1_275' title='bbox 2659 2797 3035 2871; x_wconf 88' lang='lat' dir='ltr'>antequam</span> <span class='ocrx_word' id='word_1_276' title='bbox 3070 2789 3147 2856; x_wconf 87' lang='lat' dir='ltr'>in</span> 
     </span>
     <span class='ocr_line' id='line_1_30' title="bbox 586 2871 3148 2961; baseline 0.002 -21"><span class='ocrx_word' id='word_1_277' title='bbox 586 2872 708 2942; x_wconf 91' lang='lat' dir='ltr'>illa</span> <span class='ocrx_word' id='word_1_278' title='bbox 748 2883 1164 2941; x_wconf 90' lang='lat' dir='ltr'>memoratae</span> <span class='ocrx_word' id='word_1_279' title='bbox 1211 2871 1565 2942; x_wconf 90' lang='lat' dir='ltr'>beatorum</span> <span class='ocrx_word' id='word_1_280' title='bbox 1618 2885 1999 2961; x_wconf 80' lang='lat' dir='ltr'>martyrum</span> <span class='ocrx_word' id='word_1_281' title='bbox 2051 2886 2278 2944; x_wconf 89' lang='lat' dir='ltr'>essent</span> <span class='ocrx_word' id='word_1_282' title='bbox 2307 2872 2571 2944; x_wconf 87' lang='lat' dir='ltr'>delatae</span> <span class='ocrx_word' id='word_1_283' title='bbox 2613 2872 2977 2960; x_wconf 78' lang='lat' dir='ltr'>reliquiae,</span> <span class='ocrx_word' id='word_1_284' title='bbox 3006 2877 3148 2946; x_wconf 87' lang='lat' dir='ltr'>Sed</span> 
     </span>
     <span class='ocr_line' id='line_1_31' title="bbox 579 2960 3146 3053; baseline 0.002 -23"><span class='ocrx_word' id='word_1_285' title='bbox 579 2961 726 3048; x_wconf 91' lang='lat' dir='ltr'>jam</span> <span class='ocrx_word' id='word_1_286' title='bbox 763 2981 950 3030; x_wconf 88' lang='lat' dir='ltr'>nunc</span> <span class='ocrx_word' id='word_1_287' title='bbox 998 2971 1075 3028; x_wconf 79' lang='lat' dir='ltr'>ut</span> <span class='ocrx_word' id='word_1_288' title='bbox 1172 2960 1594 3042; x_wconf 77' lang='lat' dir='ltr'>romisimuS,</span> <span class='ocrx_word' id='word_1_289' title='bbox 1636 2984 1716 3031; x_wconf 91' lang='lat' dir='ltr'>ea</span> <span class='ocrx_word' id='word_1_290' title='bbox 1744 2983 1923 3049; x_wconf 90' lang='lat' dir='ltr'>quae</span> <span class='ocrx_word' id='word_1_291' title='bbox 1961 2961 2032 3030; x_wconf 91' lang='lat' dir='ltr'>in</span> <span class='ocrx_word' id='word_1_292' title='bbox 2067 2960 2416 3051; x_wconf 90' lang='lat' dir='ltr'>praedicto</span> <span class='ocrx_word' id='word_1_293' title='bbox 2459 2961 2712 3052; x_wconf 89' lang='lat' dir='ltr'>palatio</span> <span class='ocrx_word' id='word_1_294' title='bbox 2744 2973 2911 3031; x_wconf 91' lang='lat' dir='ltr'>sunt</span> <span class='ocrx_word' id='word_1_295' title='bbox 2943 2978 3146 3053; x_wconf 83' lang='lat' dir='ltr'>gesta</span> 
     </span>
     <span class='ocr_line' id='line_1_32' title="bbox 588 3047 1436 3138; baseline 0.002 -21"><span class='ocrx_word' id='word_1_296' title='bbox 588 3047 927 3118; x_wconf 90' lang='lat' dir='ltr'>miracula</span> <span class='ocrx_word' id='word_1_297' title='bbox 976 3070 1101 3138; x_wconf 90' lang='lat' dir='ltr'>pro</span> <span class='ocrx_word' id='word_1_298' title='bbox 1132 3070 1436 3119; x_wconf 89' lang='lat' dir='ltr'>eramus.</span> 
     </span>
    </p>

    <p class='ocr_par' dir='ltr' id='par_1_4' title="bbox 578 3137 3150 4293">
     <span class='ocr_line' id='line_1_33' title="bbox 678 3137 3150 3227; baseline 0.001 -18"><span class='ocrx_word' id='word_1_299' title='bbox 678 3140 714 3225; x_wconf 68' lang='grc' dir='ltr'>ξ</span> <span class='ocrx_word' id='word_1_300' title='bbox 766 3142 852 3209; x_wconf 66' lang='grc'>2.</span> <span class='ocrx_word' id='word_1_301' title='bbox 907 3141 1064 3208; x_wconf 88' lang='lat' dir='ltr'>Erat</span> <span class='ocrx_word' id='word_1_302' title='bbox 1109 3138 1391 3225; x_wconf 88' lang='lat' dir='ltr'>quidam</span> <span class='ocrx_word' id='word_1_303' title='bbox 1444 3138 1725 3227; x_wconf 87' lang='lat' dir='ltr'>juvenis</span> <span class='ocrx_word' id='word_1_304' title='bbox 1790 3137 1968 3207; x_wconf 86' lang='lat' dir='ltr'>inter</span> <span class='ocrx_word' id='word_1_305' title='bbox 2024 3138 2492 3210; x_wconf 89' lang='lat' dir='ltr'>cubicularios</span> <span class='ocrx_word' id='word_1_306' title='bbox 2560 3160 2628 3208; x_wconf 91' lang='lat' dir='ltr'>re</span> <span class='ocrx_word' id='word_1_307' title='bbox 2685 3139 2786 3219; x_wconf 91' lang='lat' dir='ltr'>is,</span> <span class='ocrx_word' id='word_1_308' title='bbox 2859 3141 3150 3211; x_wconf 89' lang='lat' dir='ltr'>natione</span> 
     </span>
     <span class='ocr_line' id='line_1_34' title="bbox 590 3225 3149 3384; baseline 0.002 -89"><span class='ocrx_word' id='word_1_309' title='bbox 590 3231 910 3306; x_wconf 78' lang='lat' dir='ltr'>GraecuS,</span> <span class='ocrx_word' id='word_1_310' title='bbox 967 3227 1246 3298; x_wconf 84' lang='lat' dir='ltr'>nornine</span> <span class='ocrx_word' id='word_1_311' title='bbox 1295 3232 1556 3384; x_wconf 54' lang='lat' dir='ltr'>Drogo:</span> <span class='ocrx_word' id='word_1_312' title='bbox 1592 3226 1716 3313; x_wconf 90' lang='lat' dir='ltr'>qui</span> <span class='ocrx_word' id='word_1_313' title='bbox 1742 3225 1927 3295; x_wconf 83' lang='lat' dir='ltr'>febre</span> <span class='ocrx_word' id='word_1_314' title='bbox 1955 3239 2336 3317; x_wconf 91' lang='lat' dir='ltr'>correptus,</span> <span class='ocrx_word' id='word_1_315' title='bbox 2372 3239 2492 3299; x_wconf 89' lang='lat' dir='ltr'>aut</span> <span class='ocrx_word' id='word_1_316' title='bbox 2523 3250 2657 3319; x_wconf 91' lang='lat' dir='ltr'>neg</span> <span class='ocrx_word' id='word_1_317' title='bbox 2688 3228 2950 3319; x_wconf 73' lang='lat' dir='ltr'>igentia</span> <span class='ocrx_word' id='word_1_318' title='bbox 2979 3251 3149 3300; x_wconf 92' lang='lat' dir='ltr'>suo-</span> 
     </span>
     <span class='ocr_line' id='line_1_35' title="bbox 587 3314 3146 3406; baseline 0.002 -22"><span class='ocrx_word' id='word_1_319' title='bbox 587 3337 771 3394; x_wconf 90' lang='lat' dir='ltr'>rum,</span> <span class='ocrx_word' id='word_1_320' title='bbox 823 3327 942 3385; x_wconf 87' lang='lat' dir='ltr'>aut</span> <span class='ocrx_word' id='word_1_321' title='bbox 989 3315 1264 3386; x_wconf 72' lang='lat' dir='ltr'>inscitia</span> <span class='ocrx_word' id='word_1_322' title='bbox 1313 3337 1421 3384; x_wconf 88' lang='lat' dir='ltr'>me</span> <span class='ocrx_word' id='word_1_323' title='bbox 1475 3315 1740 3384; x_wconf 90' lang='lat' dir='ltr'>icorum</span> <span class='ocrx_word' id='word_1_324' title='bbox 1779 3314 1924 3406; x_wconf 85' lang='lat' dir='ltr'>jam</span> <span class='ocrx_word' id='word_1_325' title='bbox 1979 3337 2099 3405; x_wconf 91' lang='lat' dir='ltr'>per</span> <span class='ocrx_word' id='word_1_326' title='bbox 2137 3316 2399 3403; x_wconf 89' lang='lat' dir='ltr'>aliquot</span> <span class='ocrx_word' id='word_1_327' title='bbox 2447 3338 2721 3386; x_wconf 87' lang='lat' dir='ltr'>menses</span> <span class='ocrx_word' id='word_1_328' title='bbox 2775 3315 2986 3406; x_wconf 90' lang='lat' dir='ltr'>longa</span> <span class='ocrx_word' id='word_1_329' title='bbox 3038 3331 3146 3390; x_wconf 91' lang='lat' dir='ltr'>at-</span> 
     </span>
     <span class='ocr_line' id='line_1_36' title="bbox 584 3403 3140 3494; baseline 0.001 -20"><span class='ocrx_word' id='word_1_330' title='bbox 584 3427 723 3491; x_wconf 86' lang='lat' dir='ltr'>que</span> <span class='ocrx_word' id='word_1_331' title='bbox 760 3403 1046 3474; x_wconf 90' lang='lat' dir='ltr'>adversa</span> <span class='ocrx_word' id='word_1_332' title='bbox 1093 3404 1482 3474; x_wconf 89' lang='lat' dir='ltr'>valetudine</span> <span class='ocrx_word' id='word_1_333' title='bbox 1521 3403 1898 3473; x_wconf 88' lang='lat' dir='ltr'>laborabat.</span> <span class='ocrx_word' id='word_1_334' title='bbox 1932 3409 1997 3473; x_wconf 91' lang='lat' dir='ltr'>Is</span> <span class='ocrx_word' id='word_1_335' title='bbox 2025 3403 2471 3494; x_wconf 87' lang='lat' dir='ltr'>posteaquam</span> <span class='ocrx_word' id='word_1_336' title='bbox 2509 3405 2879 3474; x_wconf 86' lang='lat' dir='ltr'>Hildoinus</span> <span class='ocrx_word' id='word_1_337' title='bbox 2902 3406 3140 3477; x_wconf 83' lang='lat' dir='ltr'>Abbas</span> 
     </span>
     <span class='ocr_line' id='line_1_37' title="bbox 587 3491 3139 3581; baseline 0 -17"><span class='ocrx_word' id='word_1_338' title='bbox 587 3493 917 3581; x_wconf 87' lang='lat' dir='ltr'>reliquias</span> <span class='ocrx_word' id='word_1_339' title='bbox 965 3493 1144 3563; x_wconf 90' lang='lat' dir='ltr'>beati</span> <span class='ocrx_word' id='word_1_340' title='bbox 1194 3491 1592 3574; x_wconf 89' lang='lat' dir='ltr'>Marcellini,</span> <span class='ocrx_word' id='word_1_341' title='bbox 1639 3492 1819 3562; x_wconf 88' lang='lat' dir='ltr'>sicut</span> <span class='ocrx_word' id='word_1_342' title='bbox 1866 3493 1935 3561; x_wconf 92' lang='lat' dir='ltr'>in</span> <span class='ocrx_word' id='word_1_343' title='bbox 1987 3494 2293 3564; x_wconf 85' lang='lat' dir='ltr'>secundo</span> <span class='ocrx_word' id='word_1_344' title='bbox 2335 3493 2513 3563; x_wconf 89' lang='lat' dir='ltr'>libro</span> <span class='ocrx_word' id='word_1_345' title='bbox 2573 3493 3139 3565; x_wconf 90' lang='lat' dir='ltr'>demonstratum</span> 
     </span>
     <span class='ocr_line' id='line_1_38' title="bbox 588 3581 3135 3664; baseline 0.001 -12"><span class='ocrx_word' id='word_1_346' title='bbox 588 3596 710 3664; x_wconf 92' lang='lat' dir='ltr'>est,</span> <span class='ocrx_word' id='word_1_347' title='bbox 748 3582 946 3653; x_wconf 91' lang='lat' dir='ltr'>nobis</span> <span class='ocrx_word' id='word_1_348' title='bbox 984 3581 1303 3662; x_wconf 91' lang='lat' dir='ltr'>reddidit,</span> <span class='ocrx_word' id='word_1_349' title='bbox 1331 3581 1729 3650; x_wconf 90' lang='lat' dir='ltr'>admonitus</span> <span class='ocrx_word' id='word_1_350' title='bbox 1758 3581 1828 3650; x_wconf 90' lang='lat' dir='ltr'>in</span> <span class='ocrx_word' id='word_1_351' title='bbox 1858 3582 2157 3663; x_wconf 52' lang='lat' dir='ltr'>somnis&amp;</span> <span class='ocrx_word' id='word_1_352' title='bbox 2179 3594 2260 3654; x_wconf 85' lang='lat' dir='ltr'>ut</span> <span class='ocrx_word' id='word_1_353' title='bbox 2286 3582 2371 3654; x_wconf 90' lang='lat' dir='ltr'>ad</span> <span class='ocrx_word' id='word_1_354' title='bbox 2399 3582 2779 3653; x_wconf 91' lang='lat' dir='ltr'>oratorium</span> <span class='ocrx_word' id='word_1_355' title='bbox 2810 3595 3135 3654; x_wconf 88' lang='lat' dir='ltr'>nostrum</span> 
     </span>
     <span class='ocr_line' id='line_1_39' title="bbox 587 3669 3143 3762; baseline 0.002 -24"><span class='ocrx_word' id='word_1_356' title='bbox 587 3671 868 3751; x_wconf 89' lang='lat' dir='ltr'>veniret,</span> <span class='ocrx_word' id='word_1_357' title='bbox 929 3671 1160 3756; x_wconf 91' lang='lat' dir='ltr'>ibique</span> <span class='ocrx_word' id='word_1_358' title='bbox 1206 3691 1476 3740; x_wconf 89' lang='lat' dir='ltr'>cereum</span> <span class='ocrx_word' id='word_1_359' title='bbox 1514 3681 1811 3757; x_wconf 90' lang='lat' dir='ltr'>quatuor</span> <span class='ocrx_word' id='word_1_360' title='bbox 1870 3669 2174 3740; x_wconf 91' lang='lat' dir='ltr'>denariis</span> <span class='ocrx_word' id='word_1_361' title='bbox 2221 3683 2533 3762; x_wconf 90' lang='lat' dir='ltr'>emptum</span> <span class='ocrx_word' id='word_1_362' title='bbox 2582 3669 3012 3750; x_wconf 88' lang='lat' dir='ltr'>accenderet,</span> <span class='ocrx_word' id='word_1_363' title='bbox 3057 3695 3143 3743; x_wconf 89' lang='lat' dir='ltr'>ac</span> 
     </span>
     <span class='ocr_line' id='line_1_40' title="bbox 588 3758 3136 3849; baseline 0 -18"><span class='ocrx_word' id='word_1_364' title='bbox 588 3773 903 3831; x_wconf 88' lang='lat' dir='ltr'>sanctum</span> <span class='ocrx_word' id='word_1_365' title='bbox 957 3758 1428 3829; x_wconf 87' lang='lat' dir='ltr'>Marcellinum</span> <span class='ocrx_word' id='word_1_366' title='bbox 1480 3772 1878 3848; x_wconf 83' lang='lat' dir='ltr'>martyrem,</span> <span class='ocrx_word' id='word_1_367' title='bbox 1932 3760 2136 3847; x_wconf 87' lang='lat' dir='ltr'>cujus</span> <span class='ocrx_word' id='word_1_368' title='bbox 2181 3772 2400 3849; x_wconf 63' lang='lat' dir='ltr'>captu</span> <span class='ocrx_word' id='word_1_369' title='bbox 2443 3760 2540 3830; x_wconf 91' lang='lat' dir='ltr'>ibi</span> <span class='ocrx_word' id='word_1_370' title='bbox 2566 3781 2716 3831; x_wconf 89' lang='lat' dir='ltr'>esse</span> <span class='ocrx_word' id='word_1_371' title='bbox 2748 3760 3136 3843; x_wconf 89' lang='lat' dir='ltr'>asserebat,</span> 
     </span>
     <span class='ocr_line' id='line_1_41' title="bbox 588 3847 3142 3937; baseline 0 -18"><span class='ocrx_word' id='word_1_372' title='bbox 588 3849 721 3920; x_wconf 89' lang='lat' dir='ltr'>sibi</span> <span class='ocrx_word' id='word_1_373' title='bbox 772 3850 842 3916; x_wconf 91' lang='lat' dir='ltr'>in</span> <span class='ocrx_word' id='word_1_374' title='bbox 894 3847 1314 3937; x_wconf 87' lang='lat' dir='ltr'>adjutorium</span> <span class='ocrx_word' id='word_1_375' title='bbox 1358 3849 1737 3918; x_wconf 85' lang='lat' dir='ltr'>invocaret:</span> <span class='ocrx_word' id='word_1_376' title='bbox 1783 3849 2124 3935; x_wconf 88' lang='lat' dir='ltr'>sciretque</span> <span class='ocrx_word' id='word_1_377' title='bbox 2155 3870 2230 3918; x_wconf 89' lang='lat' dir='ltr'>se</span> <span class='ocrx_word' id='word_1_378' title='bbox 2264 3848 2323 3917; x_wconf 91' lang='lat' dir='ltr'>si</span> <span class='ocrx_word' id='word_1_379' title='bbox 2353 3847 2483 3918; x_wconf 92' lang='lat' dir='ltr'>hoc</span> <span class='ocrx_word' id='word_1_380' title='bbox 2531 3848 2806 3929; x_wconf 81' lang='lat' dir='ltr'>faceret,</span> <span class='ocrx_word' id='word_1_381' title='bbox 2860 3869 2942 3916; x_wconf 91' lang='lat' dir='ltr'>ea</span> <span class='ocrx_word' id='word_1_382' title='bbox 2992 3870 3142 3935; x_wconf 90' lang='lat' dir='ltr'>qua</span> 
     </span>
     <span class='ocr_line' id='line_1_42' title="bbox 578 3935 3141 4028; baseline 0 -22"><span class='ocrx_word' id='word_1_383' title='bbox 578 3937 855 4028; x_wconf 84' lang='lat' dir='ltr'>jamdiu</span> <span class='ocrx_word' id='word_1_384' title='bbox 887 3935 1312 4005; x_wconf 87' lang='lat' dir='ltr'>laboraverat</span> <span class='ocrx_word' id='word_1_385' title='bbox 1349 3936 1750 4006; x_wconf 79' lang='lat' dir='ltr'>infirmitate</span> <span class='ocrx_word' id='word_1_386' title='bbox 1798 3938 1933 4007; x_wconf 90' lang='lat' dir='ltr'>cito</span> <span class='ocrx_word' id='word_1_387' title='bbox 1980 3958 2129 4012; x_wconf 88' lang='lat' dir='ltr'>esse</span> <span class='ocrx_word' id='word_1_388' title='bbox 2191 3935 2614 4008; x_wconf 88' lang='lat' dir='ltr'>cariturum:</span> <span class='ocrx_word' id='word_1_389' title='bbox 2649 3935 2958 4006; x_wconf 86' lang='lat' dir='ltr'>credidit</span> <span class='ocrx_word' id='word_1_390' title='bbox 3007 3939 3141 4007; x_wconf 87' lang='lat' dir='ltr'>ad-</span> 
     </span>
     <span class='ocr_line' id='line_1_43' title="bbox 586 4023 3141 4115; baseline 0 -20"><span class='ocrx_word' id='word_1_391' title='bbox 586 4025 922 4104; x_wconf 86' lang='lat' dir='ltr'>monenti,</span> <span class='ocrx_word' id='word_1_392' title='bbox 957 4038 1022 4093; x_wconf 91' lang='lat' dir='ltr'>et</span> <span class='ocrx_word' id='word_1_393' title='bbox 1077 4024 1171 4104; x_wconf 88' lang='lat' dir='ltr'>id,</span> <span class='ocrx_word' id='word_1_394' title='bbox 1206 4024 1391 4112; x_wconf 89' lang='lat' dir='ltr'>quod</span> <span class='ocrx_word' id='word_1_395' title='bbox 1439 4026 1854 4115; x_wconf 87' lang='lat' dir='ltr'>imperatum</span> <span class='ocrx_word' id='word_1_396' title='bbox 1897 4024 2140 4106; x_wconf 89' lang='lat' dir='ltr'>fuerat,</span> <span class='ocrx_word' id='word_1_397' title='bbox 2204 4038 2464 4113; x_wconf 87' lang='lat' dir='ltr'>quanta</span> <span class='ocrx_word' id='word_1_398' title='bbox 2515 4027 2736 4115; x_wconf 85' lang='lat' dir='ltr'>potuit</span> <span class='ocrx_word' id='word_1_399' title='bbox 2781 4023 3141 4096; x_wconf 90' lang='lat' dir='ltr'>celeritate</span> 
     </span>
     <span class='ocr_line' id='line_1_44' title="bbox 590 4113 3136 4205; baseline 0 -21"><span class='ocrx_word' id='word_1_400' title='bbox 590 4113 977 4204; x_wconf 90' lang='lat' dir='ltr'>complevit.</span> <span class='ocrx_word' id='word_1_401' title='bbox 1026 4113 1404 4200; x_wconf 89' lang='lat' dir='ltr'>Statimque</span> <span class='ocrx_word' id='word_1_402' title='bbox 1452 4135 1664 4184; x_wconf 87' lang='lat' dir='ltr'>sanus</span> <span class='ocrx_word' id='word_1_403' title='bbox 1703 4114 1947 4195; x_wconf 85' lang='lat' dir='ltr'>factus,</span> <span class='ocrx_word' id='word_1_404' title='bbox 1997 4127 2063 4183; x_wconf 93' lang='lat' dir='ltr'>et</span> <span class='ocrx_word' id='word_1_405' title='bbox 2094 4115 2386 4205; x_wconf 90' lang='lat' dir='ltr'>receptis</span> <span class='ocrx_word' id='word_1_406' title='bbox 2439 4114 2907 4185; x_wconf 89' lang='lat' dir='ltr'>membrorum</span> <span class='ocrx_word' id='word_1_407' title='bbox 2964 4115 3136 4184; x_wconf 89' lang='lat' dir='ltr'>viri-</span> 
     </span>
     <span class='ocr_line' id='line_1_45' title="bbox 590 4202 2235 4293; baseline 0.001 -22"><span class='ocrx_word' id='word_1_408' title='bbox 590 4202 746 4283; x_wconf 84' lang='lat' dir='ltr'>buS‚</span> <span class='ocrx_word' id='word_1_409' title='bbox 791 4202 1087 4293; x_wconf 90' lang='lat' dir='ltr'>propriis</span> <span class='ocrx_word' id='word_1_410' title='bbox 1121 4203 1413 4292; x_wconf 88' lang='lat' dir='ltr'>pedibus</span> <span class='ocrx_word' id='word_1_411' title='bbox 1446 4202 1531 4271; x_wconf 91' lang='lat' dir='ltr'>ad</span> <span class='ocrx_word' id='word_1_412' title='bbox 1565 4225 1693 4273; x_wconf 90' lang='lat' dir='ltr'>sua</span> <span class='ocrx_word' id='word_1_413' title='bbox 1726 4224 2082 4292; x_wconf 85' lang='lat' dir='ltr'>regressus</span> <span class='ocrx_word' id='word_1_414' title='bbox 2111 4216 2235 4273; x_wconf 91' lang='lat' dir='ltr'>est.</span> 
     </span>
    </p>

    <p class='ocr_par' dir='ltr' id='par_1_5' title="bbox 589 4291 3134 4490">
     <span class='ocr_line' id='line_1_46' title="bbox 678 4291 3134 4381; baseline -0.002 -17"><span class='ocrx_word' id='word_1_415' title='bbox 678 4294 714 4380; x_wconf 68' lang='grc' dir='ltr'>ἓ</span> <span class='ocrx_word' id='word_1_416' title='bbox 760 4296 851 4364; x_wconf 72' lang='lat'>8.</span> <span class='ocrx_word' id='word_1_417' title='bbox 907 4296 1063 4361; x_wconf 88' lang='lat' dir='ltr'>Erat</span> <span class='ocrx_word' id='word_1_418' title='bbox 1126 4291 1383 4362; x_wconf 90' lang='lat' dir='ltr'>ibidem</span> <span class='ocrx_word' id='word_1_419' title='bbox 1450 4292 1620 4361; x_wconf 88' lang='lat' dir='ltr'>alter</span> <span class='ocrx_word' id='word_1_420' title='bbox 1675 4314 1890 4379; x_wconf 90' lang='lat' dir='ltr'>aeque</span> <span class='ocrx_word' id='word_1_421' title='bbox 1928 4292 2230 4381; x_wconf 86' lang='lat' dir='ltr'>juvenis,</span> <span class='ocrx_word' id='word_1_422' title='bbox 2285 4291 2563 4361; x_wconf 90' lang='lat' dir='ltr'>nomine</span> <span class='ocrx_word' id='word_1_423' title='bbox 2634 4291 2983 4367; x_wconf 85' lang='lat' dir='ltr'>Gerlacus,</span> <span class='ocrx_word' id='word_1_424' title='bbox 3041 4291 3134 4360; x_wconf 88' lang='lat' dir='ltr'>de</span> 
     </span>
     <span class='ocr_line' id='line_1_47' title="bbox 589 4379 3133 4490; baseline -0.001 -39"><span class='ocrx_word' id='word_1_425' title='bbox 589 4382 763 4452; x_wconf 89' lang='lat' dir='ltr'>urbe</span> <span class='ocrx_word' id='word_1_426' title='bbox 792 4382 1237 4490; x_wconf 75' lang='lat' dir='ltr'>Rhemorum,</span> <span class='ocrx_word' id='word_1_427' title='bbox 1262 4382 1439 4451; x_wconf 87' lang='lat' dir='ltr'>inter</span> <span class='ocrx_word' id='word_1_428' title='bbox 1462 4402 1577 4452; x_wconf 89' lang='lat' dir='ltr'>eos</span> <span class='ocrx_word' id='word_1_429' title='bbox 1605 4380 1726 4469; x_wconf 89' lang='lat' dir='ltr'>qui</span> <span class='ocrx_word' id='word_1_430' title='bbox 1753 4395 2030 4472; x_wconf 87' lang='lat' dir='ltr'>propter</span> <span class='ocrx_word' id='word_1_431' title='bbox 2056 4380 2370 4450; x_wconf 86' lang='lat' dir='ltr'>aedificia</span> <span class='ocrx_word' id='word_1_432' title='bbox 2393 4379 2632 4471; x_wconf 91' lang='lat' dir='ltr'>palatii</span> <span class='ocrx_word' id='word_1_433' title='bbox 2666 4380 3133 4449; x_wconf 86' lang='lat' dir='ltr'>construenda</span> 
     </span>
    </p>
   </div>
  </div>
 </body>
</html>
