3357 4995
243 332 450 402 ιΙΠΝΙΙ
499 337 541 399 6
1038 351 1116 397 m:
1165 352 1219 398 s.
1274 347 1642 398 NORTBERTO
1691 349 1986 398 Episcopo
2568 333 2692 397 1¹73

328 443 361 526 ξ
410 443 557 510 22.
613 437 1052 527 Congregatis
1100 436 1310 526 igitur
1343 436 1611 505 clericis
1661 437 1874 504 ferme
1921 435 2402 525 quadraginta,
2450 449 2514 505 et
2539 458 2783 522 quam-

250 528 562 616 plurimis
595 525 814 605 laicis,
862 524 1143 593 assidua
1191 525 1656 594 consolatione
1690 546 1970 614 vespere
2003 536 2067 593 et
2098 545 2300 593 mane
2351 524 2778 605 fovebate05‚

250 631 310 685 et
368 614 880 698 multiplicibus
928 614 1368 684 sermonibus
1411 613 1849 693 hortabatur,
1905 634 1990 682 ne
2038 612 2445 682 desisterent
2503 636 2540 680 a
2602 613 2784 682 felici

256 704 592 793 proposito
641 716 705 771 et
749 716 1121 792 spontanea
1185 714 1604 792 paupertate,
1661 723 1870 788 quam
1935 715 2425 791 susceperant:
2481 715 2546 770 et
2600 703 2780 789 quod

253 793 552 870 docebat,
610 791 792 860 velut
840 790 1069 876 aquila
1113 811 1499 880 ,provocans
1534 790 1617 859 ad
1669 790 2045 860 volandum
2104 790 2332 880 pullos
2382 812 2566 868 suos,
2623 813 2783 879 ope-

252 883 437 950 ribus
472 879 1025 962 demonstrabat.
1095 883 1262 948 Cum
1322 893 1546 948 autem
1603 879 1805 948 multi
1856 878 2199 968 religiosi,
2265 893 2397 948 tam
2466 879 2785 968 Episcopi

247 993 450 1056 quarn
512 969 829 1047 :abbatem
901 967 1166 1036 diversa
1214 968 1506 1038 consilia
1555 967 1821 1048 darent,
1876 967 2055 1036 alius
2103 967 2550 1048 eremiticam,
2606 966 2785 1037 alius

244 1058 794 1128 anachoreticam
848 1056 1077 1132 vitam,
1133 1054 1313 1127 alius
1369 1057 1867 1127 Cistertiensem
1908 1056 2230 1125 Ordinem
2284 1056 2784 1126 assumendum

242 1147 651 1217 suadentes:
708 1145 844 1224 ille,
901 1145 1103 1232 cujus
1150 1166 1325 1234 opus
1375 1158 1439 1214 et
1486 1145 1854 1214 consilium
1914 1144 1999 1213 de
2049 1146 2368 1234 supernis
2419 1144 2781 1233 pendebat,

237 1237 359 1322 qui
415 1258 624 1305 suum
699 1234 1119 1325 principium
1171 1255 1306 1302 non
1357 1233 1513 1313 sibi,
1560 1255 1695 1301 non
1743 1234 2166 1314 hominibuS,
2222 1233 2338 1302 sed
2390 1234 2452 1302 ei
2512 1234 2631 1320 qui
2683 1246 2787 1301 est

238 1326 555 1393 omnium
601 1345 831 1392 rerum
868 1322 1171 1400 initium,
1227 1322 1776 1402 commendabat,
1816 1322 1884 1390 in
1915 1323 2118 1392 corde
2168 1345 2293 1393 suo
2342 1335 2596 1392 cuncta
2623 1344 2782 1390 con·

240 1413 488 1494 serens,
547 1425 627 1481 ut
675 1412 951 1501 sapiens
1002 1410 1185 1479 velox
1234 1411 1315 1478 ad
1371 1410 1847 1490 audiendum,
1901 1412 2022 1498 qui
2089 1411 2316 1480 differt
2361 1424 2426 1478 et
2492 1421 2789 1479 reservat

242 1504 308 1570 in
347 1515 729 1592 posterum,
785 1499 1056 1568 tandem
1105 1522 1187 1566 ne
1230 1489 1636 1587 professioni
1667 1500 2063 1578 canonicae,
2109 1501 2220 1569 cui
2264 1499 2468 1568 etiam
2504 1500 2673 1588 ipse,
2725 1510 2789 1566 et

239 1604 578 1677 quotquot
618 1611 777 1658 cum
833 1610 910 1656 eo
959 1587 1181 1656 vivere
1231 1588 1564 1667 volebant,
1623 1588 1950 1656 intitulati
2015 1588 2289 1657 fuerant
2335 1589 2421 1657 ab
2473 1587 2782 1665 infantia,

238 1679 495 1748 inferre
566 1678 891 1766 injuriam
958 1676 1321 1755 videretur,
1390 1677 1723 1766 regulam,
1797 1698 2006 1762 quam
2068 1677 2306 1746 beatus
2364 1677 2785 1766 Augustinus

237 1770 390 1837 suis
424 1767 746 1844 instituit,
778 1765 1003 1833 afferri
1039 1765 1401 1855 praecepit.
1444 1765 1825 1854 Apostolica
1853 1765 2035 1833 enim
2070 1767 2227 1845 vita,
2255 1787 2464 1851 quam
2494 1768 2561 1833 in
2597 1787 2789 1854 prae-

236 1857 590 1925 dicatione
639 1867 1055 1944 susceperat,
1100 1855 1242 1942 jam
1299 1853 1576 1942 optabat
1626 1854 1871 1934 vivere,
1923 1876 2130 1940 quam
2197 1853 2479 1940 quidem
2531 1855 2617 1922 ab
2674 1876 2787 1922 eo-

235 1946 400 2014 dem
435 1945 635 2012 beato
685 1943 827 2011 viro
878 1956 1027 2032 post
1074 1940 1422 2030 Apostolos
1470 1941 1784 2011 audierat
1821 1944 2260 2011 constitutam
2297 1955 2362 2011 et
2398 1954 2788 2012 renovatam

236 2035 485 2102 fuisse.
526 2038 743 2113 Quam
796 2053 953 2099 cum
1007 2029 1279 2098 allatam
1332 2030 1698 2120 diligenter
1737 2032 2167 2120 inspexisset,
2217 2031 2286 2098 in
2326 2034 2567 2120 paucis
2607 2053 2792 2099 com-

236 2123 570 2212 positam,
620 2123 683 2189 in
724 2119 960 2188 multis
993 2131 1219 2187 tamen
1256 2120 1687 2209 dispositam,
1735 2120 1964 2189 statim
1999 2120 2066 2187 in
2097 2120 2207 2188 die
2235 2120 2484 2190 natalis
2520 2119 2789 2189 Domini

232 2234 422 2299 quae
473 2209 770 2278 instabat
829 2209 1044 2278 instar
1075 2208 1466 2276 Dominicae
1514 2208 2020 2297 descriptionis,
2076 2210 2208 2278 sub
2262 2208 2498 2279 eadem
2552 2222 2615 2278 et
2657 2221 2791 2277 sta-

234 2299 537 2369 bilitatis
574 2299 639 2366 in
695 2298 864 2375 loce,
912 2310 977 2364 et
1021 2295 1462 2385 professionis
1510 2298 1751 2386 gratia,
1785 2297 1890 2382 ‘ad
1945 2296 2135 2365 illam
2187 2298 2420 2367 beatae
2476 2298 2788 2388 perenni·

234 2390 405 2457 tatis
454 2387 793 2455 civitatem
846 2385 1104 2475 singuli
1155 2386 1417 2474 seipsos
1458 2385 2038 2474 conscripserunt.

329 2480 372 2564 ξ
424 2479 573 2548 28.
628 2473 937 2558 Quadam
980 2473 1089 2542 die
1137 2496 1296 2544 cum
1352 2486 1799 2544 reverteretur
1835 2474 2116 2544 Rhemis
2171 2496 2329 2545 cum
2367 2473 2787 2561 quibusdam

233 2566 454 2637 sociis
489 2565 659 2643 suis,
712 2577 776 2631 et
823 2563 1097 2633 duobus
1148 2564 1443 2643 novitiis,
1488 2585 1661 2649 quos
1696 2564 1779 2631 de
1814 2564 2046 2633 seculo
2088 2575 2380 2633 traxerat
2411 2585 2638 2631 sermo
2686 2564 2791 2629 di-

234 2658 453 2724 vinus
486 2653 567 2721 ad
622 2674 737 2721 eos
783 2651 1026 2731 sactuS,
1082 2665 1145 2720 et
1195 2652 1585 2721 incederent
1623 2674 1783 2720 cum
1828 2652 2098 2722 silentio
2133 2674 2250 2741 per
2300 2652 2502 2731 viam,
2541 2651 2627 2718 de
2661 2656 2792 2719 Deo

234 2767 376 2815 suo
420 2742 849 2817 meditantes,
904 2763 1027 2809 vox
1069 2740 1407 2826 quaedam
1442 2740 1525 2808 de
1558 2740 1741 2809 nube
1783 2741 1848 2807 in
1887 2742 2175 2810 auribus
2208 2761 2447 2809 eorum
2502 2739 2569 2807 in
2602 2740 2791 2808 hunc

236 2831 531 2901 modum
600 2830 938 2898 insonuit:
1002 2833 1179 2897 Haec
1227 2843 1327 2898 cst
1397 2829 1625 2896 fratris
1673 2830 2010 2898 Nortberti
2063 2830 2374 2899 societas.
2421 2828 2513 2897 Ad
2576 2850 2791 2915 quam

238 2944 370 2990 vox
405 2920 617 2988 altera
668 2942 748 2987 ex
796 2917 1006 2986 altero
1057 2917 1263 2987 latere
1306 2918 1690 3007 respondit:
1737 2924 1829 2986 Ex
1864 2918 1972 2987 his
2005 2918 2278 2988 duobus
2321 2917 2595 2987 novitiis
2622 2916 2797 2985 'alter

238 3031 386 3079 non
434 3020 537 3076 est
578 3008 662 3076 de
720 3009 1037 3076 societate
1088 3028 1351 3075 eorum.
1421 3006 1755 3075 Audiebat
1789 3007 1918 3075 hoc
1955 3008 2158 3075 homo
2209 3006 2347 3086 Dei,
2402 3019 2467 3074 et
2499 3005 2618 3074 alii
2667 3006 2787 3092 qui

237 3098 759 3167 comitabantur
805 3118 988 3176 eum,
1031 3102 1095 3165 et
1127 3118 1262 3164 rem
1302 3095 1487 3163 taciti
1536 3095 2089 3176 considerabant,
2133 3095 2304 3165 nihil
2361 3093 2525 3163 mali
2561 3095 2793 3183 suspi-

239 3200 521 3256 cantes:
578 3186 694 3255 sed
756 3197 980 3253 tamen
1047 3183 1378 3270 quidnam
1443 3184 1896 3274 portenderet,
1953 3185 2401 3254 haesitabant.
2464 3189 2541 3252 At
2607 3196 2797 3271 pater

242 3278 673 3352 Nortbertus‚
727 3274 840 3341 cui
895 3274 1113 3362 major
1162 3272 1605 3342 incumbebat
1638 3272 2027 3352 solicitudO,
2087 3274 2314 3342 sciens
2365 3294 2497 3341 non
2552 3293 2795 3362 super-

238 3385 549 3432 vacuum
601 3384 748 3430 esse
786 3360 968 3448 quod
1018 3383 1096 3429 ex
1146 3362 1597 3450 permissione
1662 3362 1902 3429 divina
1948 3362 2073 3429 hae
2117 3383 2313 3431 voces
2357 3360 2791 3438 audirentur,

244 3451 697 3542 perquirebat
743 3473 776 3517 a
834 3454 963 3519 Deo
1009 3452 1196 3517 omni
1265 3450 1652 3519 orationum
1706 3450 2058 3529 instantiii,
2124 3450 2288 3536 quid
2360 3450 2488 3518 sibi
2550 3448 2800 3517 vellent

245 3564 431 3628 quae
481 3539 883 3617 audierant,
943 3560 1166 3606 mores
1220 3559 1456 3607 eorum
1521 3552 1586 3607 et
1643 3552 1838 3608 actus
1896 3537 2346 3607 considerans
2416 3538 2500 3606 de
2548 3538 2659 3606 die
2726 3536 2796 3604 in

243 3630 459 3708 diem,
515 3628 603 3695 de
647 3627 903 3713 quibus
936 3625 1207 3694 fuerant
1254 3626 1541 3714 prolata.
1597 3630 1903 3714 Cumque
1949 3626 2452 3697 considerasset
2499 3626 2794 3695 alterum

240 3740 489 3788 eorum
545 3716 779 3785 minus
828 3714 1145 3784 devotum
1210 3714 1277 3781 in
1328 3715 1779 3793 consessione,
1840 3715 2052 3784 levem
2104 3716 2174 3783 in
2229 3716 2475 3794 verbis,
2524 3714 2800 3801 inquie-

243 3821 396 3876 tum
433 3827 742 3904 corpore.
786 3804 1281 3874 inconstantem
1326 3803 1655 3883 moribuS,
1713 3804 2017 3891 tepidum
2067 3805 2134 3871 in
2188 3804 2518 3883 oratione,
2577 3803 2793 3891 negli-

246 3908 521 3984 gentem
560 3915 626 3961 1n
662 3892 1045 3962 obedientia
1068 3893 1241 3991 (erat
1271 3905 1498 3961 autem
1529 3891 1836 3981 Anglus):
1867 3892 2087 3975 «Quid
2109 3906 2234 3973 est,
2275 3892 2524 3978 inquit,
2563 3892 2792 3961 frater:

243 3983 419 4068 quid
454 3995 556 4053 est
603 3983 785 4068 quod
823 3995 1046 4070 gestas
1081 4004 1146 4048 in
1189 3980 1444 4050 corde?
1491 3986 1764 4069 Expone
1791 3980 1971 4067 quod
2013 3982 2194 4050 latet.
2243 3982 2311 4050 Si
2347 3986 2560 4050 Deum
2593 4002 2800 4066 quae-

247 4073 375 4149 ris,
432 4094 565 4139 non
602 4084 701 4140 est
735 4070 882 4139 ulla
921 4084 1233 4140 creatura
1264 4092 1491 4138 coram
1544 4091 1621 4138 eo
1665 4070 2066 4139 invisibilis:
2121 4072 2309 4156 quia,
2365 4083 2441 4138 ut
2489 4069 2582 4137 ait
2635 4073 2800 4157 Apo-

250 4159 499 4239 stoluS,
543 4159 775 4228 omnia
826 4158 1011 4227 nuda
1059 4173 1122 4228 et
1152 4172 1386 4249 aperta
1435 4172 1597 4227 sunt
1629 4158 1851 4228 oculis
1899 4160 2072 4256 equ.
2116 4160 2475 4228 Veritatem
2527 4157 2802 4245 quaeri-

227 4269 441 4349 =muS,
498 4262 561 4317 et
611 4260 811 4338 prout
845 4247 1197 4337 fragilitati
1248 4249 1590 4316 humanae
1623 4248 2052 4333 conceditur,
2100 4248 2167 4315 in
2214 4248 2493 4317 veritate
2554 4247 2800 4314 ambu-

256 4336 403 4403 lare
429 4339 736 4415 nitimur,
773 4357 896 4403 nec
921 4348 1020 4405 est
1055 4336 1199 4417 ulla
1225 4335 1521 4405 veritatis
1551 4349 1614 4405 et
1650 4336 1966 4405 salsitatis
1997 4337 2375 4413 conventio,
2410 4357 2535 4405 nec
2568 4334 2803 4420 aliqua

255 4423 488 4495 fidelis
522 4448 676 4495 curn
707 4423 968 4495 infideli
1001 4424 1501 4515 participatio.»
1546 4425 1663 4494 Cui
1695 4424 1809 4494 ille
1843 4438 2052 4515 caput
2084 4425 2430 4515 agitandO,
2478 4437 2542 4493 et
2570 4422 2804 4492 leviter
