3357 4995
679 306 805 372 334
1499 324 1577 371 mi
1625 325 1682 371 s.
1738 324 1984 372 msam
2033 323 2248 371 meno
2798 306 3019 371 JUNII
3069 307 3155 373 44

584 408 677 477 ita
730 408 1117 498 praecinuit
1147 409 1362 497 (Psal.
1394 409 1551 497 23):
1595 411 1831 479 Tollite
1874 419 2131 498 portasi,
2156 410 2519 511 principes,
2570 419 2853 489 vestrae,
2908 419 2969 477 et
3009 412 3156 478 ele-

581 499 845 566 vamini
882 507 1119 587 portae
1167 502 1566 577 aeternales,
1602 508 1663 566 et
1698 499 1997 567 introibit
2026 502 2177 568 Rem
2203 501 2491 588 qloriae.
2532 501 3038 586 Ingressusque
3074 498 3152 566 in

584 598 899 656 sanctum
952 584 1068 654 Dei
1115 585 1452 675 templum
1501 607 1663 656 cum
1698 585 1889 654 omni
1939 585 2315 656 orthodoxo
2353 584 2632 676 popu10,
2687 585 3010 655 divinum
3046 585 3152 655 fe-

580 673 674 743 cit
724 673 1211 756 ministerium,
1255 697 1335 745 ac
1374 675 1624 745 deinde
1653 674 1920 744 dimisit
1955 674 2317 766 populum,
2370 697 2531 744 cum
2565 673 2823 764 gaudio
2871 687 2938 744 et
2970 696 3146 764 pace

583 761 1089 852 glorificantem
1122 768 1359 846 Deum,
1412 765 1534 850 qui
1566 785 1705 833 non
1739 763 2032 852 despicit
2075 765 2143 832 in
2197 785 2269 833 se
2300 763 2749 833 confidentes.

670 853 708 938 ἓ
758 854 906 923 28.
962 852 1514 922 Innumerabiles
1576 865 1804 921 autem
1854 852 2167 933 Arriani,
2222 874 2301 922 eo
2348 864 2698 942 comperto
2748 851 3142 933 miraculo,

581 940 1084 1009 renunciarunt
1123 962 1370 1030 pravae
1407 940 1747 1032 opinioni,
1804 954 2249 1029 nostramque
2301 953 2466 1010 sunt
2514 940 2856 1030 complexi
2905 941 3154 1010 Catho-

586 1028 789 1098 licam
839 1027 1073 1097 fldem.
1128 1033 1510 1120 Imperator
1556 1052 1715 1099 vero
1772 1042 1846 1099 ut
1919 1051 2064 1098 rem
2137 1041 2396 1119 gestam
2448 1029 2805 1120 cognovit,
2882 1032 3154 1120 respuit

581 1117 864 1204 quidem
905 1118 1349 1187 Arrianorum
1401 1140 1609 1209 prave
1667 1118 2110 1190 sentientium
2182 1118 2627 1187 voluntatem:
2685 1139 2769 1187 ne
2822 1139 2907 1188 ue
2953 1119 3145 1187 enim

583 1219 845 1297 poterat
895 1205 1010 1275 Dei
1056 1219 1122 1275 et
1167 1206 1385 1275 divini
1419 1207 1635 1308 patris
1686 1207 1902 1277 nostri
1955 1206 2191 1276 Basilii
2219 1206 2565 1292 judicium
2601 1229 2796 1295 repre
2849 1206 3143 1277 endere:

585 1308 654 1364 at
702 1308 934 1364 tamen
983 1294 1213 1365 cordis
1250 1294 1473 1365 oculis
1519 1295 2007 1375 obtenebratis,
2066 1296 2286 1366 instar
2336 1294 2715 1365 multorum
2763 1296 3151 1386 permansit

581 1383 969 1455 obstinatus
1014 1396 1080 1453 et
1126 1383 1548 1466 inflexibilis,
1588 1406 1809 1471 neque
1843 1405 1915 1456 se
1939 1383 2022 1454 ad
2061 1386 2426 1454 Dominum
2471 1383 2687 1453 voluit
2713 1398 3138 1455 convertere:

579 1485 786 1559 atque
834 1471 1109 1542 tandem
1147 1471 1512 1543 infeliciter
1546 1495 1891 1564 pugnans,
1931 1474 2002 1543 in
2044 1474 2225 1543 bello
2276 1472 2575 1543 reddidit
2623 1473 2976 1562 spiritum,
3025 1496 3146 1564 pa-

580 1560 844 1631 learum
887 1560 1189 1630 flammis
1237 1574 1719 1632 concrematus
1770 1562 1844 1630 in
1886 1562 2211 1632 Thraciae
2258 1562 2611 1653 partibuS,
2673 1562 2834 1632 inde
2883 1562 3148 1632 missus

579 1651 651 1718 in
691 1671 946 1740 poenas
976 1649 1159 1740 ignis
1207 1650 1491 1720 aeterni.
3118 1678 3122 1682 ⁴

666 1740 704 1825 ἓ
753 1742 915 1809 719.
961 1740 1288 1808 Foemina
1332 1739 1673 1826 quaedam
1716 1740 1988 1830 generis
2040 1740 2396 1810 nobilitate
2445 1750 2510 1808 et
2549 1738 2810 1809 divitiis
2845 1738 3140 1830 pollens,

580 1827 1005 1914 caeterisque
1053 1827 1264 1917 hujus
1314 1827 1487 1897 vitae
1526 1829 1947 1898 vanitatibus
1978 1828 2342 1909 excellenS,
2397 1849 2557 1896 cum
2608 1829 2811 1915 quasi
2858 1828 3139 1898 viduam

578 1937 650 1986 se
696 1916 1065 1997 exhiberet,
1120 1916 1411 2006 turpiter
1459 1938 1530 1986 se
1570 1917 1833 1986 dedidit
1865 1919 2121 1987 ventris
2163 1916 2520 2008 ingluviei,
2578 1939 2810 1987 rerum
2844 1939 3137 1987 suarum

578 2003 955 2074 admodum
1007 2004 1320 2096 prodiga:
1375 2005 1549 2075 nihil
1600 2027 1756 2075 vero
1789 2005 1890 2074 illi
1921 2006 2139 2075 inerat
2186 2029 2266 2076 ex
2300 2006 2409 2076 his
2453 2026 2631 2092 quae
2667 1993 2938 2095 placent
2979 2011 3140 2088 Dec,

578 2093 696 2163 sed
744 2094 964 2163 instar
1032 2116 1399 2184 porcorum
1452 2095 1522 2163 in
1579 2094 1950 2185 voluptatis
1997 2116 2209 2164 coeno
2286 2094 2750 2164 volutabatur.
2828 2094 3139 2164 Tandem

574 2194 803 2252 autem
836 2183 1274 2271 quandoque,
1332 2186 1462 2253 Deo
1510 2183 1604 2251 ita
1651 2183 2084 2272 disponente,
2140 2183 2227 2252 ad
2284 2195 2581 2252 mentem
2641 2182 2941 2263 rediens,
3003 2184 3138 2251 im-

577 2271 1011 2341 mensitatem
1044 2270 1430 2342 facinorum
1466 2293 1755 2341 suorum
1805 2272 2141 2342 divinitus
2189 2272 2608 2353 illuminata,
2646 2294 2881 2341 secum
2930 2273 3136 2342 tacita

576 2359 1081 2441 considerabat,
1118 2360 1541 2448 illorumque
1588 2360 2036 2430 multitudine
2075 2374 2516 2451 compuncta,
2575 2384 2738 2430 cum
2804 2360 3137 2450 lacrymis

576 2448 937 2540 ingemuit,
990 2449 1254 2520 dicens:
1290 2453 1439 2520 Heu
1490 2471 1597 2520 me
1626 2449 2061 2530 vilissimam,
2103 2450 2544 2537 nimiumque
2582 2449 2942 2540 prodigam
2976 2470 3138 2541 pec—

572 2539 919 2608 catricem:
956 2560 1095 2625 qua
1120 2539 1397 2610 tandem
1424 2540 1689 2608 ratione
1712 2560 2040 2609 excusare
2075 2552 2305 2639 potero
2341 2538 2518 2609 facta
2555 2552 2621 2609 et
2647 2540 2911 2630 flagitia
2954 2544 3143 2610 mea?

572 2629 931 2718 Templum
984 2628 1211 2697 Sancti
1245 2628 1543 2719 Spiritus
1577 2627 1846 2709 violavi,
1882 2641 1946 2698 et
1978 2648 2285 2696 animam
2328 2628 2399 2696 in
2438 2649 2727 2718 corpore
2769 2628 3137 2718 degentem

570 2716 811 2806 pollui.
865 2720 1014 2787 Heu
1063 2739 1172 2786 me
1211 2717 1525 2787 omnium
1566 2716 2150 2806 abjectissimam:
2207 2728 2500 2807 putasne
2549 2717 2677 2786 ulli
2731 2739 2839 2786 me
2891 2730 3133 2807 potero

570 2807 1010 2896 superiorum
1061 2818 1448 2895 temporum
1501 2805 1869 2883 meretrici,
1924 2817 2042 2876 aut
2077 2804 2453 2895 publicano
2499 2810 2955 2896 comparare?
3006 2805 3136 2877 Sed

571 2916 773 2964 nemo
822 2895 919 2963 sic
959 2895 1264 2983 peccavit
1318 2907 1396 2965 ut
1442 2916 1592 2984 ege,
1641 2895 1940 2964 maxime
1992 2917 2032 2963 a
2072 2907 2392 2984 percepto
2442 2915 2640 2965 sacro
2692 2894 3132 2985 baptismate.

572 2983 701 3065 Qui
751 2983 964 3072 igitur
990 2995 1175 3052 certa
1207 3005 1358 3054 esse
1393 2996 1650 3072 potero,
1684 2983 1871 3071 quod
1910 3005 2018 3052 me
2052 2983 2512 3072 poenitentem
2555 2984 2889 3074 suscipiet
2918 2987 3140 3054 Deus?
3189 2996 3201 3010 ·

571 3075 751 3141 Haec
799 3084 1029 3141 autem
1056 3071 1180 3140 illa
1212 3072 1583 3161 cogitante,
1618 3073 1743 3159 qui
1784 3094 2026 3142 omnes
2056 3071 2202 3141 vult
2232 3071 2456 3142 salvos
2505 3071 2679 3151 fieri,
2710 3086 2777 3142 et
2814 3072 2900 3141 ad
2943 3072 3140 3162 agni-

572 3160 827 3229 tionem
880 3159 1182 3230 veritatis
1233 3162 1487 3242 venire,
1544 3160 1726 3231 hanc
1760 3160 1864 3229 illi
1922 3173 2222 3230 mentem
2292 3160 2643 3251 aspiravit,
2678 3173 2757 3230 ut
2801 3183 2843 3229 a
2893 3161 3139 3250 primis

571 3250 810 3318 aetatis
879 3248 1096 3317 initiis
1142 3271 1368 3338 usque
1431 3249 1520 3318 ad
1590 3262 2013 3319 senectutem
2068 3249 2376 3318 admissa
2444 3261 2721 3338 peccata
2780 3249 3018 3318 omnia
3067 3249 3137 3318 in

570 3338 807 3407 charta
855 3336 1294 3408 describeret:
1335 3338 1522 3426 quod
1551 3359 1716 3409 cum
1749 3337 2050 3419 fecisset,
2089 3349 2389 3407 extremo
2421 3336 2569 3407 loco
2604 3338 2881 3428 scripsit
2911 3337 3134 3426 quod—

568 3427 729 3496 dam
772 3426 1262 3517 gravissimum
1296 3425 1590 3509 facinuS‚
1623 3427 2079 3514 chartamque
2105 3426 2399 3516 plumbo
2427 3426 2843 3517 obsignavit.
2886 3426 3139 3497 Deinde

567 3517 942 3587 observans
1005 3526 1280 3606 tempus
1340 3528 1853 3607 opportunum,
1928 3515 2210 3602 quando
2284 3529 2571 3585 sanctus
2619 3516 3001 3606 Episcopus
3050 3515 3136 3584 ad

570 3605 1074 3701 solitaspreces
1104 3604 1232 3674 iret
1280 3605 1351 3673 in
1387 3604 1753 3695 templum,
1808 3604 1987 3673 clam
2037 3604 2360 3685 accurrit,
2392 3603 2846 3691 chartamque
2893 3604 2980 3673 ad
3015 3626 3133 3694 pe-

568 3693 690 3764 des
717 3696 870 3784 ejus
918 3693 1311 3784 projiciens,
1360 3706 1563 3781 atque
1613 3715 1908 3784 pronam
1947 3715 2018 3762 se
2075 3694 2271 3764 humi
2326 3705 2790 3781 prosternenS,
2851 3694 2944 3762 ita
2990 3693 3133 3762 cla-

569 3783 823 3854 mabat:
862 3784 1179 3854 Miserere
1229 3783 1364 3852 mei
1414 3795 1648 3853 sancte
1687 3784 1826 3863 Dei,
1862 3803 2043 3869 quac
2073 3804 2228 3852 sum
2278 3780 2592 3850 omnium
2638 3783 2942 3852 maxima
2976 3803 3133 3871 pec·

569 3873 805 3941 catrix.
862 3871 1177 3941 Substitit
1210 3884 1439 3942 autem
1478 3870 1583 3940 vir
1612 3872 1758 3951 Dei,
1812 3884 1880 3940 et
1927 3872 2101 3941 tanti
2134 3892 2417 3940 causam
2451 3870 2711 3941 doloris
2765 3871 2852 3940 ab
2897 3892 2974 3939 ea
3029 3871 3134 3939 in·

569 3961 874 4048 quisivit.
932 3966 1009 4029 At
1056 3960 1218 4029 illa:
1274 3964 1443 4030 Ecce
1497 3961 1826 4042 Domine,
1865 3960 2115 4047 inquit,
2170 3959 2405 4029 omnia
2439 3971 2718 4049 peccata
2763 3973 2828 4028 et
2876 3958 3135 4029 scelera

571 4072 722 4118 mea
771 4050 1020 4139 scripsi
1056 4049 1124 4117 In
1180 4049 1307 4119 hac
1362 4049 1625 4129 charta,
1668 4071 1959 4136 eamque
2007 4047 2395 4138 obsignavi.
2451 4053 2551 4117 Tu
2606 4062 2838 4118 autem
2896 4061 3136 4117 sancte

568 4139 684 4207 Dei
719 4138 935 4217 illam,
1002 4158 1281 4225 quaes0,
1341 4160 1427 4207 ne
1475 4139 1806 4228 resigneS,
1875 4137 1992 4207 sed
2047 4150 2313 4207 tantum
2381 4137 2704 4226 precibus
2757 4137 2893 4206 tuis
2947 4136 3138 4207 dilue

517 4226 522 4231 ’
569 4248 748 4312 quae
781 4228 851 4296 in
902 4248 983 4296 ea
1031 4226 1289 4316 scripta
1340 4241 1525 4298 sunt.
1579 4228 1708 4309 Qui
1757 4228 1945 4296 enim
2006 4226 2185 4295 hanc
2239 4225 2413 4294 mihi
2462 4225 2831 4315 inspiravit
2878 4226 3139 4315 cogita-

572 4317 854 4396 tionem,
898 4315 1190 4386 omnino
1222 4315 1542 4385 exaudiet
1580 4329 1641 4385 te
1691 4337 1814 4406 pro
1854 4337 1962 4384 me
2001 4314 2509 4404 deprecantem.

658 4408 694 4493 ξ
742 4410 915 4478 30.
974 4410 1262 4495 Magnus
1313 4418 1540 4476 autem
1598 4404 1894 4477 Basilius
1953 4403 2198 4473 tollens
2246 4404 2580 4483 chartam,
2643 4418 2708 4473 et
2750 4402 3138 4493 suspiciens
