3357 4995
189 357 238 421 J
247 354 420 421 UNlI
470 355 555 418 26
911 373 988 420 me
1036 370 1091 419 S.
1145 371 1480 422 minemo
1529 372 1764 423 name.
1818 373 2015 423 muse.
2526 360 2651 423 595

189 457 619 527 habitatione
646 456 934 527 mirifice
962 457 1356 529 delectatus⁸
1397 460 1801 530 Laetabatur
1828 461 2013 529 enim
2042 460 2437 530 solitudine:
2481 484 2605 531 nec
2636 475 2740 530 ta-

190 568 359 616 men
395 545 671 636 saepius
717 567 757 615 a
798 546 1027 617 Priore
1075 559 1352 618 vocatus
1399 548 1484 618 ad
1519 548 1914 629 consilium,
1969 570 2165 618 suam
2209 555 2487 640 operam
2523 572 2734 639 nega-

186 634 358 704 bat:
411 655 631 791 negue
676 635 884 704 etiam
931 635 1191 706 destitit
1250 659 1343 706 un
1399 659 1556 706 uam
1624 636 2146 727 reprehendere,
2200 638 2259 707 si
2306 638 2473 727 quid
2543 639 2734 709 fieret

187 736 467 814 praeter
545 743 824 793 ecorum
873 736 995 794 aut
1038 724 1315 795 Ordinis
1421 737 1822 806 onestatem‚
1877 725 1981 796 vel
2011 725 2194 812 quod
2244 727 2555 797 instituto
2583 732 2738 797 Car-

182 812 523 882 thusiano
573 811 861 881 minime
893 814 1324 883 conveniret:
1381 814 1592 885 immo
1639 836 1796 883 vero
1843 814 2069 901 quoad
2107 815 2297 896 vixit,
2343 816 2464 885 toti
2495 816 2738 886 Ordini

185 900 652 970 carthusiano
712 902 1153 992 corrigendo,
1213 903 1728 984 conservando,
1790 902 2044 973 tuendo
2108 916 2173 972 et
2232 905 2737 1004 propugnando

180 1011 397 1060 suam
456 1010 759 1080 operam,
812 990 1012 1076 quasi
1058 991 1451 1062 communis
1498 990 1783 1079 quidam
1896 1012 2099 1060 arens
2142 1004 2434 1073 navavit,
2488 1007 2555 1063 et
2600 994 2738 1062 nisi

177 1078 315 1148 ille
351 1076 617 1158 fuisset,
672 1098 808 1146 non
845 1089 1076 1149 tantus
1124 1078 1197 1148 in
1231 1079 1588 1150 carthusia
1622 1079 1846 1170 discip
1881 1080 2034 1150 inae
2086 1082 2508 1152 monasticae
2540 1083 2738 1173 vigor

178 1179 254 1236 et
294 1167 482 1257 rigor
517 1180 1032 1257 perseverasset,
1065 1167 1183 1237 sed
1223 1167 1342 1238 illa
1371 1189 1642 1256 quoque
1677 1169 1894 1238 instar
1918 1168 2211 1238 aliarum
2251 1170 2400 1240 laxo
2428 1170 2738 1241 fluxisset

181 1257 381 1328 sinu.
435 1255 666 1325 Multis
714 1276 873 1325 vero
945 1256 1150 1326 etiam
1211 1256 1365 1326 aliis
1414 1258 1670 1329 sanctis
1728 1257 1918 1343 lociS,
1975 1257 2340 1348 permultis
2390 1272 2534 1328 tum
2591 1259 2736 1328 Cle-

178 1343 382 1425 riciS,
427 1356 571 1413 tum
623 1342 841 1425 laiciS,
871 1343 956 1413 ad
997 1344 1546 1415 emendationem
1573 1357 1637 1416 et
1671 1344 2025 1446 religionis
2058 1346 2561 1416 incrementum
2593 1371 2732 1417 non

180 1453 445 1524 parum
494 1431 844 1502 contulere
893 1433 1044 1524 eJus
1101 1433 1432 1504 ferventes
1479 1434 1990 1505 adhortationes
2036 1447 2102 1503 et
2156 1436 2416 1525 optima
2456 1435 2727 1506 vivendi

177 1520 549 1633 exempla<
585 1519 710 1590 Sed
736 1520 886 1621 jam
934 1521 1021 1590 ad
1070 1521 1206 1591 alia
1239 1544 1630 1613 pergamus.

276 1613 319 1698 ξ
366 1610 508 1682 15.
565 1613 687 1677 Per
741 1610 809 1677 1d
847 1622 1119 1699 tempus
1165 1611 1235 1679 in
1296 1616 1650 1681 Portarum
1702 1611 2054 1680 Carthusia
2092 1611 2299 1702 primi
2331 1612 2583 1683 Prioris
2629 1614 2730 1683 lo·-

180 1721 358 1769 eum
407 1697 757 1767 obtinebat
784 1698 1077 1768 eximius
1107 1711 1298 1789 pater
1330 1699 1717 1769 Bernardus
1745 1699 1801 1780 ⁴,
1845 1700 1963 1787 qui
2012 1700 2253 1788 quanti
2284 1700 2470 1789 apud
2513 1705 2728 1771 Deum

181 1786 423 1857 meriti
458 1787 566 1867 sit,
605 1808 745 1873 qua
793 1787 1161 1857 memoriae
1192 1787 1579 1858 celebritate
1626 1788 1906 1878 dignuS,
1963 1787 2181 1857 multa
2229 1801 2293 1858 et
2341 1790 2720 1879 praeclara,

180 1889 333 1947 tam
374 1875 446 1943 in
496 1873 924 1965 spiritalibus
962 1897 1171 1963 quam
1224 1876 1741 1968 temporalibus,
1794 1878 1943 1946 e'us
1982 1899 2188 1968 opera
2235 1890 2301 1947 et
2349 1878 2579 1948 studia
2628 1891 2730 1948 te-

176 1974 503 2036 stantur:
560 1985 807 2121 nemdpe
866 1965 1017 2053 ejus
1072 1966 1468 2055 monasterii
1502 1963 1793 2054 amplitu
1848 1988 1910 2046 o,
1949 1978 2163 2035 terrae
2197 1967 2417 2057 spatia
2450 1967 2730 2038 abunde

179 2050 642 2133 sufficientia,
743 2073 946 2124 omus
993 2054 1144 2143 ipsa
1193 2054 1549 2124 aedificata
1596 2066 1662 2123 et
1718 2066 1993 2131 strenue
2040 2055 2444 2145 gubernata,
2508 2055 2726 2146 pluri·

178 2142 462 2227 misque
511 2140 753 2210 referta
780 2141 1002 2222 bonis,
1040 2140 1328 2213 fratrum
1370 2142 1668 2233 diligens
1708 2165 1896 2219 cura,
1935 2143 2108 2212 disci
2163 2142 2345 2213 linae
2394 2146 2729 2215 monasti-

177 2251 306 2299 cae
360 2229 739 2319 integritas,
776 2243 841 2299 et
871 2231 1031 2300 boni
1066 2251 1289 2302 mores
1326 2230 1612 2301 fratrum
1713 2231 1999 2318 luraque
2030 2253 2100 2300 re
2132 2232 2293 2322 igi0,
2334 2231 2527 2323 larga
2576 2256 2726 2303 ma-

176 2339 321 2387 nus
394 2316 465 2385 in
527 2317 830 2397 Christo,
897 2330 964 2388 et
1026 2318 1110 2388 ad
1161 2319 1472 2389 dandum
1543 2332 1607 2389 et
1660 2253 1955 2411 benigne
2023 2319 2414 2390 faciendum
2487 2322 2725 2411 egenis

179 2417 526 2497 porrecta,
582 2406 717 2475 alia
764 2407 969 2476 etiam
1001 2407 1171 2489 loca,
1223 2408 1479 2495 quibus
1520 2430 1687 2479 suae
1732 2408 2089 2479 facultates
2122 2430 2257 2478 non
2309 2406 2724 2491 sufficerent,

176 2494 452 2566 crebris
483 2506 548 2565 et
588 2495 858 2597 magnis
898 2494 1035 2566 fota
1074 2496 1462 2578 beneficiis,
1494 2520 1532 2567 e
1563 2497 1821 2585 quibus
1871 2519 2036 2568 sane
2076 2495 2413 2568 nonnulla
2454 2520 2731 2589 pessum

175 2586 431 2657 iissent
475 2606 652 2671 quae
689 2606 838 2673 jam
885 2585 1037 2674 ejus
1068 2585 1352 2657 suffulta
1382 2585 1801 2657 liberalitate
1839 2587 2246 2656 consistunt.
2285 2587 2496 2657 Dabat
2534 2609 2732 2657 nam-

175 2695 316 2761 que
370 2671 486 2741 ille
546 2672 1018 2774 indigentibus
1068 2673 1462 2757 liberaliter,
1528 2675 1858 2766 inprimis
1917 2687 2145 2744 autem
2205 2674 2544 2765 religiosis
2591 2676 2732 2747 sive

180 2761 615 2833 monasticae
661 2774 838 2831 v1tae
885 2762 1310 2833 cultoribus:
1385 2777 1449 2833 et
1492 2762 1896 2855 suppetebat
1949 2763 2132 2851 quod
2178 2763 2565 2854 largiretur.
2625 2770 2730 2835 At-

176 2873 320 2939 que
367 2849 499 2920 hoc
540 2848 640 2919 illi
670 2849 1002 2922 divinitus
1030 2850 1358 2922 collatum
1404 2865 1549 2922 erat
1602 2873 1881 2934 munuS,
1943 2864 2021 2921 ut
2077 2851 2162 2921 ab
2197 2851 2545 2933 omnibus,
2598 2854 2723 2940 qui

176 2939 285 3010 vel
338 2936 647 3008 viderent
701 2960 886 3019 eum,
944 2939 1044 3008 vel
1092 2938 1178 3009 de
1230 2939 1350 3010 illo
1399 2940 1741 3034 audirent³
1808 2941 1980 3009 mire
2025 2939 2450 3031 diligeretur,
2513 2962 2648 3010 non
2689 2964 2731 3010 a

178 3026 433 3098 vicinis
473 3026 697 3109 modo,
734 3027 853 3096 sed
887 3028 1090 3097 etiam
1120 3028 1359 3119 procul
1389 3029 1825 3119 degentibuS,
1863 3029 2032 3099 adeo
2065 3040 2142 3099 ut
2166 3029 2373 3098 etiam
2420 3028 2730 3119 plerique

177 3117 252 3186 in
295 3115 702 3205 longinquis
751 3116 1174 3216 regionibuS‚
1230 3117 1575 3206 quidquid
1625 3116 1742 3186 ille
1790 3117 2206 3198 mandasset,
2243 3117 2533 3188 libenter
2578 3120 2729 3210 ejus

177 3216 509 3297 parerent
537 3203 894 3275 voluntati.

267 3297 306 3383 ξ
353 3296 510 3367 16.
561 3298 974 3363 Innumeros
1000 3294 1297 3384 peccatis
1328 3293 1594 3365 deditos
1621 3304 1686 3363 et
1717 3293 2128 3385 implicatos,
2174 3295 2259 3364 ad
2293 3295 2545 3364 bonam
2578 3294 2724 3364 sru-

179 3404 336 3473 gem
385 3394 455 3452 et
485 3381 657 3451 vitae
688 3381 1239 3453 emendationem
1297 3381 1605 3464 adduxit,
1641 3382 1820 3452 etad
1869 3382 2139 3452 diversa
2189 3384 2604 3454 monasteria
2651 3394 2716 3451 et

183 3471 577 3561 propinqua
623 3482 690 3540 et
734 3482 995 3543 remota
1043 3471 1330 3546 remisit.
1368 3470 1510 3542 illic
1547 3476 1677 3540 Deo
1718 3472 2113 3543 servituros.
2152 3471 2278 3540 Ubi
2329 3484 2559 3542 autem
2610 3493 2719 3541 se-

178 3572 452 3631 nectute
484 3560 702 3649 premi
736 3581 809 3630 se
841 3560 1076 3641 sensit,
1130 3559 1216 3629 ab
1268 3561 1564 3630 externis
1612 3559 1967 3631 laboribus
2016 3560 2370 3647 quiescere
2401 3559 2716 3650 cupiens,

178 3661 256 3719 ut
301 3659 534 3739 posset
590 3649 981 3719 accuratius
1041 3648 1167 3719 uni
1224 3670 1466 3718 vacare
1514 3653 1670 3730 Deo,
1725 3648 1938 3720 simul
1972 3649 2182 3718 etiam
2231 3648 2602 3740 indignum
2653 3669 2725 3717 se

178 3736 605 3813 existimans,
640 3737 761 3825 qui
810 3758 1081 3827 semper
1109 3735 1265 3806 aliis
1296 3736 1793 3819 dominaretur,
1849 3736 2128 3807 tandem
2178 3737 2366 3827 apud
2392 3758 2464 3807 se
2490 3737 2728 3807 statuit

181 3825 336 3895 aliis
374 3826 658 3896 subesse
692 3825 919 3916 potius
943 3847 1154 3914 quam
1183 3847 1517 3916 praeesse.
1556 3825 1882 3896 Abdicato
1913 3826 2143 3913 itaque
2172 3826 2425 3897 Prioris
2465 3824 2718 3906 officio,

182 3909 268 3981 de
297 3913 431 3983 alio
464 3913 946 3986 substituendo
992 3914 1326 3995 solicituS‚
1385 3937 1547 3985 cum
1588 3926 1768 3984 esset
1805 3913 1910 3984 vir
1973 3914 2303 4006 prudens,
2354 3935 2476 3983 nec
2525 3914 2725 3984 vellet

185 3998 259 4066 in
296 4000 555 4073 incerto
600 4024 792 4093 spem
839 4002 1195 4084 collocare,
1235 4003 1440 4073 talem
1490 4003 1625 4072 sibi
1669 4002 2048 4095 subrogare
2080 4014 2370 4074 conatus
2419 4013 2546 4085 est,
2600 4002 2725 4090 qui

185 4085 564 4177 diligentia,
601 4092 1002 4163 auctoritate
1031 4103 1097 4162 et
1142 4091 1528 4182 integritate
1561 4114 1688 4162 sua
1727 4091 2006 4162 Ordinis
2040 4092 2376 4172 instituta,
2419 4091 2543 4161 diu
2577 4091 2721 4160 illic

186 4171 466 4247 ferventi
490 4180 738 4269 spiritu
773 4182 1130 4251 observata
1158 4192 1482 4263 tueretur,
1523 4202 1647 4251 nec
1687 4179 1940 4251 sineret
1971 4192 2314 4272 tepescere
2347 4180 2713 4258 fervorem,

190 4274 307 4333 aut
352 4263 589 4338 fratres
639 4270 710 4338 in
756 4269 1092 4340 deteriora
1147 4269 1436 4361 prolabi.
1501 4274 1710 4340 Nemo
1747 4282 1976 4338 autem
2018 4270 2302 4340 moleste
2351 4269 2546 4350 ferat,
2603 4280 2720 4338 aut

244 4481 270 4508 ⁴
299 4481 414 4526 Cum
433 4484 766 4530 elaravsuenst
782 4489 892 4531 Abb.
913 4489 963 4532 et
984 4489 1107 4532 Eccl.
1128 4488 1260 4530 Doet.
1279 4496 1397 4539 pene
1414 4495 1585 4532 coaevo
1604 4496 1702 4531 uon
1721 4486 2091 4532 confundendus.
