3357 4995
206 329 428 395 JUNII
478 329 561 393 ’13
937 347 1018 394 ns
1065 347 1120 394 s.
1176 339 1448 395 moino
1496 347 1535 391 A
1585 346 1794 393 mnu».
1842 345 2021 396 mero
2534 331 2664 395 295

260 455 478 510 ressu,
533 431 843 522 seipsum
891 430 1239 502 interdum
1290 442 1673 506 sustentare
1738 453 1872 501 non
1925 443 2174 521 posset.
2232 431 2340 501 Sic
2389 431 2601 521 igitur
2649 434 2751 502 vir

207 457 329 592 file
379 520 626 610 plenus
651 520 1014 610 sapientia,
1068 541 1205 589 non
1257 520 1446 589 brevi
1475 534 1607 589 tem
1664 541 1781 590 ore
1830 519 1959 592 sim
2017 519 2120 588 lex
2171 519 2398 589 vixita
2453 521 2545 590 ud
2582 521 2751 590 sim-

206 610 447 701 plices,
486 620 551 678 et
582 630 860 678 omnem
910 609 1374 699 arrogantiam
1412 542 1663 679 humill
1699 608 1903 680 corde
1994 611 2283 688 evitans,
2323 631 2404 677 su
2485 610 2750 680 indocti

212 719 504 790 persona
550 697 811 788 gratiae
841 697 1076 767 lumen
1127 697 1514 767 abscondit.

296 790 335 875 ξ
381 790 462 858 S.
519 786 646 855 Sed
677 808 814 855 non
846 798 949 857 est
982 809 1228 877 passus
1277 791 1453 857 Deus
1486 808 1759 877 semper
1792 786 2000 854 latere
2024 807 2209 864 eum,
2248 786 2599 873 voluitque
2628 788 2753 856 ali-

149 881 165 900 ⁴
212 876 488 963 quando
517 874 719 945 illum
753 876 1198 945 innotescere.
1236 879 1406 944 Cum
1430 876 1614 944 enim
1651 875 1949 952 multum
1970 875 2116 962 jam
2154 876 2480 964 temporis
2513 877 2752 947 fluxis-

216 978 335 1045 set,
390 965 631 1033 fratres
670 986 790 1054 pro
839 964 1054 1034 sacris
1086 963 1512 1054 accipiendis
1559 965 1936 1034 Ordinibus
1969 964 2053 1032 ad
2092 969 2335 1032 Forum
2380 965 2542 1032 Livii
2575 988 2752 1052 quae

215 1067 311 1123 est
358 1053 681 1123 Aemiliae
721 1053 990 1134 civitas,
1044 1055 1559 1122 confluxerunt:
1595 1055 1773 1123 inter
1819 1075 1994 1139 quos
2040 1052 2260 1122 adsuit
2298 1054 2500 1122 etiam
2553 1059 2751 1124 Anto·

217 1144 373 1212 nius
419 1155 485 1211 et
529 1141 810 1229 quidam
867 1147 1129 1212 Fratres
1178 1149 1242 1212 S.
1299 1143 1659 1212 Dominici.
1717 1148 2018 1211 Instante
2085 1153 2313 1211 autem
2364 1141 2750 1213 collationis

217 1230 407 1312 hora,
462 1231 791 1300 fratribus
855 1252 935 1299 ex
987 1252 1173 1300 more
1227 1252 1480 1321 congre
1531 1232 1686 1312 atis,
1738 1231 2042 1299 Minister
2098 1230 2228 1300 loci
2269 1230 2459 1300 illius
2507 1230 2749 1302 fratres

211 1319 697 1390 Dominicanos
748 1321 1031 1410 rogavit,
1084 1335 1161 1388 ut
1223 1320 1473 1390 sitienti
1531 1343 1615 1390 us
1650 1321 1936 1390 verbum
1971 1318 2213 1389 salutis
2263 1334 2740 1408 proponerent.

215 1406 363 1477 Illis
418 1408 920 1488 recusantibuS,
978 1408 1163 1494 quod
1214 1408 1385 1477 nihil
1438 1431 1509 1478 se
1567 1423 2112 1500 praeparassent,
2166 1409 2538 1498 instigante
2586 1431 2747 1479 eum

217 1496 477 1567 fortiter
500 1497 750 1588 spiritu
799 1498 939 1578 Dei,
987 1497 1291 1566 Minister
1328 1496 1410 1565 ad
1445 1499 1840 1577 Antonium,
1873 1497 1957 1566 de
1988 1497 2189 1584 cujus
2226 1498 2613 1567 eruditione
2647 1500 2750 1566 ni-

213 1585 314 1653 hil
363 1609 510 1655 com
565 1586 692 1660 erti
733 1586 1047 1668 habebat,
1080 1607 1150 1656 se
1175 1601 1599 1667 convertenS‚
1629 1587 1849 1674 jubet,
1891 1598 1967 1654 ut
2015 1585 2197 1676 apud
2242 1591 2504 1655 Fratres
2537 1587 2742 1665 dicat,
2796 1583 2802 1594 '

210 1674 494 1761 quicqui
591 1675 726 1764 ipsi
771 1687 1167 1765 suggereret
1196 1675 1483 1763 spiritus
1513 1676 1648 1744 Dei.
1684 1681 1825 1744 Non
1854 1677 2137 1765 putabat
2164 1696 2323 1743 eum
2371 1676 2746 1761 quicquam

212 1763 387 1832 scire
428 1763 511 1832 de
541 1764 904 1852 scripturis
931 1762 1210 1843 divinis,
1263 1776 1382 1832 aut
1431 1763 1677 1854 legisse
1725 1764 1986 1851 aliquid
2041 1764 2172 1832 nisi
2221 1762 2391 1832 forte
2437 1785 2613 1850 quae
2661 1765 2743 1833 ad

209 1852 749 1922 ecclesiasticum
800 1852 1105 1922 officium
1173 1853 1610 1951 pertinerent.
1680 1857 1882 1942 Spem
1947 1866 2170 1921 tamen
2224 1852 2633 1921 nonnullam
2684 1855 2748 1921 ei

210 1940 583 2019 adferebat,
621 1940 804 2027 quod
831 1942 1145 2012 audierat
1175 1940 1374 2010 1llum
1405 1942 1805 2011 necessitate
1834 1955 2138 2032 cogente,
2179 1940 2387 2027 idque
2443 1964 2741 2032 perram,

210 2029 476 2116 aliquid
528 2028 790 2099 literate
836 2030 1114 2099 dixisse.
1151 2034 1228 2098 Et
1280 2045 1463 2100 certe
1508 2052 1665 2100 cum
1719 2042 1952 2100 tantus
1981 2030 2093 2097 ille
2123 2043 2323 2107 esset,
2364 2043 2440 2099 ut
2490 2052 2750 2100 memo-

209 2119 314 2194 ria
350 2141 471 2209 pro
517 2118 875 2189 codicibus
921 2131 1248 2198 uteretur,
1284 2131 1349 2187 et
1400 2119 1663 2207 mystici
1713 2119 1968 2206 eloquii
2067 2118 2235 2187 tatia
2292 2120 2461 2187 mire
2509 2120 2748 2190 afflue-

211 2220 334 2287 ret,
391 2207 671 2296 peritior
717 2220 945 2277 tamen
981 2207 1168 2298 apud
1201 2212 1464 2278 Fratres
1496 2209 1876 2277 habebatur
1923 2209 2009 2276 ab
2044 2207 2427 2276 uendorum
2470 2208 2747 2278 culinae

210 2295 638 2376 utensilium,
681 2318 891 2383 quam
942 2298 1322 2386 scripturae
1379 2309 1654 2366 sanctae
1703 2297 2025 2384 mysteria
2077 2295 2490 2385 explicandi.
2546 2303 2747 2366 Prae-

213 2382 465 2452 fectum
513 2386 698 2454 enim
747 2406 979 2466 suum,
1023 2406 1229 2473 quem
1265 2385 1739 2455 Guardianum
1782 2386 2045 2464 dicunt,
2101 2384 2392 2473 supplex
2444 2398 2738 2475 rogarat,

209 2483 290 2543 ut
321 2473 553 2564 magni
585 2473 901 2545 beneficii
933 2474 1081 2545 loco
1113 2473 1254 2565 ipsi
1282 2474 1670 2564 permittere
1702 2475 1900 2544 vellet
1927 2474 2156 2544 eluere
2187 2474 2528 2561 coquinae
2558 2496 2741 2557 vasa,

211 2576 280 2631 et
314 2584 576 2632 verrere
622 2563 929 2721 guotidie
974 2563 1261 2633 fratrum
1298 2564 1678 2645 domicilia,
1710 2563 1885 2633 nulli
1933 2563 2051 2631 alii
2100 2563 2196 2632 rei
2226 2576 2464 2652 aptum
2514 2576 2578 2632 et
2610 2566 2747 2633 uti-

210 2650 346 2720 lem
382 2674 455 2721 se
487 2673 615 2722 con
675 2664 847 2733 tenS,
899 2674 1059 2722 cum
1107 2665 1284 2723 esset
1332 2675 1560 2722 revera
1588 2675 1708 2722 vas
1753 2653 2046 2721 electum
2080 2665 2146 2720 et
2179 2651 2406 2720 Sancti
2450 2652 2745 2740 Spiritus

207 2740 425 2829 gratia
479 2741 867 2810 multivaria
899 2754 1246 2811 ornatum.
1285 2742 1658 2812 Mundabat
1683 2764 1845 2843 ergo
1877 2741 2183 2828 quotidie
2217 2740 2468 2809 humili
2518 2764 2596 2810 ac
2625 2740 2746 2810 de-

207 2841 361 2898 voto
390 2829 596 2898 corde
620 2829 895 2899 culinae
923 2852 1032 2900 res
1059 2842 1126 2900 et
1162 2829 1453 2901 fratrum
1480 2831 1858 2909 domicilia,
1896 2830 2187 2899 eximiae
2219 2829 2583 2917 cujusdam
2620 2832 2747 2898 hu-

207 2917 520 2987 militatis
565 2930 631 2987 et
661 2931 1097 3009 contemptus
1131 2920 1239 2990 sui
1279 2920 1364 2989 de
1393 2942 1466 2990 se
1510 2919 1821 3008 exempla
1848 2919 2208 3019 praebens.
2241 2923 2381 2987 Non
2413 2918 2503 2987 ita
2530 2933 2746 3008 agunt

205 3005 517 3096 plerique
549 3005 690 3085 alii,
742 3009 865 3094 qui
912 3021 1091 3089 ante,
1130 3030 1338 3094 quam
1368 3010 1508 3078 sint
1535 3007 1888 3098 discipuli,
1931 3008 2241 3097 magistri
2281 3028 2431 3076 esse
2480 3007 2741 3089 volunt,

213 3112 496 3181 seseque
544 3095 614 3163 in
667 3096 1064 3167 cathedram
1114 3098 1508 3188 importune
1557 3100 1626 3165 in
1678 3119 1866 3166 erere
1916 3117 2051 3166 non
2103 3109 2444 3165 verentur.
2501 3100 2747 3165 Contra

209 3184 545 3254 Antonius
569 3184 715 3271 jam
743 3185 1085 3275 perfectus
1117 3187 1186 3253 in
1223 3187 1584 3277 scripturis
1664 3185 1891 3261 ivinis,
1945 3185 2119 3255 inter
2158 3185 2405 3254 idiotas
2436 3196 2502 3253 et
2541 3187 2747 3255 rudes

205 3272 421 3344 laicos
457 3273 695 3343 haberi
744 3274 988 3345 maluit
1015 3296 1221 3361 quam
1255 3275 1513 3345 sciolus
1560 3287 1680 3345 aut
1723 3274 2047 3364 magister
2094 3273 2333 3351 videri,
2431 3274 2746 3362 otiusque

208 3359 568 3432 laboribus
612 3365 939 3453 occupari
997 3362 1399 3444 culinariis,
1452 3386 1664 3451 quarn
1736 3363 2112 3453 magisterii
2175 3363 2370 3432 catlie
2425 3385 2577 3430 ram
2633 3385 2747 3433 oc-

207 3472 297 3519 cu
349 3471 489 3519 are.

295 3472 346 3625 ξ
378 3543 474 3609 θ.
531 3544 776 3609 Verum
810 3540 995 3609 enim
1045 3560 1201 3610 vero
1248 3540 1406 3608 licet
1439 3540 1597 3609 totis
1648 3541 1912 3609 viribus
1945 3541 2013 3608 in
2067 3540 2136 3608 id
2188 3540 2638 3619 incumberet,
2673 3552 2750 3608 ut

204 3649 246 3695 a
297 3627 604 3697 Ministro
634 3628 1033 3717 impositum
1085 3650 1344 3698 munus
1395 3627 1625 3698 liceret
1674 3628 1989 3698 subtersu
2039 3651 2173 3708 ere,
2230 3649 2365 3697 non
2411 3628 2632 3717 potuit
2660 3640 2746 3696 ta·

203 3737 369 3785 men
404 3727 554 3785 voto
585 3716 787 3806 potiri
819 3738 969 3787 su0.
1008 3717 1310 3786 Tandem
1342 3738 1507 3806 ergo
1532 3717 1784 3787 cedens
1812 3731 1955 3787 tum
1991 3652 2181 3787 filius
2216 3716 2572 3794 voluntati,
2598 3728 2746 3786 tum

198 3804 519 3874 omnium
554 3805 900 3894 precibus,
941 3826 1102 3875 cum
1145 3806 1388 3876 timore
1422 3806 1692 3874 Domini
1726 3807 1948 3895 primo
1981 3828 2181 3876 orsus
2206 3817 2308 3875 est
2338 3805 2750 3895 simpliciter

199 3891 293 3962 ad
326 3914 442 3963 eos
489 3893 750 3963 dicere:
806 3894 925 3964 sed
979 3915 1140 3964 cum
1193 3893 1391 3964 vellet
1439 3895 1769 3964 Dominus
1830 3895 2187 3965 lucernam
2237 3895 2570 3963 hactenus
2618 3894 2749 3964 sub

204 3979 444 4052 modio
476 3981 795 4072 positam,
828 3984 897 4052 in
930 3983 1245 4053 omnium
1284 3995 1732 4073 conspectum
1768 3984 2078 4073 proferri,
2123 3984 2191 4052 in
2225 3984 2556 4052 orationis
2589 4004 2750 4073 pro-

202 4090 452 4161 gressu
479 4082 665 4141 tanto
695 4073 1062 4142 verborum
1111 4072 1500 4163 splendore,
1547 4084 1736 4141 tanta
1760 4073 2211 4161 mysticarum
2253 4072 2750 4142 sententiarum

201 4157 574 4230 altitudine
603 4181 782 4231 usus
821 4171 947 4243 est,
986 4171 1066 4232 ut
1111 4183 1352 4232 omnes
1381 4160 1451 4230 in
1504 4183 1855 4232 summam
1882 4161 2410 4231 admirationem
2454 4160 2749 4230 adduce·

203 4258 472 4327 rentur,
531 4249 828 4320 maxime
855 4249 1042 4337 quod
1092 4264 1359 4341 praeter
1395 4250 1712 4320 omnium
1742 4251 2139 4341 opinionem
2183 4249 2252 4319 id
2284 4251 2622 4320 eveniret:
2660 4248 2757 4318 si-

202 4337 356 4406 mul
401 4336 620 4407 etiam
656 4336 908 4408 eximia
954 4339 1107 4429 ejus
1145 4338 1478 4410 charitate
1528 4360 1666 4409 non
1700 4338 2136 4410 mediocriter
2194 4337 2749 4417 aedificarentur,

207 4445 336 4496 nec
358 4423 706 4497 affirmare
733 4426 1153 4509 dubitarent,
1183 4428 1527 4518 eJusmodi
1557 4449 1945 4499 sermonem
1977 4449 2336 4515 nunquam
2370 4449 2441 4499 se
2466 4426 2756 4496 antehac
