3357 4995
235 287 445 356 JUNII
491 293 575 357 25
936 308 1015 354 nn
1062 309 1119 356 s.
1171 305 1486 357 rnnnoma
1537 308 1707 356 vino.
1761 309 1837 356 m·
1884 309 2075 355 nar.
2560 294 2676 357 55⁴

240 393 494 482 Spiritu
533 393 824 474 afflatas,
881 393 1236 465 sororibus
1272 392 1555 485 posthac
1606 394 2208 483 interpretabitur?
2255 416 2594 482 quaenam
2632 417 2775 465 ma-

236 505 372 552 nus
420 495 565 553 tuos
614 482 825 552 libros
876 481 1319 552 revolvent‘?»
1378 488 1556 552 Haec
1595 504 1758 552 cum
1794 483 2086 551 Brienna
2133 482 2483 564 clamaret,
2536 506 2775 555 omnes

242 593 505 640 sorores
552 593 728 659 quae
776 570 985 655 simul
1036 592 1195 640 cum
1250 571 1555 640 Aetheria
1604 571 2086 652 discesserant,
2141 571 2225 640 ad
2279 573 2774 644 monasterium

240 659 628 731 redierunt:
681 671 748 729 et
799 660 1227 751 procidentes
1275 682 1436 730 cum
1475 659 1820 748 lacrymis,
1868 661 2190 750 martyris
2227 662 2597 731 Febroniae
2630 685 2779 732 cor-

242 771 377 838 pus
422 762 778 819 veneratae
807 761 992 819 sunt.
1035 747 1367 818 Similiter
1398 761 1464 818 et
1492 749 1721 818 Hieria
1746 747 2124 818 clamabat:
2167 750 2592 819 «venerabor
2621 773 2777 822 san-

240 848 385 907 ctos
432 837 588 907 illos
634 836 867 928 pedeS,
898 837 1153 923 quibus
1194 839 1532 927 serpentis
1561 851 1772 929 caput
1808 838 2289 908 conculcatum
2325 854 2447 908 est.
2485 845 2777 909 Exoscu-

241 925 430 997 labor
477 927 763 996 vulnera
816 940 1210 996 sanctarum
1263 926 1740 1013 reliquiarum,
1791 926 2047 1014 quibus
2105 940 2343 997 curata
2390 940 2490 997 est
2537 929 2770 997 anima

237 1037 412 1084 mea.
467 1015 817 1085 Coronabo
848 1015 1135 1085 floribus
1165 1014 1640 1085 laudationum
1694 1029 1903 1106 caput
1960 1015 2157 1095 illud,
2211 1016 2394 1102 quod
2456 1018 2774 1087 certami-

230 1125 403 1172 num
460 1104 977 1193 pulchritudine
1017 1126 1237 1193 genus
1269 1117 1580 1173 nostrum
1622 1105 2048 1174 coronavit.»
2079 1109 2257 1173 Haec
2306 1126 2462 1174 cum
2493 1105 2776 1175 dixisset

232 1193 486 1273 Hieria,
540 1192 775 1262 aderat
824 1214 1043 1262 nonae
1083 1192 1289 1262 horae
1324 1205 1619 1283 tempus,
1652 1199 1891 1262 Postea
1923 1214 2079 1263 vero
2126 1215 2336 1280 quam
2393 1194 2771 1264 orationem

231 1281 774 1370 compleverunt,
834 1281 1078 1350 iterum
1131 1282 1543 1371 planxerunt
1581 1304 1842 1362 omneS‚
1874 1295 1939 1351 et
1967 1304 2205 1351 earum
2239 1282 2536 1371 ejulatus
2575 1283 2774 1352 valde

230 1369 565 1440 confusus
613 1381 779 1439 erat.
834 1374 1001 1439 Cum
1051 1383 1278 1439 autem
1312 1393 1592 1460 vespera
1639 1370 2051 1450 advenisset,
2101 1371 2408 1440 laverunt
2455 1381 2769 1442 sanctum

232 1458 408 1528 illud
456 1481 732 1547 corpuS‚
785 1470 850 1528 et
908 1459 976 1527 in
1051 1480 1333 1529 scamno
1382 1482 1508 1529 suo
1556 1459 2061 1549 deposuerunt,
2127 1458 2404 1548 singula
2462 1460 2772 1529 membra

230 1548 385 1618 suis
408 1547 574 1618 locis
605 1548 1223 1618 accommodantes.
1258 1547 1421 1617 Dein
1447 1548 1662 1639 jussit
1686 1549 1978 1618 Brienna
2003 1547 2394 1619 monasterii
2426 1547 2603 1619 sores
2629 1559 2773 1619 tur-

230 1636 344 1706 bis
394 1636 719 1725 patefieri.
775 1639 950 1706 Dum
1002 1636 1211 1726 igitur
1260 1636 1498 1706 turbae
1546 1637 2035 1716 introivissent,
2085 1637 2199 1705 Dei
2248 1636 2539 1726 gloriam
2590 1637 2767 1707 cele-

231 1724 549 1803 brabant,
604 1737 670 1793 et
716 1723 1059 1794 seculares
1093 1724 1415 1796 mulieres
1464 1726 1835 1815 magistrae
1885 1748 2049 1794 suae
2099 1726 2467 1796 Febroniae
2516 1725 2772 1795 orbita-

239 1826 372 1883 tem
432 1813 1005 1882 lamentabantur.
1060 1819 1404 1883 Venerunt
1480 1827 1709 1882 autem
1757 1827 1821 1883 et
1868 1814 2149 1901 quidam
2187 1837 2265 1882 ex
2323 1814 2407 1883 iis
2460 1814 2771 1903 patribus

233 1903 355 1989 qui
405 1901 759 1971 sanctitate
809 1914 1230 1992 praestantes
1276 1912 1494 1982 erant,
1531 1915 1594 1971 et
1631 1903 2126 1972 monachorum
2167 1902 2475 1992 plurimi,
2512 1903 2634 1990 qui
2672 1916 2770 1973 to-

240 2004 381 2059 tam
417 2003 678 2060 noctem
713 1993 1099 2061 insomnem
1150 2002 1649 2082 transegerunt.

322 2083 358 2164 ξ
408 2083 568 2151 82.
623 2083 972 2149 Caeterum
1012 2080 1463 2169 Lysimachus
1502 2103 1661 2150 cum
1696 2080 2002 2148 Primum
2037 2079 2361 2149 Comitem
2413 2079 2499 2148 ad
2550 2102 2624 2149 se
2658 2103 2769 2149 ac-

230 2167 469 2236 cersiri
509 2167 859 2254 Jussisset:
894 2173 1106 2268 «Ego,
1161 2169 1406 2256 inquit,
1460 2168 1787 2239 omnibus
1829 2169 2069 2258 patriis
2117 2168 2468 2248 institutiS,
2522 2181 2586 2237 et
2613 2170 2770 2237 uni-

232 2277 430 2323 versa
464 2253 781 2326 facultate
828 2257 1172 2339 derelicta,
1219 2257 1303 2326 ad
1342 2258 1686 2326 Christum
1715 2278 1823 2326 me
1853 2257 2227 2346 adJungo.»
2269 2263 2436 2325 Tum
2467 2257 2765 2328 Primus:

229 2348 350 2413 «Et
400 2365 525 2434 ego
555 2344 733 2414 idem
765 2345 1036 2415 faciam.
1075 2345 1304 2416 Valeat
1353 2345 1835 2424 DiocletianuS,
1883 2359 1947 2413 et
1985 2344 2139 2432 ejus
2171 2345 2570 2435 Imperium.
2609 2349 2769 2413 Om—

226 2433 442 2503 nibus
476 2433 713 2523 patriis
750 2434 958 2506 rebus
990 2435 1323 2505 nuncium
1367 2435 1656 2514 remitto,
1693 2448 1758 2503 et
1783 2433 1866 2503 ad
1905 2433 2247 2504 Christum
2283 2433 2605 2503 accedo.»
2634 2438 2770 2504 Ita—

231 2543 367 2610 que
418 2522 739 2593 derelicto
780 2524 1143 2605 PraetoriO,
1202 2536 1534 2594 venerunt
1571 2536 1634 2593 et
1674 2523 1807 2614 ipsi
1840 2545 1999 2592 cum
2039 2536 2172 2592 tota
2214 2522 2657 2592 multitudine
2699 2523 2769 2592 in

234 2612 759 2681 monasterium.
797 2616 963 2682 Cum
997 2634 1151 2683 vero
1192 2612 1339 2682 dies
1372 2612 1731 2691 illuxisset,
1774 2625 2104 2681 venerunt
2150 2612 2271 2699 qui
2322 2610 2584 2682 loculos
2615 2634 2770 2701 por-

233 2701 495 2780 tabant,
543 2711 609 2769 et
658 2700 891 2770 multis
922 2723 1082 2771 cum
1128 2702 1449 2792 precibus
1482 2724 1560 2771 ac
1601 2701 1930 2789 lacrymis
1980 2700 2305 2786 reliquias
2338 2713 2614 2769 sanctae
2650 2706 2768 2769 Fe-

232 2788 519 2859 broniae
549 2787 992 2880 collegerunt,
1060 2802 1125 2860 et
1171 2790 1447 2881 singula
1496 2789 1805 2859 membra
1851 2811 2029 2876 quae
2066 2789 2374 2859 abscissa
2410 2788 2682 2857 fuerant
2729 2812 2769 2858 a

236 2891 540 2966 martyre
587 2876 708 2946 illa
756 2891 1013 2958 sancta,
1074 2901 1201 2949 suo
1247 2900 1558 2966 quaeque
1615 2876 1762 2947 loco
1810 2876 2461 2957 accommodarunt,
2515 2888 2764 2966 caput,

236 2965 472 3055 pedes,
515 2987 768 3035 manus
811 2980 872 3036 et
908 2966 1173 3055 reliqua
1222 2968 1567 3037 membra:
1622 2967 1860 3036 dentes
1900 2988 2054 3035 vero
2103 2966 2168 3034 in
2224 2979 2491 3056 pectore
2545 2965 2770 3055 ipsius

236 3066 716 3146 reposuerunt.
770 3056 1035 3125 Turbae
1067 3068 1292 3125 autem
1330 3068 1707 3147 unguente,
1761 3068 1824 3124 et
1866 3068 2192 3133 castoreo,
2260 3066 2464 3141 atque
2503 3053 2771 3123 suavis-

232 3143 430 3214 simis
450 3143 779 3213 odoribus
807 3144 898 3212 ita
930 3144 1192 3214 loculos
1217 3144 1668 3235 repleverunt,
1701 3156 1776 3214 ut
1799 3158 2074 3213 sanctae
2110 3143 2479 3213 Febroniae
2516 3163 2769 3232 corpus

235 3253 674 3319 nequaquam
724 3254 761 3301 a
816 3244 1104 3323 pareret.
1172 3239 1335 3302 Cum
1395 3256 1549 3302 vero
1600 3232 1842 3304 seditio
1893 3231 2109 3301 multa
2175 3244 2516 3301 commota
2563 3242 2764 3311 esset,

231 3321 454 3391 turbis
514 3319 686 3411 ipsis
732 3255 1237 3403 cfamantibuS,
1315 3343 1535 3409 neque
1597 3320 1859 3392 loculos
1908 3319 2136 3390 claudi
2190 3330 2392 3407 atque
2459 3319 2769 3389 obturari

230 3408 827 3498 permittentibus,
881 3422 1118 3480 contra
1173 3432 1327 3479 vero
1377 3411 1711 3501 Episcopo
1758 3409 1954 3480 urbis
2003 3408 2233 3487 illius,
2299 3408 2656 3477 monachis
2706 3421 2772 3477 et

231 3496 503 3567 clericis
537 3496 732 3566 valde
780 3499 1241 3599 precantibus,
1274 3510 1351 3569 ut
1380 3499 1711 3586 reliquiae
1744 3509 2261 3587 reponerentur,
2310 3497 2548 3566 turbae
2577 3498 2770 3588 ipsae

236 3585 524 3656 minime
549 3587 1033 3657 assentiebant.
1061 3593 1249 3657 Tunc
1276 3587 1586 3658 ascendit
1616 3588 1907 3656 Brienna
1930 3587 1998 3655 in
2024 3585 2368 3656 excelsum
2397 3585 2766 3673 quemdam

231 3670 486 3756 locum,
553 3688 620 3744 et
667 3674 1068 3745 hortabatur
1118 3675 1353 3746 turbas
1409 3677 1517 3746 his
1567 3675 1824 3745 verbis:
1881 3681 2123 3745 Precor
2170 3697 2312 3752 vos,
2378 3674 2643 3743 domini
2705 3684 2770 3742 et

234 3759 475 3836 fratres
502 3763 662 3842 mei,
693 3774 771 3834 ut
804 3765 1045 3834 sinatis
1079 3765 1270 3834 illam
1307 3765 1376 3833 in
1417 3787 1546 3835 suo
1572 3765 1722 3834 loco
1750 3762 2011 3855 reponi.
2043 3768 2223 3833 Haec
2254 3762 2425 3832 dixit
2449 3763 2766 3842 Brienna,

233 3861 299 3918 et
346 3864 482 3922 tota
535 3851 906 3922 multitudo
953 3853 1014 3922 ei
1063 3853 1592 3944 obtemperavit:
1663 3853 2037 3939 multisque
2084 3874 2247 3922 cum
2301 3851 2620 3941 precibus
2690 3872 2770 3919 ac

235 3932 561 4027 lacrymis
608 3952 883 4011 sanctas
912 3940 1069 4012 illas
1096 3941 1423 4028 reliquias
1463 3953 1931 4032 exportarunt‚
1967 3952 2032 4010 et
2062 3941 2130 4009 in
2168 3940 2430 4031 insigni
2468 3938 2772 4028 quodam

236 4029 631 4100 monasterii
669 4028 819 4100 loco
868 4042 1358 4122 reposuerunt:
1397 4051 1776 4118 omnesque
1815 4031 1930 4100 Dei
1964 4029 2256 4120 gloriam
2307 4028 2768 4099 celebrabant.

239 4112 647 4208 Gyraecorum
713 4140 870 4189 vero
941 4118 1311 4190 multitudo
1380 4118 1674 4189 credidit
1723 4119 2050 4200 Domin0,
2104 4131 2170 4187 et
2215 4118 2365 4209 ejus
2430 4118 2773 4208 baptismo

238 4207 446 4272 tincta
475 4217 599 4277 est.
631 4211 800 4278 Item
850 4208 1304 4299 Lysimachus
1346 4221 1412 4278 et
1460 4208 1734 4279 Primus
1769 4206 2113 4298 baptismo
2161 4227 2295 4297 pur
2343 4207 2436 4276 ati
2484 4218 2671 4285 sunt,
2710 4216 2775 4274 et

235 4287 442 4359 rebus
490 4297 776 4366 terrenis
823 4296 1192 4378 derelictis,
1231 4296 1551 4367 abierunt
1595 4318 1758 4368 cum
1822 4294 2139 4366 Marcello
2187 4301 2309 4365 Arc
2365 4292 2766 4373 imandrita‚

235 4384 301 4443 et
345 4382 844 4456 exercitationis
885 4386 1305 4459 monasticae
1337 4385 1752 4477 palaestram
1779 4384 1867 4456 ad
1901 4384 2111 4456 finem
2137 4405 2360 4471 usque
2398 4405 2561 4454 cum
2589 4393 2772 4451 recte
