3357 4995
672 212 800 279 434
1425 230 1503 276 nn
1551 232 1607 276 s.
1661 229 1989 277 Lurcannss
2036 229 2294 277 vmcmn
2791 211 3013 279 JHNII
3063 214 3147 279 46

575 319 721 385 Non
770 313 995 384 solum
1033 313 1306 383 nullum
1348 336 1475 404 ego
1502 315 1989 404 Purgatorium
2026 336 2349 415 perpessa
2386 337 2568 395 su-m,
2602 313 2720 383 sed
2752 314 2958 385 etiam
2991 316 3143 386 loca

573 402 962 494 Purgatorii
1000 402 1443 492 praeteriens,
1484 401 1895 491 afflictisque
1929 404 2300 473 animabus
2338 402 2740 483 condolens,
2794 402 2937 473 illis
2970 404 3145 475 bene

574 492 933 582 precabar,
973 490 1509 582 compluresque
1556 514 1636 560 ex
1687 491 1827 561 illis
1880 491 1992 560 Dei
2024 492 2450 581 benignitate
2480 514 2520 561 e
2555 492 2794 582 poenis
2840 507 3135 594 ereptaS‚

572 581 659 649 ad
711 579 1019 671 paradisi
1065 579 1562 651 amoenissima
1623 580 1774 650 loca
1837 603 2110 650 mecum
2173 580 2453 650 abduxi.
2509 584 2691 651 Haec
2745 582 2866 651 ubi
2914 582 3087 652 d1xit
3119 639 3134 664 ,

571 669 967 740 Elizabetha
1018 668 1380 740 videbatur
1429 669 1561 738 sibi
1624 670 1913 750 audire,
1994 682 2323 757 tanquam
2386 669 2805 760 juvenculae
2860 671 3142 741 cuidam

573 757 886 839 moniali,
956 757 1305 828 Machtildi
1356 758 1661 839 nomine,
1718 758 1910 829 illam
1963 758 2352 828 dicentem:
2390 763 2691 848 ⁸Sequere
2740 781 2885 828 me:
2941 761 3144 830 intel-

573 845 936 938 ligensque
985 846 1071 915 iis
1121 846 1347 916 verbis
1395 846 1832 917 Machtildem
1890 846 1973 915 ad
2026 846 2497 917 excedendum
2546 869 2583 916 e
2631 848 2769 917 vita
2818 850 3135 931 invitari,

574 959 647 1006 se
692 957 967 1024 quoque
1014 935 1195 1005 ultro
1234 934 1484 1005 obtulit
1523 936 1608 1005 ad
1652 938 1744 1007 ita
1779 934 2211 1023 sequendum
2240 935 2457 1017 illam,
2512 936 2858 1024 dixitque:
2916 938 3142 1008 Liceat

574 1026 782 1095 etiam
818 1024 991 1094 mihi
1032 1025 1229 1112 sequi
1277 1036 1341 1094 te
1393 1037 1609 1094 mater
1654 1024 2087 1095 dulcissima.
2144 1025 2523 1115 Respondit
2562 1039 2792 1095 autem
2849 1031 3134 1117 Lutgar-

572 1114 719 1184 dis:
764 1119 907 1184 Non
955 1126 1145 1204 potes
1183 1135 1291 1183 me
1341 1113 1535 1200 sequi
1598 1113 1826 1195 modo,
1872 1114 1991 1182 sed
2041 1126 2276 1203 postea
2316 1134 2424 1182 me
2478 1127 2766 1184 matrem
2824 1118 3134 1202 sequeris

572 1203 741 1273 filia.
788 1203 1044 1272 Habuit
1092 1223 1246 1271 vero
1297 1202 1469 1271 visio
1521 1201 1638 1271 illa
1674 1225 1828 1272 mox
1877 1203 2195 1272 effectum
2245 1224 2478 1272 suum.
2514 1203 2899 1273 Juvencula
2947 1205 3133 1274 enim

573 1314 614 1361 a
662 1291 1002 1382 Lutgarde
1065 1291 1389 1370 invitata,
1443 1291 1624 1360 intra
1673 1313 1916 1361 novem
1966 1291 2113 1361 dies
2167 1290 2494 1361 defuncta
2539 1304 2679 1361 est:
2734 1291 3127 1363 Elizabetha

573 1402 732 1450 vero
762 1380 1143 1449 etiamnum
1181 1391 1496 1469 superest
1539 1380 1668 1470 (a).

661 1470 699 1556 ξ
746 1472 905 1539 58.
960 1472 1126 1538 Cum
1159 1481 1391 1538 autem
1412 1468 1610 1557 juxta
1644 1469 2009 1560 Lutgardis
2057 1469 2528 1558 propheticam
2583 1469 3123 1553 praedictionem

573 1557 727 1626 dira
776 1556 986 1646 pestis
1040 1556 1374 1626 moniales
1428 1557 1867 1644 Aquirienses
1940 1556 2325 1639 infestaret,
2381 1556 2723 1644 quaedam
2782 1578 2973 1628 soror
3013 1580 3151 1647 per

574 1646 799 1716 visum
831 1645 1084 1715 multos
1109 1646 1464 1736 conspexit
1493 1647 1563 1714 in
1601 1647 1999 1716 monasterii
2041 1646 2402 1715 ecclesiam
2440 1646 2814 1716 insolenter
2845 1648 3130 1717 irruere:

572 1757 873 1823 cumque
924 1735 1161 1804 nullus
1209 1757 1322 1805 eos
1359 1757 1794 1824 compescere
1846 1748 2095 1825 posset,
2159 1735 2328 1804 vidit
2381 1735 2790 1826 Lutgardem
2846 1759 2967 1807 sur
3016 1757 3131 1806 ere

574 1846 609 1893 e
662 1823 955 1904 tumu10‚
991 1835 1054 1892 et
1102 1845 1341 1894 omnes
1394 1823 1547 1893 illos
1597 1846 1872 1895 summa
1923 1825 1984 1894 vi
2041 1847 2079 1893 e
2119 1824 2374 1913 templo
2428 1825 2816 1894 exturbare.
2873 1829 2974 1895 Ha
3029 1826 3135 1895 uit

573 1934 729 1982 vero
776 1913 980 1981 etiam
1015 1911 1136 1981 illa
1170 1913 1341 1982 visio
1379 1913 1669 1983 celerem
1710 1914 2053 1995 effectum,
2093 1934 2291 1982 saeva
2322 1912 2440 1982 illa
2475 1926 2661 2003 peste
2691 1935 2730 1983 a
2779 1925 3130 1983 monaste-

573 2001 673 2070 rio
707 2001 1021 2088 Aquiriae
1051 2002 1433 2092 profligata.
1491 2006 1694 2070 Porro
1746 2001 2080 2071 moniales
2127 2001 2459 2088 quicquid
2501 2023 2538 2071 e
2586 2002 2807 2082 zonis,
2865 2002 3118 2093 peplis,

570 2089 762 2171 veliS,
802 2101 921 2158 aut
968 2089 1123 2159 aliis
1174 2091 1380 2160 rebus
1429 2090 1792 2180 Lutgardis
1840 2090 2093 2160 habere
2160 2103 2504 2179 poterant,
2562 2092 2870 2162 certatim
2919 2092 3126 2178 quasi

572 2201 696 2336 pro
736 2178 1069 2266 reliquiis,
1123 2192 1188 2248 et
1236 2202 1467 2249 revera
1501 2178 1872 2268 praeclaris
1923 2179 2256 2266 reliquiiS,
2311 2178 2396 2248 ad
2433 2201 2506 2249 se
2556 2202 2867 2271 rapuere.
2914 2181 3118 2251 Nobi-

603 2268 835 2337 issima
888 2280 1117 2337 autem
1173 2268 1399 2359 puella
1450 2269 1713 2337 Beatrix
1759 2266 1845 2337 de
1878 2269 2129 2337 Roavia
2198 2267 2546 2352 monialis,
2601 2291 2778 2356 quae
2836 2269 3130 2340 faculta-

572 2356 759 2426 tibus
815 2357 962 2426 suis
1011 2358 1327 2443 Aquiriae
1379 2357 1870 2426 monasterium
1923 2357 2010 2425 ab
2059 2357 2294 2445 inopia
2364 2358 2840 2446 copiosissime
2900 2358 3125 2428 vindi·

572 2446 771 2526 cavit,
827 2445 1248 2527 anthracem,
1289 2446 1450 2527 sive,
1498 2458 1573 2515 ut
1623 2444 1864 2515 Medici
1915 2459 2178 2526 vocant,
2235 2446 2769 2528 carbunculum,
2819 2447 2891 2516 in
2947 2446 3124 2518 collo

573 2535 865 2625 patienS‚
919 2535 1147 2604 velum
1211 2535 1456 2625 capitis
1508 2534 1871 2625 Lutgardis
1910 2535 1995 2605 ad
2046 2534 2304 2605 collum
2355 2537 2718 2626 apposuit,
2784 2538 3126 2626 pernicio-

571 2646 780 2711 seque
828 2638 1111 2714 turgens
1159 2623 1423 2693 malum
1474 2622 1648 2693 illud
1700 2637 1975 2715 repente
2024 2624 2380 2694 abscessit.
2419 2625 2753 2694 Dominus
2799 2624 3115 2705 Alardus,

569 2713 691 2800 qui
726 2713 796 2780 in
828 2735 906 2782 eo
942 2713 1355 2782 monasterio
1408 2734 1526 2802 per
1550 2711 1787 2783 multis
1836 2713 2040 2782 annis
2089 2711 2535 2804 capellanum
2575 2735 2612 2782 e
2659 2724 2837 2793 erat,
2865 2713 3120 2803 pollice

568 2802 805 2870 inflato
892 2800 1187 2870 multum
1242 2801 1439 2870 anxie
1502 2802 1967 2872 cruciabatur.
2027 2807 2091 2871 Is
2139 2801 2500 2892 Lutgardis
2548 2737 2880 2890 reffiquias
2929 2816 3113 2892 post-

569 2912 778 2977 quam
815 2889 902 2957 ad
938 2890 1257 2980 pollicem
1292 2888 1598 2980 alligavit
1645 2912 1770 2980 pro
1808 2890 2066 2960 doloris
2115 2903 2180 2959 et
2228 2891 2519 2961 tumoris
2568 2890 2911 2974 remedio,
2968 2911 3125 2961 mox

571 2978 953 3047 remedium
992 2979 1630 3068 praesentissimum
1661 2991 1981 3068 expertus
2019 2990 2140 3050 est.

654 3068 692 3153 ἓ
739 3072 888 3140 54.
930 3067 1072 3137 Oda
1119 3067 1438 3156 Aquiriae
1493 3068 1970 3158 Suppriorissa
2028 3067 2325 3158 graviter
2377 3091 2662 3138 manum
2712 3068 2979 3149 dolens,
3037 3091 3119 3137 ex

570 3155 1073 3247 circumligatis
1112 3158 1173 3224 ei
1209 3156 1569 3249 Lutgardis
1621 3155 1932 3243 reliquiis
1966 3157 2293 3226 continuo
2337 3156 2834 3248 perfectissime
2881 3171 3126 3227 curata

568 3255 692 3315 est.
754 3244 1081 3333 Ejusdem
1134 3245 1436 3314 nominis
1494 3246 2011 3335 consanguinea
2062 3245 2405 3325 monialis,
2479 3259 2638 3316 nata
2703 3267 2782 3316 ex
2830 3246 3113 3315 Braviae

571 3333 849 3426 oppido,
889 3357 1051 3425 prae
1080 3334 1326 3426 capitis
1357 3334 1728 3414 debilitate,
1760 3357 1899 3422 qua
1933 3335 2070 3403 diu
2111 3346 2343 3404 vexata
2391 3334 2542 3416 fuit,
2598 3334 2874 3404 nullum
2924 3357 3122 3424 pror-

570 3447 691 3493 sus
724 3422 852 3492 lilii
891 3424 1168 3494 odorem
1227 3422 1403 3494 ferre
1451 3424 1694 3515 potuit.
1734 3428 1826 3492 Ea
1873 3436 1950 3492 ut
2010 3423 2176 3493 vidit
2208 3422 2293 3492 ad
2354 3423 2704 3493 tumulum
2759 3424 3126 3514 Lutgardis

572 3512 718 3582 lilia
771 3514 1010 3603 posita,
1068 3514 1337 3583 horruit
1383 3512 1664 3601 quidem
1721 3513 1871 3603 ipso
1931 3525 2239 3603 aspectu:
2284 3512 2401 3582 sed
2434 3534 2596 3581 cum
2655 3524 2866 3603 caput
2899 3511 3124 3582 solum

570 3601 656 3670 ad
706 3603 1136 3684 tentandum,
1174 3624 1343 3672 num
1385 3616 1615 3693 posset
1648 3601 1942 3702 ingredi,
1988 3602 2058 3669 in
2091 3601 2346 3671 ostium
2391 3600 2759 3682 intulisset,
2811 3600 3126 3687 nihilque

569 3690 921 3761 molestiae
969 3693 1271 3765 sentiret.
1309 3713 1461 3761 mox
1510 3690 1838 3760 fidentius
1873 3692 2313 3781 introgressa,
2354 3689 2704 3760 tumulum
2738 3689 2933 3770 adiit,
2975 3689 3120 3759 lilia

570 3781 858 3851 naribus
906 3780 1230 3860 admovit,
1285 3802 1410 3850 nec
1477 3779 1702 3850 ullum
1756 3780 2030 3870 penitus
2085 3779 2392 3849 dolorem
2442 3779 2805 3869 persensit.
2867 3778 3121 3847 Eadem

570 3869 891 3940 monialis
926 3880 1120 3938 nocte
1158 3869 1228 3937 in
1265 3869 1561 3939 tenebris
1582 3868 1667 3938 ad
1711 3869 2110 3958 sepulcrum
2145 3868 2296 3958 ejus
2321 3868 2569 3937 orandi
2603 3868 2824 3958 gratia
2858 3888 2931 3936 se
2964 3888 3120 3957 pro—

570 3971 905 4040 sternenS,
960 3957 1156 4028 oculo
1196 3958 1481 4049 impegit
1512 3958 1578 4027 in
1617 3957 2014 4027 candelabri
2057 3955 2320 4026 ferrum
2368 3955 2878 4035 acuminatum,
2933 3976 3118 4026 mox-

568 4070 703 4135 que
733 4048 1053 4138 apposuit
1099 4046 1301 4117 oculo
1352 4069 1661 4130 manum,
1701 4058 1778 4117 ut
1797 4046 1941 4135 jam
1971 4069 2009 4116 e
2057 4068 2185 4116 suo
2219 4046 2366 4114 loco
2399 4046 2601 4134 quasi
2647 4044 3108 4121 excidentem,

623 4246 687 4299 (a)
717 4248 806 4287 Tot
834 4246 1073 4296 tantisque
1102 4248 1206 4296 ejus
1236 4248 1506 4295 sepulcrum
1534 4247 1659 4286 Deus
1691 4243 1840 4294 signis
1867 4245 2142 4289 illustravit.
2170 4247 2225 4285 nt
2253 4244 2314 4285 ils
2342 4245 2556 4293 permota
2583 4243 2853 4293 Apostotiea
2879 4244 3041 4288 Sedes.
3060 4244 3130 4283 in·

570 4302 747 4350 spectio
784 4301 924 4341 etum
964 4301 1091 4341 vitae
1131 4303 1235 4350 ejus
1273 4298 1600 4351 mirabilibus,
1640 4300 1940 4350 Lutgardemt
1967 4296 2309 4348 aequipollenti
2338 4299 2392 4337 ut
2419 4299 2556 4346 nsunt
2583 4296 2964 4342 canonizatione,
2992 4298 3128 4337 Rom.

570 4356 905 4405 martyrologio
926 4354 1223 4404 inscripserit
1244 4355 1294 4394 in
1312 4355 1577 4395 baroniana
1598 4354 1873 4396 recensione
1894 4353 1982 4394 sub
2004 4352 2228 4402 Gregorio
2247 4353 2325 4402 Pp.
2346 4351 2466 4394 1111.
