3357 4995
677 329 806 394 640
1253 346 1331 392 ns
1379 345 1472 393 ss.
1525 344 1862 393 Arosroms
1912 344 2105 392 ramo
2152 343 2228 391 ΕΤ
2277 341 2478 389 muno
2776 321 2998 387 JUNII
3049 322 3147 385 29

588 430 679 499 ab
725 429 825 498 eis
854 429 1289 509 colebantur,
1353 451 1541 499 aram
1593 451 1867 516 quoque
1922 427 2206 507 invenit,
2253 427 2325 495 in
2373 447 2509 514 qua
2558 436 2705 493 erat
2761 423 3140 525 scrip-tum,

593 522 833 608 Ignoto
893 523 1048 588 Deo.
1104 523 1196 587 Ex
1238 540 1374 605 quo
1433 539 1640 609 parva
1688 529 1967 608 accepta
2017 516 2415 597 occasione,
2468 524 2853 584 annunciat
2901 535 3003 581 eis
3060 513 3144 581 in

591 607 821 677 medio
868 610 1215 697 Areopago
1274 608 1636 677 Dominum
1683 622 1994 676 nostrum
2060 618 2124 675 et
2174 610 2385 674 Deum
2443 609 2681 674 Jesum
2732 601 3080 671 Christum
3120 656 3137 682 ,

593 695 871 765 initium
912 696 1178 766 ducens
1226 696 1296 765 in
1330 696 1481 786 ipsa
1515 718 1672 765 arae
1714 695 2198 786 inscriptione:
2244 694 2612 780 statimque
2667 692 2834 760 satis
2876 689 3144 759 multos

590 783 960 875 baptizavit
1007 785 1091 853 ad
1129 783 1336 853 fidem
1388 785 1456 853 in
1511 784 1881 854 Christum.
1948 789 2131 853 Inter
2178 804 2352 869 quos
2401 782 2806 871 Dionysium
2856 799 3144 866 quoque

591 876 1096 964 Areopagitam,
1131 886 1196 942 et
1227 873 1583 944 honestam
1610 872 1985 960 quamdam
2026 871 2410 951 mulierem,
2447 871 2724 940 nomine
2752 868 3135 947 Damarim,

592 973 658 1030 et
703 985 865 1032 cum
916 963 1016 1031 eis
1077 962 1274 1032 alios.
1340 968 1496 1032 Post
1548 962 1719 1030 haec
1765 983 1924 1031 vero
1985 961 2264 1030 Athenis
2320 959 2561 1029 abiens
2617 957 2895 1036 Paulus,
2950 957 3144 1025 venit

595 1051 1041 1120 Corinthum:
1095 1064 1161 1121 et
1211 1072 1371 1121 cum
1436 1050 1820 1120 Priscillam
1887 1061 1951 1119 et
1999 1050 2313 1136 Aquilam
2372 1048 2748 1118 invenisset
2815 1045 3139 1134 ejusdem

593 1140 796 1229 cujus
831 1140 978 1231 ipse
1010 1152 1156 1209 erat
1194 1140 1384 1221 arti5‚
1424 1139 1610 1229 apud
1659 1161 1777 1211 eos
1825 1139 2231 1209 diversatur.
2279 1143 2427 1220 Quo
2485 1137 2554 1204 in
2610 1136 2755 1207 loco
2794 1157 2957 1205 cum
3008 1157 3142 1203 an-

592 1249 763 1297 num
813 1241 879 1299 et
929 1251 1198 1299 menses
1237 1229 1543 1316 quinque
1578 1229 2043 1319 transegisset,
2096 1241 2161 1297 et
2208 1225 2465 1297 multos
2504 1238 2639 1294 tam
2689 1247 2769 1294 ex
2815 1223 3134 1302 Judaeis‚

591 1338 801 1403 quarn
830 1340 910 1387 ex
942 1318 1240 1396 Graecis,
1294 1318 1553 1408 gratiae
1584 1317 1789 1387 verbo
1838 1316 2321 1396 illuminasset,
2360 1327 2427 1384 et
2463 1315 2548 1383 ad
2604 1314 2871 1383 Domini
2922 1311 3136 1381 fidem

591 1419 961 1487 evocasset,
1001 1405 1312 1476 Priscilla
1350 1418 1415 1474 et
1462 1405 1729 1493 Aquila,
1767 1419 1833 1475 et
1862 1405 2213 1475 Timotheo
2253 1403 2654 1494 assumptiS,
2698 1403 2877 1471 venit
2910 1406 2959 1469 E
3013 1401 3141 1469 he-

594 1515 776 1574 sum,
834 1497 1069 1582 eisque
1113 1494 1255 1564 illic
1306 1495 1586 1576 relictis,
1633 1497 1815 1565 venit
1863 1500 2257 1564 Caesaream
2318 1515 2459 1562 una
2518 1515 2676 1562 cum
2752 1492 2971 1560 Timot
3025 1513 3131 1559 eo,

593 1587 899 1670 Cumque
948 1584 1310 1655 salutasset
1356 1584 1755 1665 Ecclesiam,
1808 1584 2165 1652 descendit
2204 1582 2656 1653 Antiochiam.
2695 1586 2768 1649 In
2806 1601 2944 1667 qua
2969 1601 3139 1649 cum

593 1670 1023 1758 aliquantum
1066 1673 1395 1763 temporis
1434 1685 1609 1743 esset
1640 1686 1974 1755 versatus,
2021 1693 2339 1763 egressus
2388 1684 2513 1749 est,
2567 1669 2898 1758 deinceps
2950 1682 3155 1737 tran-·

593 1759 777 1830 siens
824 1783 945 1851 per
992 1761 1325 1831 Galatiam
1358 1774 1422 1831 et
1470 1762 1863 1852 Phrygiam.

683 1856 720 1930 ἓ
769 1854 906 1922 18.
963 1854 1039 1919 Et
1085 1873 1242 1920 cum
1344 1873 1418 1920 er
1464 1853 1856 1940 superiores
1889 1861 2115 1951 partes
2147 1849 2442 1919 venisset
2488 1847 2863 1937 Ephesum,
2909 1845 3139 1915 tribus

594 1938 955 2008 mensibus
988 1961 1157 2009 cum
1184 1939 1266 2008 lu
1321 1939 1463 2008 aeis
1495 1939 1844 2008 disserens
1887 1961 1953 2007 in
1991 1961 2253 2096 synago
2305 1960 2344 2007 a
2378 1938 2462 2007 de
2496 1942 2730 2026 Regno
2786 1936 2926 2016 Dei,
2979 1956 3141 2025 per-

594 2027 811 2097 suasit
844 2049 927 2096 ne
977 2029 1064 2097 iis
1112 2028 1538 2098 attenderent
1593 2050 1769 2115 quae
1809 2028 2017 2096 adum
2077 2041 2218 2097 rate
2305 2028 2662 2096 icebantur
2699 2046 2738 2093 a
2790 2023 2960 2115 lege,
3016 2022 3140 2092 sed

591 2137 672 2183 ea
700 2115 784 2184 ad
830 2116 1153 2207 spiritum
1204 2118 1651 2187 transferrent
1683 2129 1748 2186 et
1776 2130 2288 2207 componerent.
2335 2120 2500 2185 Cum
2539 2129 2767 2185 autem
2800 2111 2987 2203 apud
3020 2134 3141 2181 eos

592 2203 764 2274 alios
820 2205 995 2275 duos
1030 2227 1249 2275 annos
1296 2218 1361 2275 et
1400 2205 1601 2295 paulo
1657 2206 1816 2295 plus
1867 2207 2255 2285 mansisset,
2312 2216 2376 2273 et
2425 2203 2565 2272 fere
2626 2215 2836 2273 totam
2905 2201 3136 2271 Asiam

594 2292 679 2362 ad
732 2293 939 2363 fidem
993 2295 1242 2364 Christi
1290 2295 1696 2376 attraxisset,
1734 2307 1800 2364 et
1847 2316 1983 2363 non
2017 2294 2336 2395 vulgares
2370 2293 2674 2372 virtuteS‚
2720 2313 2856 2360 non
2907 2312 3033 2380 per
3067 2311 3140 2359 se

595 2381 847 2463 solum,
904 2383 1017 2452 sed
1054 2384 1257 2452 etiam
1324 2406 1443 2475 per
1491 2382 1773 2453 sudaria
1819 2397 1883 2453 et
1938 2384 2364 2452 semicinctia
2419 2404 2546 2451 sua
2594 2380 3011 2472 perfecisset,
3076 2390 3138 2447 et

595 2493 798 2541 omne
829 2494 1051 2563 genus
1101 2472 1378 2543 morbos
1425 2485 1489 2544 et
1536 2472 1907 2544 daemones
1954 2472 2316 2563 exegisset,
2368 2482 2434 2541 et
2492 2469 2924 2540 Timotheum
2976 2469 3135 2558 Epi-

594 2583 882 2651 scopum
926 2563 1026 2632 eis
1057 2562 1546 2643 constituisset,
1582 2585 1901 2664 egressus
1926 2575 2050 2643 est,
2081 2574 2156 2633 ut
2185 2563 2313 2631 iret
2343 2560 2413 2629 in
2436 2559 2929 2630 Macedoniam.
2966 2562 3137 2627 Cum

593 2648 753 2718 illas
802 2660 1029 2719 autem
1082 2661 1312 2741 partes
1353 2652 1869 2731 transmisisset,
1913 2652 2097 2720 venit
2129 2651 2199 2719 in
2250 2650 2629 2721 Graeciam.
2686 2653 2762 2717 Et
2803 2669 2966 2716 cum
3003 2659 3139 2716 tres

593 2736 739 2807 illic
774 2760 1046 2808 menses
1097 2752 1324 2810 transe
1380 2739 1571 2821 isset,
1623 2753 1689 2810 et
1741 2740 1995 2809 multos
2057 2741 2433 2830 accepisset
2480 2737 2654 2807 disci
2709 2736 2885 2817 ulos,
2953 2736 3139 2805 venit

593 2828 952 2897 Troadem.
1008 2833 1155 2910 Quo
1195 2829 1262 2896 in
1354 2849 1475 2898 oco
1522 2850 1682 2898 cum
1734 2829 2156 2918 Eutychum,
2209 2829 2367 2915 qui,
2423 2827 2594 2897 dum
2693 2826 3133 2905 issereretur,

599 2915 1110 2998 dormitaverat,
1150 2928 1215 2988 et
1260 2939 1341 2986 ex
1389 2918 1582 2987 tertio
1629 2917 2002 2989 coenaculo
2054 2918 2379 2987 deorsum
2424 2915 2784 2995 ceciderat,
2838 2925 2906 2982 et
2954 2935 3139 2982 mor-

593 3017 756 3075 tuus
803 3017 970 3087 erat,
1033 3006 1456 3087 suscitasset,
1523 3007 1708 3075 venit
1757 3012 2027 3088 Assum,
2107 3006 2360 3076 deinde
2405 3005 2799 3095 Mitylenen.
2839 3008 2918 3073 Et
2972 3024 3137 3072 cum

594 3092 707 3162 die
748 3095 1058 3182 sequenti
1093 3106 1269 3163 esset
1314 3116 1394 3164 ex
1434 3095 1720 3166 adverso
1751 3096 1922 3176 Chii,
1977 3094 2189 3165 altera
2222 3095 2334 3165 die
2377 3094 2648 3184 appulit
2696 3097 3005 3162 Samum.
3063 3097 3140 3161 Et

595 3204 757 3252 cum
815 3184 1181 3253 mansisset
1237 3183 1643 3274 Strongilae‚
1709 3184 1820 3254 die
1868 3185 2180 3270 sequenti
2230 3185 2413 3253 venit
2460 3182 2793 3252 Miletum.
2859 3186 2950 3250 Ex
2995 3202 3140 3266 qua

593 3292 756 3340 cum
808 3271 1107 3342 misisset
1153 3273 1524 3362 Ephesum,
1560 3273 1873 3343 accersiit
1910 3275 2336 3364 presbyteros
2367 3272 2729 3342 Ecclesiae.
2764 3276 3136 3356 Postquam

595 3372 822 3429 autem
856 3362 1325 3442 accessissent,
1385 3383 1544 3431 cum
1580 3364 1681 3430 eis
1729 3362 2005 3431 disserit
2053 3362 2136 3432 de
2187 3361 2605 3441 humilitate,
2659 3373 2723 3429 et
2789 3357 3135 3428 malorum

594 3448 992 3529 tolerantia:
1040 3450 1290 3519 deinde
1335 3450 1419 3520 de
1466 3450 1952 3521 constitutione
2008 3451 2509 3532 Ecclesiastica,
2561 3462 2627 3519 et
2673 3447 2903 3550 gregis
2935 3468 3129 3516 cura.

593 3543 671 3607 Et
704 3560 973 3621 rursuS,
1026 3561 1186 3609 cum
1220 3561 1299 3609 ea
1330 3560 1508 3626 quae
1551 3552 1616 3609 et
1663 3539 1798 3611 sibi
1848 3539 2233 3609 Jerusalem
2281 3539 2497 3616 eunti,
2534 3549 2599 3608 et
2629 3559 2731 3607 eis
2784 3547 2936 3627 post
2983 3535 3138 3625 ejus

595 3648 941 3698 recessum
975 3640 1171 3697 erant
1215 3641 1565 3710 eventura,
1614 3629 2062 3717 praedixisset
2096 3652 2110 3696 :
2154 3642 2241 3707 et,
2279 3627 2464 3714 quod
2506 3637 2813 3717 oporteat
2852 3624 3137 3716 vigilare

438 3741 442 3746 ·
486 3790 492 3795 ,
592 3716 666 3784 in
716 3738 832 3786 eos
878 3717 998 3804 qui
1032 3717 1251 3787 instar
1283 3717 1608 3807 luporum
1642 3731 1806 3789 sunt
1837 3740 2114 3809 gregem
2163 3717 2359 3787 avide
2398 3716 2765 3797 divulsuri,
2802 3715 2904 3783 eis
2941 3735 3136 3784 man-

595 3804 834 3874 datum
868 3805 1192 3887 dedisset,
1235 3827 1486 3893 eosque
1535 3811 1666 3876 Deo
1699 3806 2272 3888 commendasset,
2307 3818 2373 3877 et
2418 3817 2739 3897 precatus
2775 3815 2977 3876 esset.
3013 3825 3138 3872 na-

593 3912 743 3979 vem
797 3893 1204 3992 ascendenS,
1251 3895 1480 3965 statim
1532 3894 1752 3965 solvit.
1807 3901 1956 3979 Qua
1988 3908 2248 3976 vectus,
2288 3917 2449 3964 cum
2475 3895 2772 3964 venisset
2807 3893 2881 3962 in
2923 3896 3137 3962 Coum

592 3981 932 4065 Insulam,
974 3981 1290 4052 Rhodum
1347 3983 1731 4075 navigavit:
1775 3998 1841 4055 et
1888 3984 2083 4054 illinc
2131 3987 2395 4055 Patara.
2459 3989 2606 4067 Quo
2654 3983 2723 4052 in
2773 3980 2923 4051 loco
2974 4003 3137 4052 cum

596 4069 888 4140 alterum
939 4070 1366 4142 ascendisset
1398 4073 1780 4164 navigium,
1834 4077 2053 4165 Cypro
2102 4073 2338 4144 relicta
2386 4095 2428 4142 a
2465 4072 2787 4153 sinistris,
2833 4083 3138 4162 praeter-

599 4159 945 4251 navigavit
994 4160 1301 4249 Syriam:
1355 4175 1618 4233 etcum
1669 4162 1966 4233 venisset
2018 4168 2270 4252 Tyrum
2319 4161 2495 4252 (illic
2543 4160 2728 4230 enim
2781 4160 2978 4230 navis
3011 4162 3138 4230 im·

595 4250 897 4339 positum
941 4269 1120 4319 onus
1167 4250 1607 4341 exonerabat)
1652 4263 1718 4321 et
1767 4252 2138 4322 invenisset
2188 4250 2609 4341 discipulOS,
2637 4249 2905 4320 mansit
2949 4271 2985 4318 a
3046 4248 3135 4319 ud

593 4357 711 4406 eos
760 4350 1016 4428 septem
1066 4337 1238 4409 dies.
1276 4344 1353 4410 Et
1391 4339 1619 4409 denuo
1651 4341 1808 4410 navi
1840 4362 2038 4420 usuS,
2075 4340 2257 4410 venit
2286 4338 2796 4420 Ptolemaidem,
2835 4351 2903 4406 et
2942 4272 3136 4407 illinc

599 4427 1020 4510 Caesaream,
1074 4440 1139 4499 et
1188 4426 1276 4499 ad
1330 4427 1731 4520 Philippum
1799 4428 2324 4521 Evangelistam,
2375 4429 2496 4516 qui
2543 4438 2688 4498 erat
2735 4449 2817 4497 ex
2873 4438 3136 4517 septem
