3357 4995
2018 163 2047 190 ·
2151 155 2159 164 n

611 322 741 387 238
1245 339 1326 384 na
1374 338 1430 385 s.
1485 334 1774 384 MAURINO
1824 337 1963 384 ΑΒΒ.
2021 337 2096 383 ET
2142 337 2331 383 MART.
2473 279 2479 284 ἱ
2718 316 2935 381 JUNlI
2991 318 3070 380 ,10

524 424 731 496 simul
766 436 831 492 et
868 422 1224 494 oculorum
1260 422 1523 492 lumine
1555 443 1728 511 pene
1770 422 2053 511 privata.
2109 421 2296 490 Circa
2357 441 2565 506 quam
2604 439 2778 488 ‘cum
2838 420 3074 487 omnia

525 513 952 583 medicorum
1005 511 1413 580 defecissent
1466 510 1853 596 adjutoria,
1920 532 1990 578 se
2039 509 2514 598 desperatione
2564 507 3067 597 recuperandi,

519 602 878 688 sociasque
912 600 1239 670 moeroris
1279 599 1522 680 habitu
1554 598 1823 688 offudit.
1874 603 2029 667 Jam
2061 597 2273 667 ferme
2299 597 2530 665 bimus
2584 597 2722 665 situ
2776 595 3068 665 invaluit

518 690 736 770 dolor,
790 703 854 759 et
893 700 969 758 ut
1014 688 1270 758 dicitur
1319 690 1516 777 juxta
1565 700 1816 759 statum
1857 687 2143 777 capitis,
2198 697 2416 754 status
2475 685 2684 755 totius
2728 696 2878 754 erat
2915 706 3103 754 cor-·
3156 723 3165 732 ·

524 779 731 869 poris.
760 777 1099 860 Quamvis
1130 790 1355 845 autem
1388 789 1564 847 esset
1609 776 1935 845 destituta
1983 775 2247 845 viribus
2296 774 2628 863 eorporiS,
2684 772 3071 844 imbecillos

522 879 903 938 sustentata
939 877 1154 946 artus,
1196 865 1490 935 mediam
1534 887 1606 933 se
1657 864 1917 955 populi,
1972 863 2219 933 baculo
2254 863 2473 932 sancti
2514 862 2839 932 desiderii
2876 884 3074 952 prae-

523 956 655 1036 vie,
711 955 795 1024 ad
835 955 1062 1025 Sancti
1098 975 1317 1040 usque
1348 954 1631 1023 bustum
1682 952 1914 1042 injecit
1947 975 2018 1022 se
2068 952 2291 1031 humi,
2334 952 2574 1021 tacitas
2607 973 2843 1042 preces
2887 950 3075 1020 coelo

525 1044 726 1124 fudit,
765 1058 829 1113 et
858 1043 1138 1144 martyri
1181 1042 1392 1112 libam
1427 1041 1586 1110 fecit
1634 1042 1897 1111 lumine
1931 1042 2107 1110 cerei
2147 1040 2200 1109 ⁴¹.
2243 1044 2548 1127 Cumque
2595 1061 2801 1127 quem
2844 1053 3067 1107 mente

526 1132 819 1212 videbat,
865 1154 1094 1202 carnis
1140 1131 1382 1212 oculiS,
1436 1152 1609 1218 quos
1661 1151 1830 1221 pene
1892 1131 2237 1210 amiserat,
2300 1129 2552 1199 intueri
2617 1127 3061 1206 desideraret,

526 1233 590 1291 et
649 1234 854 1312 caput
922 1222 990 1289 in
1042 1220 1265 1290 loculo
1318 1220 1631 1308 martyris
1686 1218 2068 1298 reclinaret,
2137 1218 2497 1304 utriusque
2555 1218 2746 1287 auris
2806 1229 3072 1285 meatus

529 1311 870 1402 sanguine
917 1309 1135 1389 fluxit,
1188 1320 1252 1378 et
1289 1307 1450 1378 fidei
1512 1310 1727 1399 pretio
1764 1309 1965 1393 *visus
2018 1319 2084 1376 et
2133 1306 2413 1376 auditus
2465 1307 2705 1375 munia
2754 1305 3065 1384 redemit,

528 1399 1035 1485 incolumisque
1067 1395 1291 1467 officio
1323 1397 1505 1484 quod
1541 1397 1874 1487 agebatur
1910 1395 2243 1474 'ubilavit,
2283 1405 2347 1463 et
2393 1407 2727 1481 quotquot
2756 1393 3073 1484 angelico

534 1487 633 1556 illi
683 1487 1073 1577 spectaculo
1123 1486 1494 1556 intererant
1543 1486 1612 1555 in
1648 1484 1784 1555 fide
1814 1509 1900 1556 su
1953 1485 2142 1554 rexit.

617 1578 654 1663 ξ
698 1580 775 1647 θ’.
831 1580 1114 1649 Sanctae
1160 1589 1388 1644 autem
1428 1574 1794 1644 memoriae
1829 1578 2021 1654 Ger0,
2090 1585 2239 1662 post
2286 1571 2490 1640 datus
2529 1572 2912 1660 Episcopus
2962 1570 3077 1638 di-

581 1687 711 1734 nus
745 1670 897 1743 Deo,
946 1662 1426 1733 secundoloco
1458 1663 1636 1731 beati
1693 1662 2014 1752 martyris
2069 1663 2388 1730 meritum
2440 1660 2721 1749 agnovit
2757 1671 2822 1728 et
2871 1680 3070 1749 prae-

580 1752 801 1822 icavit.
846 1757 1010 1822 Cum
1064 1752 1251 1822 enim
1309 1763 1572 1826 astante
1622 1750 1972 1820 Folcmaro
2026 1748 2375 1839 praesule,
2434 1748 2735 1836 delectae
2783 1747 3073 1817 secundi

530 1841 793 1912 ordinis
871 1862 1155 1910 ersonae
1205 1839 1534 1929 pretiosas
1570 1840 1789 1909 sancti
1807 1839 2116 1929 corporis
2150 1838 2580 1927 margaritas,
2637 1837 2795 1904 vino
2839 1858 2919 1905 ex
2952 1836 3073 1903 de-

531 1931 797 2000 votione
879 1930 1227 2019 aptizataS,
1266 1950 1441 1998 novo
1470 1928 1868 1998 ordinarent
1916 1927 2373 2017 repositorio,‘
2403 1925 2706 1995 officiosa
2758 1948 2829 1994 se
2862 1924 3074 1994 sedu-

531 2018 716 2088 litate
746 2018 1046 2099 admisit,
1107 2029 1170 2088 et
1224 2017 1782 2108 egregieaudax,
1821 2039 1962 2086 uno
2011 2028 2380 2105 martyrem
2441 2014 2643 2083 dente
2703 2012 3096 2102 mutilavit„

532 2108 696 2176 Mira
731 2106 1044 2177 dicturus
1092 2127 1272 2178 sum.
1329 2112 1474 2175 Mox
1522 2106 1593 2174 in
1645 2106 1797 2196 ipsa
1850 2127 2060 2174 manu
2111 2104 2283 2193 rapti
2338 2115 2500 2172 teste
2553 2124 2807 2192 poenas
2856 2102 3068 2183 dedit,

529 2208 595 2265 et
641 2195 970 2266 invisibili
1021 2197 1180 2352 igine
1228 2217 1362 2268 non
1414 2194 1664 2265 ardens
1699 2194 1886 2263 arsit.
1932 2193 2216 2284 Agnovit
2244 2191 2557 2260 eruditus
2606 2191 2887 2260 animus
2920 2211 3073 2260 coe-

531 2285 764 2354 lestem
817 2285 1043 2353 anima
1104 2284 1506 2357 versionem.
1561 2305 1769 2370 quam
1822 2282 2011 2353 solus
2042 2282 2278 2362 sensit,
2314 2281 2429 2349 sed
2485 2280 2710 2350 videre
2745 2279 2890 2369 ipse
2943 2300 3077 2348 non

530 2373 774 2463 potuit.
833 2372 1005 2455 Quid
1056 2377 1330 2463 ageret?
1377 2372 1692 2441 Libenter
1741 2372 1996 2461 pignus
2047 2371 2384 2449 retineret,
2442 2369 2556 2438 sed
2614 2388 2903 2457 poenam
2955 2390 3074 2437 su-

530 2462 815 2542 stinens,
854 2463 1057 2531 etiarn
1109 2461 1342 2531 animo
1401 2462 1741 2550 maj0rum
1791 2459 2252 2551 expectatione
2316 2457 2584 2551 fortius,
2654 2457 2788 2528 nisi
2840 2455 3069 2526 reddi-

530 2552 761 2633 disset,
835 2551 1302 2647 torquebatur.
1371 2550 1818 2619 Deducuntur
1865 2549 2137 2620 interim
2192 2550 2481 2648 pignora
2543 2546 2797 2623 Sancti,
2865 2546 3079 2615 comi-

531 2652 711 2709 tante
763 2638 1017 2729 populo
1057 2660 1287 2708 arcam
1342 2639 1634 2717 Domini,
1694 2639 1760 2706 in
1817 2660 1975 2707 voce
2026 2637 2460 2706 exultationis
2510 2649 2574 2707 et
2623 2634 3079 2704 confessionis

529 2730 871 2819 epulante.
912 2733 1225 2796 Praeerat
1271 2739 1436 2796 tunc
1485 2727 1899 2795 monasterio
1953 2738 2229 2795 sanctae
2280 2725 2525 2792 Mariae
2578 2724 2903 2794 Dominae
2954 2742 3081 2790 no-

526 2830 727 2897 strae,
774 2815 953 2904 quod
1007 2816 1261 2886 dicitur
1300 2836 1579 2895 novum,
1636 2815 2045 2884 venerabilis
2084 2812 2500 2892 Wolvereda,
2547 2812 2894 2901 virginum
2957 2810 3074 2879 Dei

530 2920 747 2975 mater
775 2918 839 2974 et
873 2905 1250 2983 Abbatissa,
1295 2926 1471 2991 quae
1521 2905 1684 2973 huic
1714 2903 2105 2993 spectaculo
2148 2904 2491 2980 intererat,
2538 2913 2602 2969 et
2643 2899 3075 2989 psalmorum

528 2995 792 3065 cantica
837 2994 901 3061 in
953 2993 1185 3063 codice
1235 2993 1807 3062 recitabat.·Hanc
1841 2997 2011 3062 Gero
2059 2992 2324 3070 accivit,
2381 3003 2444 3059 et
2493 3012 2652 3058 cum
2697 2988 3079 3058 reverentia

530 3084 601 3169 in
653 3083 827 3152 libro
877 3094 1192 3151 sanctum
1242 3081 1513 3149 dentem
1566 3080 1907 3169 deposuit,
1947 3080 2502 3170 complacuitque
2541 3078 2824 3167 martyri
2874 3076 3075 3163 quies

531 3173 599 3240 in
637 3192 872 3240 acerra
904 3171 1125 3240 thuris
1166 3170 1492 3239 Davidici.
1531 3174 1950 3255 Factumque
1989 3180 2342 3238 estunum
2394 3165 2717 3253 idemque
2768 3187 3077 3234 momen-

532 3273 705 3339 tum,
767 3259 1038 3327 dentem
1090 3258 1404 3347 posuisse
1451 3272 1515 3326 et
1580 3258 2009 3347 passionem:
2084 3256 2570 3325 demonstrasti
2618 3254 2786 3326 Jes'u
2854 3253 3070 3334 bone,

526 3361 784 3435 quanta
820 3359 1190 3443 martyrem
1226 3360 1422 3416 tuum
1457 3345 1818 3435 diligentia
1859 3344 2026 3415 velis
2059 3345 2357 3423 tractari,
2395 3344 2744 3432 hujusque
2784 3342 2880 3410 rei
2924 3362 3080 3441 pre-

530 3438 702 3506 tium
752 3458 901 3505 esse
933 3458 973 3527 a
1065 3436 1334 3504 ehenna
1385 3434 1684 3504 liberari.
1727 3437 1949 3504 Posita
1998 3446 2159 3504 sunt
2207 3446 2436 3503 autem
2487 3432 2716 3501 debito
2758 3431 3075 3499 fidelium

528 3527 784 3595 honore
831 3547 987 3595 ossa
1081 3524 1413 3601 eatissimi
1468 3524 1760 3593 Maurini
1816 3525 1884 3592 in
1936 3523 2229 3593 oratorio
2278 3522 2497 3590 sancti
2550 3519 2893 3589 Benedicti
2946 3518 3076 3587 sub

528 3615 639 3683 die
689 3614 884 3683 tertio
925 3613 1089 3682 Idus
1123 3611 1455 3682 Octobris.
2246 3682 2251 3687 ,

617 3705 782 3789 §Q
867 3701 1129 3793 Magnis
1194 3702 1477 3791 majora,
1524 3700 1845 3790 gloriosis
1908 3699 2285 3770 succedunt
2346 3698 2773 3788 gloriosiora.
2829 3693 3081 3765 Thiedo

531 3803 684 3881 post
731 3792 934 3860 datus
983 3790 1387 3880 Episcopus,
1429 3803 1590 3859 tunc
1640 3791 1709 3857 in
1766 3789 2175 3859 monasterio
2226 3787 2446 3856 sancti
2498 3786 2800 3855 Severini
2851 3797 3081 3853 custo-

497 3880 642 3965 ·dis
690 3879 993 3961 officium
1045 3878 1596 3969 administrabat.
1634 3883 1702 3947 Is
1737 3899 1869 3948 non
1907 3876 2233 3947 dissimili
2281 3875 2665 3945 devotionis
2711 3875 2960 3942 affectu
2995 3872 3081 3941 de

534 3969 753 4039 sancti
805 3967 1129 4056 martyris
1175 3967 1358 4054 quod
1413 3968 1739 4047 occurrit,
1794 3967 2080 4036 latenter
2138 3965 2324 4041 tulit,
2380 3964 2514 4034 sibi
2555 3964 2838 4049 suisque
2886 3961 3079 4029 domi

530 4056 998 4158 profuturum.
1055 4060 1221 4125 Cum
1278 4056 1407 4124 ‘am
1450 4078 1579 4125 nox
1610 4070 1809 4135 esset,
1860 4057 1928 4123 in
1964 4054 2395 4123 familiariori
2428 4052 2575 4121 loco
2608 4051 2860 4141 posuit.
2909 4055 3076 4117 Ecce

528 4168 599 4215 1n
635 4144 1025 4215 diluculum
1068 4167 1226 4215 cum
1262 4079 1463 4215 iocus
1513 4147 1683 4233 ipse,
1736 4160 1881 4215 tum
1935 4144 2241 4233 proxima
2280 4163 2593 4229 quaeque
2643 4152 2868 4209 tantae
2917 4160 3113 4207 sua--

531 4235 757 4304 vitatis
827 4233 1169 4322 completa
1231 4246 1395 4303 sunt
1461 4233 1879 4324 fragrantia,
1938 4246 2010 4302 ut
2057 4231 2337 4300 evidens
2397 4243 2576 4300 esset
2632 4228 2859 4298 coelos
2924 4248 3077 4294 eam

532 4322 900 4393 distillasse
958 4321 1272 4412 gloriam.
1332 4327 1725 4403 Res-nova,
1783 4320 2198 4390 miraculum
2262 4319 2550 4388 illustre.
2610 4315 3080 4407 ingredientes

585 4454 609 4478 ‘¹
640 4450 811 4493 Melius
831 4451 960 4491 allud
979 4448 1105 4491 MSS.
1128 4463 1137 4488 :
1167 4450 1326 4490 lumine
1335 4450 1453 4497 fidei.
