3357 4995
196 312 415 380 JUNII
464 315 548 380 29
1075 333 1152 377 DE
1200 333 1254 379 s.
1310 333 1510 380 PAULO
1561 332 1881 379 Arosroto
2538 317 2652 380 662¹

198 430 381 488 recte
442 417 679 496 factis,
734 416 852 486 sed
902 415 1109 485 etiam
1161 428 1298 486 tam
1363 416 1598 486 multis
1649 416 1940 505 subjecti
1989 416 2283 495 delictis,
2340 438 2640 503 quorum
2695 419 2752 488 si

201 508 304 576 vel
356 529 575 577 unum
612 506 811 575 nobis
869 504 1073 585 adsit,
1132 504 1387 575 sufficit
1417 506 1504 574 ad
1557 528 1681 576 nos
1730 505 2173 575 deducendos
2221 506 2292 574 in
2341 506 2753 578 barathrum

200 596 648 686 perditionis:
701 608 767 664 et
829 594 1003 663 nihil
1048 594 1261 663 studii
1317 596 1667 685 ponimus,
1722 607 1799 664 ut
1845 616 1926 664 ea
1973 594 2214 664 saltem
2272 596 2451 664 corri
2505 618 2746 665 amus:

198 698 470 755 tantum
508 684 721 764 abest,
768 696 843 751 ut
875 683 1146 753 virtutis
1175 705 1381 772 opera
1430 684 1906 774 attingamus?
1935 689 2029 751 An
2063 706 2199 753 non
2233 697 2378 753 erat
2410 683 2454 752 il
2491 707 2526 752 e
2560 684 2745 771 ejus-

201 776 387 853 dem,
452 773 655 863 cujus
703 794 829 842 nos
872 794 1140 852 sumuS,
1195 776 1532 841 naturae?
1565 772 1906 842 Incendor
1944 773 2127 841 enim
2180 772 2393 862 hujus
2442 773 2571 841 viri
2629 773 2752 841 de-

202 862 481 936 siderio,
534 874 599 930 et
640 861 790 930 ideo
834 882 969 931 non
995 883 1187 929 cesso
1237 862 1423 930 circa
1471 861 1653 930 idem
1682 861 1960 931 assidue
1995 862 2273 941 versari,
2305 875 2371 931 et
2412 874 2743 948 tanquam

204 951 289 1019 ad
342 950 691 1039 exemplar
738 949 1014 1036 aliquod
1066 950 1517 1040 archetypum
1571 949 1656 1019 ad
1708 950 1858 1039 ejus
1891 951 2198 1020 animam
2240 951 2542 1031 intuenS‚
2579 971 2750 1020 con-

206 1040 436 1110 sidero
484 1039 804 1108 vitiorum
872 1038 1420 1128 despicientiam,
1471 1040 1817 1129 insignem
1861 1040 2090 1128 magni
2145 1038 2475 1126 sortisque
2523 1039 2745 1107 animi

204 1130 554 1207 virtutem,
600 1128 855 1197 amoris
888 1128 956 1196 in
1013 1132 1222 1197 Deum
1267 1127 1608 1205 ardorem,
1661 1140 1726 1196 et
1761 1127 1955 1196 valde
2005 1130 2238 1207 miror,
2295 1127 2750 1214 quemadmo-

202 1218 376 1287 dum
450 1220 515 1285 in
566 1218 885 1286 universo
936 1215 1214 1301 quidem
1271 1216 1596 1285 virtutum
1657 1228 1856 1285 coetu
1901 1238 2087 1286 unus
2139 1217 2341 1285 bomo
2393 1216 2627 1287 volens
2678 1238 2750 1285 se

208 1322 387 1375 recte
422 1307 740 1396 gesserit:
788 1317 1098 1373 nostrum
1148 1317 1378 1374 autem
1412 1306 1893 1391 unusquisque
1929 1328 2011 1374 ne
2043 1307 2112 1373 in
2150 1328 2220 1374 re
2259 1306 2541 1392 quidem
2573 1328 2746 1392 qua-

207 1395 568 1481 licumque
617 1416 687 1462 se
731 1393 889 1461 velit
939 1405 1116 1462 recte
1164 1415 1423 1483 gerere.

299 1488 335 1571 §
382 1488 547 1555 39.
604 1483 769 1564 Quis
833 1504 955 1551 nos
1006 1481 1325 1554 liberabit
1370 1504 1411 1550 a
1442 1482 1786 1572 supplicio
1829 1482 2232 1563 inevitabili,
2277 1506 2438 1552 cum
2489 1482 2747 1552 Paulus

207 1587 471 1643 tantam
520 1572 892 1641 ostenderit
939 1572 1283 1651 virtutem,
1351 1572 1470 1658 qui
1520 1583 1620 1639 est
1666 1572 1973 1659 ejusdem
2042 1571 2402 1642 nobiscum
2461 1584 2750 1640 naturae

204 1663 575 1753 particepS‚
629 1662 749 1746 qui
797 1672 897 1730 est
944 1660 1282 1730 obnoxius
1315 1661 1571 1729 eisdem
1622 1661 1838 1728 animi
1889 1661 2526 1750 perturbationibus
2559 1715 2573 1740 ‚
2628 1660 2752 1746 qui

204 1752 645 1820 conflictatus
691 1763 793 1818 est
842 1771 1003 1819 cum
1045 1760 1233 1817 tanta
1270 1763 1654 1839 temporum
1714 1748 2140 1829 difficultate,
2195 1763 2258 1818 et
2305 1748 2637 1836 quotidie,
2678 1761 2755 1817 ut

206 1839 410 1911 semel
461 1839 714 1917 dicam,
775 1837 1193 1918 trahebatur,
1270 1837 1722 1917 lacerabatur,
1778 1851 1844 1907 et
1909 1837 2189 1938 publice
2237 1837 2754 1907 convellebatur

206 1929 297 1998 ab
350 1929 433 1998 iis
489 1929 610 2014 qui
660 1926 919 1997 bellurn
953 1928 1281 2015 gerebant
1319 1926 1650 1997 adversus
1693 1926 2321 2017 praedicationem?
2370 1932 2459 1995 Ne
2514 1940 2746 1995 autem

205 2040 290 2087 ex
340 2030 571 2086 nostra
605 2016 845 2105 lingua
873 2015 1109 2084 audiat
1156 2014 1410 2100 aliquis
1445 2037 1622 2102 quae
1672 2016 1785 2085 hic
1813 2018 2054 2086 beatus
2105 2028 2282 2084 recte
2330 2017 2563 2105 gessit,
2599 2037 2747 2083 ma-

209 2106 472 2197 gnique
531 2117 595 2173 et
650 2105 897 2174 excelsi
957 2105 1175 2173 animi
1243 2104 1597 2183 virtutem,
1649 2126 1861 2191 quam
1923 2104 2230 2191 quotidie
2279 2104 2577 2174 ostendit
2628 2125 2750 2192 pro

212 2194 727 2285 praedicatione
776 2193 1147 2272 Evantrelii‚
1198 2214 1472 2262 necesse
1497 2207 1597 2261 est
1624 2194 1854 2284 ipsum
1907 2192 2151 2261 audire
2197 2192 2573 2261 dicentem:
2611 2216 2647 2257 «
2680 2196 2756 2260 In

212 2306 294 2353 eo
335 2296 588 2363 autern,
643 2281 827 2369 quod
869 2246 1076 2351 audet
1123 2281 1377 2368 aliquis
1406 2283 1507 2370 (in
1563 2282 1961 2371 insipientia
1992 2282 2178 2370 dico)
2203 2281 2423 2351 audeo
2455 2293 2519 2349 et
2544 2303 2692 2369 ego.
2721 2305 2755 2345 »

308 2377 473 2444 clo.
528 2372 892 2441 Considera
932 2371 1121 2461 pium
1174 2382 1239 2439 et
1286 2370 1687 2461 religiosum
1737 2372 2090 2439 animum:
2155 2376 2297 2439 Non
2359 2369 2583 2438 solum
2634 2390 2760 2437 au—

214 2461 484 2532 daciam
540 2482 680 2529 rern
750 2472 965 2541 vocat,
1031 2459 1150 2529 sed
1199 2459 1402 2530 etiam
1460 2459 1958 2549 insipientiam,
2002 2480 2148 2528 ,nos
2195 2457 2564 2539 erudiens,
2619 2480 2755 2526 non

214 2565 469 2621 temere
517 2552 778 2636 absque
804 2551 1229 2629 necessitate,
1271 2549 1546 2618 nemine
1570 2563 1876 2638 cogente,
1918 2549 2213 2650 gloriose
2255 2549 2555 2638 proferre
2581 2569 2759 2634 quae

213 2665 256 2710 a
292 2640 489 2708 nobis
537 2639 715 2709 facta
762 2652 944 2719 sunt,
982 2639 1039 2708 si
1073 2637 1287 2724 aliqui
1337 2659 1417 2706 ex
1465 2638 1665 2707 nobis
1701 2638 1958 2707 inventi
2008 2637 2285 2718 fuerint,
2336 2637 2456 2724 qui
2491 2635 2755 2723 aliquid

212 2730 381 2799 boni
422 2728 727 2797 fecerint.
774 2728 1063 2796 Hebraei
1113 2740 1297 2806 sunt,
1351 2739 1417 2796 et
1447 2749 1612 2816 ego:
1670 2726 2018 2796 Israelitae
2067 2739 2253 2807 sunt,
2324 2740 2391 2795 et
2427 2748 2588 2815 ego:
2643 2730 2762 2793 Se-

214 2839 372 2885 men
425 2817 732 2886 Abrahae
766 2829 950 2897 sunt,
987 2828 1052 2883 et
1096 2838 1247 2906 ego.
1284 2820 1562 2906 Propter
1601 2816 1754 2895 hoc,
1792 2816 2039 2902 inquit,
2085 2816 2217 2884 sibi
2262 2814 2555 2905 placent,
2590 2826 2655 2882 et
2688 2835 2761 2882 se

215 2906 589 2995 magnifice
620 2904 1216 2995 circumspiciunt.
1257 2909 1348 2974 Ne
1381 2904 1771 2974 existiment
1817 2926 1943 2974 nos
1989 2904 2099 2973 his
2130 2903 2368 2974 defici:
2416 2909 2580 2972 Nam
2635 2922 2760 2970 nos

217 3018 499 3081 quoque
555 3018 801 3064 sumus
839 2993 1238 3063 eorumdem
1280 2993 1673 3083 participes.
1715 2992 1968 3062 Deinde
2017 2992 2411 3080 subjunxit:
2467 2990 2761 3060 Ministri

220 3084 469 3154 Christi
503 3082 1094 3173 suntPDesipiens
1144 3081 1408 3168 loquor,
1462 3082 1625 3151 Plus
1657 3104 1807 3172 ego.

308 3175 344 3259 ἓ
393 3179 532 3246 41.
587 3173 711 3241 Hic
761 3172 934 3240 mihi
982 3171 1449 3261 contemplare
1509 3173 1742 3241 beatae
1815 3171 2021 3259 hujus
2076 3171 2349 3239 animae
2411 3170 2756 3238 virtutem.

217 3263 558 3344 Quoniam
595 3262 779 3329 enim
829 3274 893 3328 et
952 3260 1313 3330 audaciam
1365 3273 1430 3329 et
1470 3260 1940 3349 insipientiam
1979 3259 2240 3328 vocavit
2297 3258 2391 3337 id,
2448 3258 2634 3345 quod
2675 3256 2763 3326 ab

217 3374 300 3420 eo
348 3351 603 3419 factum
657 3363 780 3428 est,
833 3348 1101 3418 etiamsi
1133 3360 1311 3417 esset
1341 3349 1426 3418 ad
1463 3362 1718 3418 tantam
1772 3349 2088 3417 redactus
2138 3348 2635 3426 necessitatem,
2678 3368 2762 3415 ne

218 3440 320 3509 sic
367 3438 648 3525 quidem
698 3450 1060 3508 contentus
1110 3436 1239 3507 fuit
1297 3437 1385 3506 iis
1438 3459 1617 3524 quae
1664 3437 1848 3506 dicta
1890 3449 2082 3508 sunt:
2137 3437 2256 3506 sed
2299 3435 2578 3522 quando
2616 3446 2767 3504 erat

216 3541 627 3598 ostensurus
682 3549 753 3594 se
786 3548 901 3596 eos
932 3525 1133 3625 longe
1182 3547 1531 3616 superare,
1586 3548 1671 3594 ne
1704 3526 1863 3612 quis
1913 3525 2333 3595 existimaret
2379 3546 2539 3594 eum
2593 3524 2762 3592 haec

219 3617 410 3702 loqui
472 3614 833 3684 inductum
897 3616 1114 3683 nimio
1167 3615 1277 3685 sui
1324 3636 1580 3694 amore,
1640 3635 1885 3684 rursus
1931 3626 2125 3683 vocat
2178 3612 2648 3702 insipientiam
2692 3611 2763 3681 id

218 3704 404 3792 quod
457 3727 497 3772 a
546 3725 618 3772 se
663 3702 958 3784 dicitur,
1026 3703 1526 3793 propemodum
1589 3702 1869 3772 dicens:
1923 3707 2020 3771 An
2074 3724 2212 3771 non
2262 3702 2404 3771 scio
2459 3723 2566 3770 me
2614 3722 2762 3768 rem

216 3793 438 3862 facere
485 3814 662 3879 quae
698 3791 902 3883 vulgo
951 3792 1047 3873 fit,
1089 3805 1155 3861 et
1198 3813 1377 3878 quae
1409 3814 1516 3861 me
1565 3814 1702 3861 non
1737 3791 1980 3862 decet?
2013 3791 2138 3860 Sed
2172 3812 2281 3860 me
2324 3790 2507 3890 cogit
2548 3788 2766 3858 multa

220 3904 399 3968 quae
444 3904 523 3950 eo
574 3903 680 3949 me
728 3880 1045 3970 impulit,
1100 3880 1493 3951 necessitas.
1568 3885 1792 3963 Quare
1843 3880 2055 3960 mihi,
2111 3880 2358 3966 inquit,
2430 3877 2766 3969 ignoscite

220 3968 527 4055 loquenti
557 3971 764 4039 verba
798 3970 930 4039 insi
987 3969 1260 4039 ientiae.

310 4060 347 4144 ξ
395 4064 548 4130 cm.
604 4059 830 4147 Hujus
857 4080 933 4126 ve
992 4057 1312 4127 umbram
1364 4056 1602 4128 saltem
1641 4079 1764 4129 nos
1801 4057 2177 4139 imitemur,
2221 4057 2343 4144 qui
2374 4069 2509 4127 tam
2545 4055 2768 4125 multa

224 4159 660 4237 peccatorum
710 4169 919 4217 onera
967 4146 1303 4217 habemus
1336 4146 1680 4237 imposita.
1735 4149 1786 4216 Ο
1820 4168 2046 4237 saepe,
2082 4146 2140 4215 si
2178 4166 2466 4237 parvum
2502 4143 2765 4231 aliquid

220 4247 401 4304 recte
448 4258 793 4324 geramuS,
852 4258 935 4305 ne
980 4236 1110 4306 hoc
1155 4235 1441 4322 quidem
1491 4236 1918 4305 sustinemus
1973 4234 2343 4305 recondere
2392 4235 2573 4303 intra
2618 4254 2769 4302 cor-

221 4323 331 4394 dis
363 4325 770 4413 penetralia:
825 4324 942 4396 sed
1006 4336 1365 4415 propterea
1413 4322 1594 4411 quod
1646 4324 2010 4393 hominum
2062 4344 2394 4393 venemur
2440 4321 2757 4412 gloriam,

220 4411 290 4481 id
341 4412 636 4502 gloriose
692 4413 1167 4497 traducimus,
1234 4425 1299 4483 et
1356 4414 1424 4482 in
1486 4411 1793 4483 medium
1847 4412 2306 4505 proferimus,
2365 4423 2431 4480 et
2493 4422 2768 4502 propter
