3357 4995
242 323 464 390 JUNII
517 323 597 387 45
997 341 1075 387 nn
1124 342 1177 387 s.
1235 340 1566 388 naumann
1614 342 1656 387 A
1704 341 2047 389 ΜΕΝΤΗΟΝΑ
2588 323 2704 388 361

245 438 557 495 moratus
591 425 977 496 Bernardus
1017 448 1179 495 cum
1215 425 1459 495 iisdem
1501 426 2090 526 ,peregrinationis
2121 427 2327 496 sociis
2356 440 2557 506 esset,
2593 431 2807 495 Cano—

245 514 444 584 nicos
466 514 861 584 coenobitas
888 516 1018 585 sub
1054 514 1293 602 regula
1326 519 1391 582 S.
1431 516 1798 604 Augustini
1825 515 2126 608 instituit
2158 515 2452 604 Hospitii
2475 515 2801 596 cultoreS,

246 615 312 672 et
361 603 432 671 in
468 607 845 694 Augustam
885 603 1310 672 'Praetoriam
1361 603 1718 673 descendit
1765 603 2380 674 Archidiaconatus
2431 603 2655 672 officia
2706 624 2809 672 re-

249 706 664 781 sumpturus
692 693 749 759 *.
785 693 1052 774 Quibus
1083 694 1151 760 in
1183 691 1544 773 obeundis,
1575 693 1805 781 quoad
1835 692 2084 762 vicarii
2115 693 2469 761 Generalis
2499 691 2807 761 officium

251 780 556 850 interdiu
589 795 860 871 gestum
912 780 1129 860 licuit,
1173 781 1617 870 praecipuam
1668 781 1991 851 adhibuit
2024 803 2265 850 curam
2301 794 2378 849 ut
2420 793 2809 870 peccatores

248 869 337 937 ad
370 870 858 960 poenitentiam
898 882 1185 949 vocaret,
1230 869 1315 937 ad
1369 868 1572 938 fidem
1610 871 1924 939 ethnicos
1953 869 2343 949 adduceret,
2380 870 2652 939 cunctis
2685 869 2813 944 fie-,

251 972 354 1026 ret
396 959 694 1028 veritatis
729 959 1073 1047 magister,
1121 959 1629 1047 superstitionis
1681 960 1877 1038 ritus.
1918 959 2331 1028 haereticam
2374 959 2800 1046 pravitatem,

250 1061 615 1137 corruptos
666 1068 890 1117 mores
936 1048 1336 1136 extirparet;
1383 1048 1586 1115 annis
1611 1047 2076 1145 quadraginta
2108 1047 2384 1116 duobus
2420 1047 2808 1116 indefessus

255 1135 602 1226 Evangelii
658 1158 921 1226 praem,
957 1136 1202 1235 pingui
1249 1136 1436 1226 apud
1473 1141 1683 1204 Deum
1727 1138 1811 1205 de
1846 1136 2223 1206 lucrifactis
2274 1136 2643 1206 animabus
2674 1136 2809 1224 foe<

252 1245 444 1300 nore,
507 1224 972 1314 Apostolatum
1037 1224 1341 1294 diversos
1406 1225 1588 1324 apud
1658 1226 1954 1314 populos
2002 1225 2244 1315 gessit;
2298 1226 2449 1314 ejus
2507 1247 2806 1311 namque

254 1314 437 1382 vocis
477 1336 690 1384 sonus
739 1319 836 1383 Au
888 1327 1173 1390 ustanae
1216 1313 1553 1382 Ecclesiae
1589 1314 1762 1384 fines
1787 1314 2145 1394 excedens,
2189 1336 2326 1383 non
2372 1313 2806 1383 Sedunenses

255 1401 458 1471 modo
487 1403 727 1492 (Sion),
761 1409 850 1472 Ge
903 1424 1261 1480 ennenses‚
1299 1404 1852 1473 Tarentasienses
1889 1404 1956 1472 in
1989 1403 2319 1472 Penninis
2366 1404 2671 1492 etGrajis
2703 1403 2809 1471 Al-

259 1490 488 1579 pibus,
544 1493 658 1562 sed
694 1505 757 1560 et
805 1513 963 1560 cum
1013 1515 1049 1560 e
1101 1497 1408 1560 Romana
1469 1492 2017 1582 peregrinatione
2067 1505 2420 1570 remearet,
2482 1492 2810 1561 Insubres

251 1592 317 1648 et
366 1579 784 1670 Subalpinos
815 1581 1151 1649 excitavit.
1209 1580 1530 1649 Novariae
1572 1582 1873 1660 tandem,
1922 1603 2134 1669 quam
2188 1580 2698 1671 praedicatione
2745 1595 2809 1649 et

253 1668 615 1738 miraculis
650 1669 781 1739 sibi
814 1670 1254 1759 peculiariter
1302 1669 1626 1750 devinxit,
1683 1670 1918 1739 habito
1968 1670 2160 1739 Feria
2218 1694 2279 1738 v1
2331 1684 2485 1758 post
2535 1675 2805 1739 Festum

254 1761 356 1824 Ss.
398 1757 748 1839 Trinitatis
784 1759 1135 1847 praeclaro
1197 1758 1495 1843 quodam
1545 1780 1885 1838 sermone,
1940 1759 2132 1828 senio
2179 1770 2243 1826 et
2279 1758 2634 1827 laboribus
2678 1759 2811 1827 sra-

252 1859 429 1924 ctuS‚
484 1867 666 1914 anno
717 1847 983 1916 Domini
1020 1871 1204 1926 mvm,
1242 1850 1545 1916 animam
1583 1847 2055 1936 placidissime
2080 1847 2428 1936 angelicis
2481 1847 2809 1917 manibus

252 1935 605 2005 commisit
635 1937 991 2005 beatorum
1027 1936 1257 2006 choris
1293 1935 1714 2004 sociandam.
1756 1936 2111 2026 Sepultum
2147 1937 2525 2005 honorifice
2553 1959 2807 2026 corpus

250 2036 354 2093 est
386 2023 457 2092 in
506 2023 795 2094 ecclesia
848 2025 1230 2093 Monasterii
1262 2031 1325 2094 S.
1363 2025 1711 2094 Laurentii
1752 2026 1978 2094 Presb.
2014 2031 2097 2092 Μ.
2127 2037 2313 2093 extra
2351 2047 2590 2094 muros
2617 2026 2803 2114 apud

251 2134 464 2198 quam
492 2113 774 2195 obierat,
811 2115 930 2182 ubi
965 2113 1280 2203 religiosa
1324 2113 1387 2182 in
1436 2114 1713 2203 proprio
1747 2114 1945 2183 altari
1987 2126 2412 2183 asservatum
2454 2127 2555 2182 est
2588 2137 2809 2200 usque

253 2200 342 2268 ad
394 2224 653 2271 annum
706 2225 900 2280 mmm
944 2202 1174 2272 diruta
1207 2204 1392 2272 enim
1445 2226 1565 2291 per
1625 2225 1980 2272 caesareos
2031 2203 2385 2271 ministros
2438 2202 2554 2269 illa
2605 2203 2796 2280 aede,

257 2288 662 2360 translatum
713 2304 814 2360 est
849 2293 915 2359 in
952 2293 1178 2380 majus
1210 2293 1422 2371 ¹urbis
1477 2291 1837 2381 templum.
1904 2297 2120 2380 Caput
2168 2313 2324 2359 vero
2361 2290 2602 2378 inclyti
2654 2290 2809 2359 fun-

257 2376 516 2446 datoris
548 2380 842 2469 Hospitii
895 2381 1144 2448 montis
1168 2382 1377 2459 Jovis,
1458 2381 1653 2449 aucis
1682 2380 1935 2470 elapsis
1988 2393 2137 2469 post
2170 2380 2323 2466 ejus
2361 2392 2648 2448 mortem
2687 2402 2810 2448 an-

260 2464 396 2546 nis,
437 2466 598 2538 illuc
618 2468 923 2538 delatum
957 2469 1108 2538 fuit.
1156 2469 1392 2540 Cultus
1449 2470 1723 2559 iturgici
1758 2468 2140 2538 honoribus
2171 2467 2517 2559 gaudebat
2555 2472 2624 2536 Β.
2653 2473 2811 2537 Ber-

256 2555 519 2625 nardus
558 2558 706 2647 jam
757 2558 1030 2627 saeculo
1065 2582 1192 2637 x11;
1247 2572 1492 2627 auctus
1540 2572 1768 2627 autem
1821 2572 1923 2628 est
1961 2558 2147 2648 apud
2202 2557 2434 2647 plures
2470 2558 2810 2628 Ecclesias

254 2645 530 2714 saeculo
563 2668 694 2715 xv1.
735 2647 1158 2716 Venerabilis
1191 2647 1472 2716 Carolus
1521 2670 1560 2715 a
1609 2647 1900 2717 Basilica
1946 2648 2120 2716 Petri
2170 2647 2532 2736 (Base-ape)
2581 2647 2803 2735 Episc.

254 2738 495 2802 Novar.
550 2734 634 2820 de
684 2734 802 2805 illo
839 2737 905 2802 in
959 2735 1392 2804 Novariensis
1441 2736 1618 2804 Eccl.
1660 2736 1831 2805 Hist.
1890 2736 2008 2805 lib.
2056 2760 2078 2804 1
2109 2756 2365 2825 agens:
2399 2758 2433 2801 «
2466 2735 2805 2805 Sanctitas

252 2822 470 2910 hujus
514 2827 583 2891 B.
620 2823 1125 2903 Archidiaconi,
1178 2827 1416 2915 inquit,
1476 2826 1650 2893 inter
1698 2824 1899 2914 Alpes
1948 2836 2012 2893 et
2060 2826 2129 2891 in
2182 2824 2584 2913 regionibus
2632 2846 2808 2910 quae

253 2910 540 3000 Alpibus
588 2913 758 2981 citra
806 2926 871 2981 ct
903 2913 1083 2982 ultra
1117 2913 1462 3001 adjacent,
1517 2912 1721 3001 longe
1764 2914 2031 3000 lateque
2081 2912 2474 2982 incredibili
2524 2934 2808 2982 venera-

255 3001 437 3068 tione
485 3000 893 3071 celebratur.
931 3007 1008 3069 In
1043 3002 1345 3073 Dioecesi
1394 3014 1574 3071 certe
1623 3002 2020 3072 Novariensi
2055 3003 2163 3071 vix
2197 3003 2389 3071 vicus
2419 3014 2521 3069 est
2568 3002 2639 3069 in
2671 3024 2810 3088 quo

253 3087 355 3157 vel
409 3089 644 3159 aedem
681 3091 833 3180 ejus
868 3092 1134 3159 nomini
1175 3092 1500 3170 dicatam,
1547 3091 1648 3167 vel
1681 3091 1894 3160 altare
1931 3090 2031 3159 vel
2070 3102 2299 3159 votum
2344 3090 2643 3159 universi
2690 3113 2810 3180 po—

255 3176 401 3266 puli
435 3199 573 3246 non
636 3179 959 3268 reperias.
1006 3205 1031 3243 »
1082 3185 1158 3247 Et
1198 3181 1473 3249 merito:
1540 3179 1637 3249 ibi
1693 3181 1876 3249 enim
1932 3193 2199 3269 praeter
2254 3179 2472 3248 multa
2521 3179 2606 3247 ad
2657 3180 2808 3267 ejus

255 3265 656 3356 sepulcrum
718 3267 816 3336 vel
865 3268 1016 3356 ejus
1074 3270 1501 3338 invocatione
1551 3281 1831 3359 accepta
1870 3268 2160 3338 coelitus
2212 3266 2571 3346 beneficia,
2629 3267 2805 3337 illud

255 3355 703 3424 memorabile
753 3357 937 3443 quod
996 3358 1226 3426 vivens
1275 3357 1568 3448 patravit
1616 3357 1925 3446 signum;
1962 3378 2121 3426 cum
2163 3357 2346 3425 enim
2400 3357 2809 3425 Novariense

253 3464 499 3543 agrum
575 3444 876 3513 maxima
939 3445 1362 3515 locustarum
1429 3446 1802 3516 multitudo
1863 3457 2178 3525 vastaret,
2260 3444 2522 3515 indicto
2600 3445 2809 3514 tridui

247 3531 539 3619 Jejunio,
596 3533 878 3622 praedia
917 3534 1306 3604 Bernardus
1353 3546 1418 3603 et
1449 3535 1766 3606 homines
1808 3534 2325 3625 precibus'suis
2388 3535 2666 3623 penitus
2729 3556 2805 3603 ea

251 3620 685 3691 infestatione
715 3622 1050 3693 liberavit.

302 3765 328 3788 ⁰
359 3765 497 3806 Aliud
526 3776 713 3816 quoque
742 3768 789 3807 in
819 3769 1042 3807 occiduae
1070 3769 1369 3817 augustanae
1397 3766 1540 3809 vallis
1569 3767 1796 3808 extremit
1824 3767 1997 3808 fluibus
2016 3764 2286 3815 Hospitium
2304 3766 2459 3806 fertur
2478 3763 2707 3806 excitasse
2727 3766 2811 3807 ubi

252 3819 414 3859 endem
442 3821 543 3859 fere
574 3821 895 3862 “luctantium
923 3822 1183 3861 necessitas
1209 3822 1506 3870 deposcebat.
1533 3822 1661 3871 quod
1690 3822 1864 3861 Pan-m
1896 3822 1939 3860 S.
1973 3822 2237 3860 Ber-nardus
2258 3820 2547 3869 appellatum
2568 3822 2663 3863 est:
2696 3822 2809 3860 sunt

250 3872 411 3912 tmen
440 3875 520 3921 qui
550 3874 695 3925 hujus
724 3878 962 3914 auctorem
991 3876 1164 3915 dicant.
1195 3875 1387 3916 saeculo
1417 3876 1746 3925 posteriorem,
1774 3875 1819 3916 Β.
1838 3875 2031 3915 Petrum
2055 3875 2301 3914 Tarentus.
2322 3874 2620 3923 Episcopum.
2639 3873 2696 3914 dc
2716 3883 2809 3923 quo

253 3925 306 3967 iu
322 3926 475 3975 Surio.
496 3936 658 3967 mense
677 3928 814 3977 Medo,
834 3937 910 3977 pp.
930 3930 1009 3968 215
1030 3933 1079 3968 et
1101 3930 1197 3968 221.
