3357 4995
652 322 783 386 602
1278 338 1358 385 m:
1403 337 1459 386 s.
1512 336 1846 387 anritemo
1891 335 2128 385 annac.
2178 331 2376 384 amsc.
2748 312 2959 386 JUNII
3003 317 3112 383 26

562 419 1081 503 consolidando,
1136 420 1485 518 dispersos
1531 420 1948 503 reducendo,
1985 431 2051 492 et
2102 441 2182 490 ex
2228 418 2557 510 luporum
2603 416 2925 490 faucibus
2983 441 3112 490 ra-

562 524 714 612 ptos
771 508 1225 581 extrahendo:
1279 509 1398 579 sed
1432 509 1637 580 etiam
1689 522 1800 579 tur
1853 510 2131 579 issimae
2177 508 2353 579 vitae
2392 508 2610 579 toxico
2657 529 2814 579 oves
2845 509 3117 581 Christi

563 599 886 680 1nficitis,
952 611 1017 670 et
1109 598 1317 669 uibus
1366 597 1452 668 ad
1509 599 1788 670 obtinen
1843 621 1954 668 am
2012 597 2224 668 vitam
2288 609 2638 668 aeternam
2674 607 2987 668 auctores
3037 609 3119 666 et

566 688 778 760 duces
824 709 973 758 esse
1005 686 1089 757 de
1140 687 1364 770 eretiS,
1408 709 1525 759 eas
1549 688 1907 759 vobiscum
1939 687 2010 755 in
2060 699 2375 756 aeternae
2403 685 2645 757 mortis
2693 685 3118 778 praecipitia

564 776 952 848 adducitis?
1000 776 1128 848 Sed
1155 776 1324 846 haec
1355 775 1639 864 quidem
1675 776 2007 846 hactenus
2054 797 2096 844 a
2142 774 2337 845 vobis
2362 785 2771 865 perpetrata,
2828 775 3120 845 tametsi

566 888 691 957 par
715 879 882 948 erat,
933 886 1176 936 eorum
1225 868 1438 936 causa
1484 885 1599 935 vos
1646 877 1712 933 et
1757 863 2241 937 ecclesiasticis
2289 863 2733 954 proventibus
2779 876 2847 934 et
2882 864 3117 934 sacris

567 954 928 1025 ordinibus
983 954 1264 1044 privari,
1321 966 1546 1023 tamen
1596 954 1667 1022 in
1717 974 2042 1044 praesens
2098 952 2272 1021 mihi
2319 952 2600 1022 meritas
2647 974 2781 1022 non
2832 952 3121 1023 dabunt

567 1065 849 1135 poenas.
887 1043 957 1113 Si
984 1043 1107 1131 qui
1139 1064 1295 1112 vero
1345 1041 1671 1133 deinceps
1732 1063 1878 1111 sese
1925 1040 2010 1110 ad
2063 1040 2415 1110 meliorem
2477 1039 2745 1132 frugem
2798 1042 3121 1132 recipere

570 1132 936 1214 noluerint,
981 1132 1052 1201 in
1100 1131 1258 1201 illos
1315 1153 1441 1222 ego
1481 1143 1659 1200 certe
1709 1129 1927 1200 multa
1979 1130 2331 1200 severitate
2377 1129 2921 1200 animadvertere
2964 1151 3116 1199 non

571 1222 903 1292 omittam.
940 1220 1161 1292 Nolim
1183 1220 1366 1289 enim
1417 1218 1924 1289 dissimulando
1964 1230 2220 1288 vestrae
2261 1240 2368 1288 me
2404 1218 2788 1306 iniquitatis
2817 1218 3122 1288 reddere

572 1312 1000 1401 participem.
1054 1309 1248 1409 Quod
1296 1308 1356 1377 si
1404 1330 1522 1409 vos
1548 1308 1894 1409 ‘noveritis
1943 1329 2220 1398 parcere
2278 1306 2487 1377 saluti
2533 1318 2829 1388 vestrae,
2887 1311 3116 1377 Deum

570 1421 845 1488 quoque
874 1409 1248 1490 propitium
1299 1407 1673 1468 sentietis»

659 1491 697 1575 ξ
740 1492 877 1559 ²2.
933 1492 1112 1556 Haec
1152 1484 1377 1576 primo
1423 1505 1606 1555 anno
1643 1485 1828 1555 dicta
1877 1497 2042 1556 sunt
2099 1485 2184 1554 ab
2234 1483 2393 1554 illo:
2449 1483 2660 1554 altero
2706 1506 2889 1554 anno
2937 1506 3115 1555 cum

572 1575 854 1664 quidam
904 1574 1163 1644 nollent
1188 1574 1612 1665 resipiscere,
1668 1573 1786 1644 sed
1823 1575 1968 1646 suis
1998 1572 2287 1643 involuti
2326 1572 2657 1654 faecibuS,
2697 1595 2821 1663 pro
2854 1573 3115 1643 infami

572 1663 1020 1735 contubernio
1069 1662 1355 1734 mallent
1400 1663 1678 1733 vincula
1710 1675 2122 1749 catenasque
2168 1660 2348 1731 colla
2395 1674 2782 1752 prementes
2838 1663 3120 1753 perpeti·

573 1775 731 1823 cum
773 1752 1178 1843 ignominia,
1215 1773 1423 1838 quam
1458 1752 1544 1821 ad
1579 1751 1909 1841 pudorem
1937 1764 2002 1820 et
2040 1751 2464 1821 honestatem
2513 1772 2674 1819 cum
2703 1750 2819 1819 Dei
2867 1772 3116 1820 amore

575 1864 647 1911 se
692 1862 1148 1931 componere,
1218 1862 1334 1909 sex
1381 1853 1499 1909 aut
1548 1853 1807 1930 septem
1879 1840 2274 1910 audivimus
2323 1839 2575 1909 Ordine
2625 1840 2948 1928 privatos.
3003 1844 3117 1908 Ita

574 1952 746 2019 quos
794 1951 927 1998 non
966 1929 1187 2020 potuit
1233 1928 1657 1999 humanitate
1706 1942 1770 1997 et
1803 1927 2334 1999 mansuetudine
2376 1927 2555 1997 corri
2606 1948 2742 2008 ere,
2799 1927 2959 1998 illos
2997 1950 3116 1997 se-

574 2020 851 2089 veritate
878 2031 943 2088 et
972 2019 1162 2107 justa
1193 2018 1787 2087 animadversione
1817 2016 2215 2087 emendatos
2247 2016 2506 2096 dilexit,
2583 2017 2744 2094 ovit,
2780 2015 3117 2086 tuendos-

576 2129 710 2195 que
769 2107 1093 2196 suscepit,
1143 2118 1220 2175 ut
1267 2128 1466 2175 nemo
1512 2120 1688 2176 esset
1734 2106 1854 2193 qui
1912 2105 2295 2175 sacerdotes
2343 2118 2461 2174 aut
2511 2104 2778 2174 laedere
2826 2104 2971 2175 ulla
3025 2126 3118 2174 ex

576 2209 768 2286 parte
816 2218 1028 2266 ausus
1074 2206 1272 2274 esset,
1328 2207 1445 2264 aut
1487 2207 1683 2284 turpe
1721 2194 1982 2281 aliquid
2038 2195 2121 2264 de
2168 2194 2268 2263 eis
2317 2193 2564 2263 dicere.
2621 2199 2794 2263 Suas
2842 2194 2946 2263 vel
2995 2216 3117 2263 ec-

576 2286 823 2355 clesiae
859 2301 1090 2364 terrae,
1131 2284 1470 2364 homines,
1525 2284 1950 2364 coemeteria,
1986 2295 2051 2352 et
2095 2304 2572 2370 quaecumque
2597 2281 2681 2350 ad
2720 2283 2952 2371 ipsum
3004 2294 3118 2352 at-

579 2374 893 2456 tinerent,
948 2374 1211 2462 integra
1239 2394 1662 2452 conservare,
1705 2371 2011 2452 clericos,
2067 2370 2332 2450 viduas,
2374 2392 2713 2460 pauperes
2742 2369 3118 2440 defendere

577 2484 1014 2563 summopere
1062 2462 1348 2532 curavit.
1404 2462 1470 2531 Si
1503 2462 1662 2549 quis
1704 2459 1863 2535 illis,
1917 2482 2093 2547 quae
2142 2458 2396 2530 tuenda
2447 2471 2865 2550 susceperat,
2916 2459 3117 2530 illata

576 2551 808 2638 aliqua
855 2552 1113 2642 injuria
1159 2552 1389 2640 ipsum
1425 2550 1820 2620 offendisset
1850 2552 2075 2638 (erant
2103 2561 2334 2618 autem
2386 2570 2506 2638 per
2537 2548 2605 2616 id
2658 2562 2934 2638 tempus
2964 2548 3112 2618 illis

577 2641 649 2708 in
700 2639 867 2710 locis
918 2662 1054 2709 non
1088 2639 1293 2729 pauci
1340 2651 1645 2729 raptores
1674 2651 1740 2707 et
1786 2638 1949 2707 mali
2004 2640 2076 2706 ni
2130 2637 2494 2726 homines),
2547 2650 3114 2725 quantacumque

582 2730 641 2798 is
690 2729 1020 2829 dignitate
1068 2727 1169 2796 vel
1206 2728 1604 2797 auctoritate
1632 2740 1830 2807 esset,
1875 2749 1970 2796 nu
2004 2727 2050 2795 li
2082 2748 2392 2816 parcens,
2431 2725 2694 2795 nullius
2744 2747 3113 2814 personam

577 2818 945 2907 accipiens,
983 2816 1155 2885 nihil
1190 2817 1564 2903 quicquam
1587 2814 2064 2895 reformidans,
2106 2817 2319 2884 immo
2354 2827 2495 2884 tum
2544 2814 2759 2884 multo
2784 2827 3115 2895 constan-

578 2907 729 2986 tior,
777 2908 836 2976 si
878 2917 1180 2996 speraret
1229 2917 1598 2993 martyrem
1651 2926 1723 2972 se
1753 2903 2090 2984 futurum,
2131 2903 2311 2974 sicut
2356 2904 2693 2992 scriptum
2732 2915 2833 2972 est
2878 2904 3110 2990 (Prov.

572 2995 818 3083 xxv111):
870 3001 1102 3064 Justus
1131 2995 1331 3084 quasi
1368 2997 1466 3062 leo
1497 2993 1848 3082 confidem,
1885 2995 2128 3082 absque
2168 3003 2417 3060 terrore
2463 2994 2619 3060 erit.-
2671 2991 3113 3061 anathemate

577 3106 734 3152 eum
758 3083 1186 3171 percellebat,
1213 3104 1338 3151 nec
1358 3103 1694 3168 unquam,
1724 3082 1857 3150 nisi
1880 3078 2340 3150 satisfactione
2362 3092 2665 3168 accepta,
2686 3079 3109 3149 absolvebat.

669 3172 699 3256 ἓ
747 3176 896 3244 28.
972 3175 1207 3240 Comes
1264 3171 1683 3239 Humbertus
1720 3169 1847 3259 (a),
1903 3168 2177 3237 Amedei
2225 3168 2457 3248 filius,
2512 3167 2888 3254 quemdam
2958 3170 3116 3259 ejus

581 3260 1054 3348 presbyterum
1102 3260 1405 3347 jusserat
1473 3257 1991 3348 comprehendi.
2047 3257 2240 3325 Petiit
2289 3256 2403 3324 ille
2454 3257 2930 3345 presbyterum
2973 3258 3114 3326 sibi

580 3348 883 3417 restitui:
924 3347 1038 3418 sed
1073 3370 1235 3416 cum
1284 3368 1418 3415 non
1462 3347 1877 3437 impetraret,
1934 3346 2402 3434 Praepositum
2446 3345 2619 3432 ejus,
2668 3346 2789 3431 qui
2825 3345 3116 3435 presby—

577 3446 794 3505 terum
844 3448 1138 3525 ceperat,
1196 3458 1357 3504 cum
1408 3448 1544 3504 tota
1588 3435 1793 3504 domo
1840 3434 1992 3522 ejus
2037 3433 2680 3503 excommunicavit.
2737 3439 3112 3520 Postquam

580 3538 805 3594 autern
856 3525 1194 3614 cognovit,
1251 3524 1375 3593 ubi
1429 3523 1780 3612 presbyter
1836 3523 2290 3600 detineretur,
2349 3523 2591 3611 Episco
2645 3545 2764 3592 um
2819 3524 3116 3591 Mauria-

582 3634 861 3682 nensem
915 3614 1274 3682 dominum
1316 3611 1758 3682 wilhelmum
1809 3613 2018 3690 misit,
2077 3624 2154 3680 ut
2199 3633 2359 3680 eum
2407 3632 2486 3679 ex
2543 3609 2588 3679 il
2621 3634 2662 3679 a
2721 3611 3118 3701 captivitate

575 3702 974 3772 extraheret.
1014 3702 1279 3770 Invenit
1327 3702 1677 3770 hominem
1705 3701 2084 3790 Episcopus
2119 3699 2258 3780 ille,
2295 3698 2562 3768 monuit
2607 3699 3104 3789 Praepositum,

579 3790 700 3876 qui
749 3804 893 3859 tum
944 3789 1213 3869 aderat,
1265 3803 1341 3859 ut
1408 3791 1697 3859 missum
1747 3811 1904 3858 eum
1973 3787 2240 3857 faceret.
2319 3786 2594 3857 Nolente
2671 3787 3105 3877 PraepositO,

630 4025 688 4068 (a)
717 4023 905 4061 Tertius
934 4022 1077 4070 hujus
1106 4023 1308 4062 nominis
1339 4032 1393 4061 ex
1418 4022 1610 4070 inclytis
1642 4021 1882 4073 religione.
1914 4019 2177 4070 prudentiis,
2205 4019 2382 4060 virtute
2410 4020 2594 4066 bellica,
2637 4021 2892 4060 sabaudiae
2938 4018 3116 4060 Princi-

578 4077 728 4126 pibus.
759 4077 988 4114 Defuncto
1017 4076 1065 4114 in
1096 4076 1245 4123 Cypro
1272 4076 1395 4126 patri
1423 4077 1625 4116 amedeo
1655 4077 1724 4115 111
1757 4076 1999 4116 successit.
2026 4075 2112 4114 sed
2138 4075 2394 4114 severioris
2421 4075 2548 4113 vitae
2579 4076 2626 4113 et
2646 4083 2886 4113 sacrarum
2903 4077 3120 4115 contem-

575 4127 833 4178 plationum
864 4129 1078 4176 cupidus,
1107 4126 1499 4168 cisterciensibus
1530 4129 1859 4169 altaecumbae
1890 4128 2132 4167 Monachis
2149 4129 2357 4176 cooptari
2376 4128 2540 4167 voluit.
2563 4127 2644 4166 Bis
2663 4128 2772 4166 inde
2791 4127 3118 4168 praelatorum

576 4183 776 4222 consilio
807 4183 1041 4226 evocatus,
1068 4182 1153 4226 bis,
1184 4185 1239 4221 ut
1265 4183 1471 4229 primum
1502 4183 1634 4229 regni
1665 4193 1717 4222 se
1749 4182 1949 4231 negotiis
1979 4181 2223 4220 absolvere
2251 4181 2417 4229 potuit,
2444 4181 2492 4219 in
2514 4180 2799 4220 coenobium
2817 4189 2870 4219 se
2887 4180 3120 4224 restituit,

580 4238 658 4276 ubi
688 4235 735 4275 in
766 4238 925 4276 osculo
952 4233 1136 4274 Domini
1169 4235 1451 4275 obdormivit.
1477 4244 1599 4274 anno
1633 4245 1935 4278 arcnxxxvtu,
1965 4237 2012 4273 et
2041 4234 2197 4274 clarus
2235 4232 2403 4282 signis,
2441 4234 2690 4273 Beatorum
2732 4234 2867 4274 fastis
2909 4234 3003 4273 rite
3041 4238 3119 4274 eet

580 4291 860 4338 adscriptus.
888 4289 1017 4328 Inter
1044 4288 1251 4337 plurima.
1277 4289 1380 4337 ejus
1405 4289 1456 4327 iu
1486 4289 1745 4328 Ecclesiam
1775 4289 1954 4330 merita,
1984 4288 2027 4326 S.
2055 4288 2163 4326 Sedi
2189 4283 2548 4331 addictissimus,
2566 4296 2651 4335 pro
2672 4296 2728 4326 ea
2747 4286 2985 4326 Friderioo
3004 4288 3118 4349 Bari·

577 4344 797 4383 bai-ossae
825 4345 1018 4383 strenue
1049 4340 1239 4381 restitit.
1270 4343 1385 4382 Rem
1416 4351 1524 4381 cum
1552 4344 1595 4381 S.
1625 4342 1876 4382 Anthelmo
1907 4339 2126 4390 agitatam
2149 4341 2283 4380 faede
2304 4342 2552 4389 exaggerat
2571 4340 2716 4388 hujus
2739 4338 2868 4380 Vitae
2890 4340 3112 4388 scriptor.

578 4397 623 4489 ῗ).
654 4398 932 4489 Εὲἑςοίοριιω
963 4405 1071 4435 vero
1099 4393 1389 4435 fortitudinis
1419 4395 1671 4444 pastoralis
1702 4394 1917 4434 nonnihil
1945 4394 2115 4433 finibus
2150 4395 2408 4434 excessisse
2443 4393 2571 4442 patet
2601 4403 2656 4431 ex
2675 4393 2909 4433 sententia
2929 4395 3111 4433 Summi

620 4460 679 4489 on
705 4460 719 4488 1
754 4460 778 4488 c
797 4459 833 4489 s.
