3357 4995
242 319 459 391 JUNII
504 325 590 390 26
889 382 893 391 ,
954 343 1033 390 nn
1081 343 1137 391 s.
1190 340 1525 391 Anrnzmo
1572 341 1806 391 name.
1860 339 2063 392 nmsc.
2557 325 2685 390 603

245 428 626 518 Episcopus
657 447 815 497 eum
839 448 877 497 e
896 426 1211 498 custodia
1234 427 1542 510 abduxit,
1573 427 2081 498 contradicente
2110 426 2351 498 eodem
2385 427 2776 517 Praeposito

247 529 316 586 et
348 515 787 586 vociferante:
834 515 1166 603 Equidem
1219 517 1341 585 tibi
1396 539 1531 585 non
1585 517 1861 587 resisto:
1917 515 2034 585 sed
2085 527 2313 585 tamen
2363 517 2531 587 sciet
2590 514 2778 586 haud

246 605 462 675 dubio
509 604 837 674 dominus
900 626 1118 685 meuS‚
1172 605 1329 693 quis
1390 605 1739 696 captivum
1797 606 1948 694 ejus
2002 604 2387 674 abstulerit.
2437 610 2592 678 Post
2658 604 2781 675 ubi

244 693 644 793 presbytero
701 691 806 761 illi
859 693 1325 783 significatum
1376 692 1506 763 fuit
1553 692 1844 765 insidias
1885 692 2040 763 illos
2100 692 2352 773 moliri,
2405 706 2483 763 ut
2540 715 2783 763 rursus

243 804 481 872 ipsum
528 794 875 872 caperent,
955 780 1119 872 fuga
1165 782 1298 851 sibi
1355 782 1714 853 consulere
1787 783 2146 852 statuebat.
2207 782 2512 851 Pervenit
2584 781 2652 851 id
2695 781 2782 851 ad

237 870 560 940 notitiam
604 891 956 941 servorum
992 871 1389 960 Praepositi,
1444 870 1687 958 illique
1737 870 2019 940 abeunti
2063 869 2352 940 insidias
2399 870 2778 952 tendenteS,

234 981 407 1031 cum
444 958 696 1050 gladiis
744 972 1021 1049 repente
1050 960 1113 1028 ei
1159 970 1554 1029 occurrunt.
1613 958 1738 1029 Illo
1773 981 1846 1028 se
1892 958 2258 1028 defendere
2304 959 2592 1041 volente,
2642 971 2785 1029 tam

230 1049 461 1119 atroci
529 1068 690 1117 eum
758 1047 1037 1117 vulnere
1115 1048 1436 1122 affecere'.
1488 1062 1569 1118 ut
1614 1049 1795 1118 intra
1864 1069 2119 1137 paucos
2179 1047 2327 1117 dies
2375 1061 2777 1118 moreretur.

236 1136 438 1207 Idem
491 1158 647 1205 vero
681 1140 917 1205 Comes
965 1157 1087 1226 per
1123 1136 1546 1206 calumniam
1589 1137 1958 1219 asserebat,
2012 1137 2351 1224 quaedam
2402 1138 2473 1206 in
2511 1159 2783 1228 posses-

242 1226 571 1296 sionibus
601 1224 939 1295 Ecclesiae
989 1226 1140 1315 ejus
1188 1226 1446 1316 regalia
1491 1246 1662 1297 esse:
1725 1246 1848 1295 nec
1907 1238 2158 1305 tamen,
2225 1225 2486 1294 vivente
2543 1237 2783 1296 sancto

239 1314 611 1404 EpiscopO,
651 1326 1008 1404 propterea
1049 1314 1378 1403 injuriam
1430 1313 1650 1383 facere
1700 1313 2063 1396 Ecclesiae,
2102 1325 2222 1384 aut
2260 1314 2521 1401 aliquid
2572 1314 2658 1384 ab
2706 1336 2787 1384 ea

234 1404 513 1492 exigere
559 1423 775 1472 ausus
821 1402 971 1471 fuit.

334 1493 371 1577 ξ
423 1494 585 1561 29.
644 1497 732 1559 De
771 1490 879 1561 his
913 1491 1123 1581 igitur
1169 1513 1329 1560 cum
1358 1513 1516 1561 eum
1566 1490 2044 1580 compellasset
2073 1491 2478 1581 Episcopus,
2534 1491 2649 1561 ille
2679 1492 2783 1560 ira

237 1579 574 1671 percituS,
630 1579 880 1648 minari
944 1580 1209 1669 coepit,
1287 1602 1422 1648 non
1474 1600 1545 1648 se
1592 1579 1859 1650 diutius
1907 1580 2540 1660 dissimulaturum,
2608 1580 2781 1667 quin

239 1689 428 1756 quae
478 1668 586 1739 sui
612 1680 838 1738 essent
876 1668 1056 1756 juris
1102 1668 1419 1758 exigeret.
1477 1673 1744 1739 Rursus
1789 1681 2020 1739 autem
2080 1681 2399 1739 monente
2446 1673 2494 1737 E
2550 1668 2783 1757 iscopo

236 1770 309 1827 et
373 1757 1104 1826 excommunicationis
1178 1757 1587 1826 sententiam
1653 1758 2054 1838 intentante,
2110 1758 2241 1828 nisi
2303 1770 2366 1827 et
2428 1779 2509 1826 ca
2542 1758 2781 1826 umnia

238 1845 641 1923 abstineret,
679 1858 743 1913 et
792 1867 913 1934 pro
964 1845 1336 1916 sacerdotis
1386 1866 1571 1926 nece,
1624 1859 1963 1933 quantum
2018 1845 2103 1914 ad
2149 1847 2377 1936 ipsum
2436 1846 2774 1927 attineret,

242 1941 383 2003 Deo
432 1932 893 2003 satisfaceret:
942 1939 1178 2004 Comes
1225 1935 1484 2004 monita
1529 1935 1682 2025 ejus
1738 1948 2208 2014 contemnens,
2266 1934 2627 2020 minasque
2675 1933 2785 2021 ja·

236 2038 442 2092 ctans
489 2033 553 2090 et
620 2022 926 2112 pericula
1005 2022 1408 2103 intendens,
1481 2045 1930 2110 asserensque
1980 2045 2050 2092 se
2108 2022 2456 2091 Pontificis
2506 2022 2783 2091 Maximi

238 2110 609 2201 privilegio
659 2112 1030 2192 munitum,
1064 2135 1103 2181 a
1131 2112 1401 2180 nemine
1442 2133 1639 2211 posse
1669 2110 2384 2181 excommunicari:ab
2419 2113 2777 2201 Episcopo,

236 2198 444 2269 nulla
483 2200 631 2289 ejus
663 2201 1001 2288 potentiae
1050 2200 1280 2269 habita
1336 2213 1635 2280 rat1one,
1698 2200 2130 2270 anathemate
2205 2199 2565 2289 plectitur,
2620 2222 2781 2269 cum

240 2309 578 2377 praesens
629 2287 917 2358 adesset.
972 2294 1141 2358 Tum
1177 2311 1333 2357 vero
1388 2289 1507 2357 illo
1555 2287 1784 2359 furore
1852 2288 2301 2366 inflammato,
2367 2299 2433 2356 et
2490 2288 2783 2378 graviter

235 2377 751 2457 comminante,
831 2375 968 2445 illis
1019 2399 1314 2464 quoque,
1376 2378 1496 2464 qui
1543 2379 1606 2446 ei
1662 2377 1988 2457 aderant,
2043 2376 2599 2453 affirmantibus,
2661 2398 2785 2465 pro

241 2476 442 2537 tanta
487 2466 559 2533 in
632 2465 1016 2556 principem
1090 2466 1509 2548 temeritate,
1563 2488 1720 2536 mox
1777 2467 2190 2556 Episcopum
2263 2465 2486 2557 capite
2552 2465 2786 2555 puniri

232 2567 591 2646 oportere:
645 2556 748 2623 vir
808 2556 923 2624 Dei
972 2555 1215 2645 majori
1261 2556 1646 2625 constantia
1701 2556 2106 2625 sententiam
2159 2576 2354 2624 suam
2408 2566 2722 2645 repetens
2755 2610 2770 2635 ,

238 2644 672 2735 pertinacem
723 2645 1048 2714 Comitem
1118 2643 1333 2713 multo
1388 2645 1591 2713 etiam
1646 2645 2037 2735 expressius
2098 2667 2138 2712 a
2194 2643 2457 2714 Christo
2517 2656 2580 2712 et
2633 2643 2788 2730 ejus

239 2754 559 2822 corpore,
597 2733 780 2819 quod
816 2745 916 2801 est
964 2731 1286 2813 Ecclesia,
1345 2732 1697 2823 praecidit,
1738 2745 2012 2802 satanae
2044 2732 2241 2802 illum
2296 2732 2593 2801 tradens.
2637 2737 2790 2801 Stu-

241 2822 508 2912 pebant
542 2842 727 2901 sane,
788 2821 907 2907 qui
960 2821 1120 2891 huic
1170 2823 1439 2911 negotio
1497 2824 1908 2903 intererant,
1982 2843 2104 2891 nec
2156 2843 2398 2910 parum
2450 2821 2788 2890 timebant

237 2913 391 2980 viro
446 2911 584 2987 Dei,
640 2932 799 2978 cum
851 2909 965 2978 ille
1014 2924 1316 2979 maneret
1365 2910 1774 3000 intrepiduS,
1833 2911 2065 3000 magni
2097 2908 2414 2979 beneficii
2465 2908 2615 2978 loco
2659 2909 2780 2977 ha-

237 3001 548 3077 bituruS,
602 3012 666 3067 et
713 2998 1021 3089 impense
1070 2998 1273 3066 etiam
1326 2999 1737 3088 gavisuruS‚
1793 3000 1851 3067 si
1906 3011 2092 3068 tanta
2135 3010 2358 3088 posset
2406 2999 2628 3096 gratia
2678 2997 2784 3066 di-

246 3109 438 3179 gnus
465 3087 725 3167 haberi,
770 3101 847 3155 ut
879 3099 1154 3177 propter
1171 3088 1483 3176 justitiae
1512 3087 1976 3157 defensionem
2011 3086 2095 3156 ad
2135 3086 2444 3175 martyrit
2479 3085 2787 3176 palmam

244 3191 310 3247 et
347 3175 844 3246 beatitudinem
899 3176 1130 3245 liceret
1196 3176 1568 3265 pervenire.
1624 3182 1779 3244 Erat
1826 3177 2010 3245 enim
2068 3197 2203 3243 non
2264 3175 2782 3255 mercenariuS,

250 3266 368 3335 sed
428 3287 628 3333 verus
665 3276 924 3353 pastor:
972 3286 1103 3333 non
1138 3287 1217 3333 ex
1252 3264 1388 3334 illis
1430 3264 1962 3355 negligentibuS,
2010 3264 2264 3351 quibus
2317 3285 2435 3353 per
2478 3264 2790 3333 Ezechie-

250 3356 381 3423 lem
454 3354 783 3422 Dominus
846 3354 1304 3442 improperat:
1362 3359 1499 3422 Non
1569 3354 1978 3422 ascendistis
2024 3375 2103 3421 ex
2172 3352 2498 3433 adverse,
2563 3373 2787 3439 neque

250 3441 679 3532 opposuistis
728 3463 1005 3510 murum
1060 3464 1181 3531 pro
1222 3442 1426 3512 domo
1460 3440 1693 3522 lsrael,
1729 3455 1806 3511 ut
1843 3441 2113 3511 staretis
2142 3441 2210 3509 in
2254 3440 2510 3531 praelio
2564 3442 2631 3509 in
2676 3440 2787 3510 die

243 3531 543 3601 Domini.
577 3537 762 3611 Quae
823 3531 1027 3598 verba
1057 3552 1405 3620 exponens
1434 3531 1675 3600 beatus
1701 3532 2068 3620 Gregorius
2095 3535 2299 3619 Papa:
2340 3535 2432 3598 Ex
2467 3529 2780 3609 adverso,

240 3621 493 3706 inquit,
556 3618 944 3698 ascendere,
999 3631 1099 3688 est
1145 3619 1569 3705 quibuslibet
1641 3620 2088 3709 potestatibus
2142 3640 2346 3707 prave
2409 3618 2775 3707 agentibus

241 3709 532 3777 rationis
574 3707 785 3775 libera
834 3729 994 3775 voce
1027 3709 1389 3777 contraire.
1446 3713 1521 3776 Et
1568 3708 1636 3775 in
1674 3707 1785 3776 die
1827 3707 2095 3776 Domini
2149 3727 2267 3796 pro
2316 3706 2520 3776 domo
2570 3707 2776 3775 lsrael

245 3797 310 3862 in
365 3796 628 3886 praelio
664 3809 950 3874 stamuS,
1004 3819 1082 3864 ac
1133 3819 1413 3865 murum
1465 3797 1924 3887 opponimus,
1989 3797 2048 3864 si
2099 3793 2331 3866 fideles
2381 3795 2780 3864 innocentes

246 3901 481 3955 contra
518 3905 994 3974 perversorum
1024 3885 1434 3972 injustitiam
1464 3908 1542 3954 ex
1564 3885 1877 3972 justitiae
1898 3884 2297 3954 auctoritate
2317 3884 2776 3953 vindicamus

333 3976 367 4056 ξ
414 3978 587 4045 30.
642 3979 782 4042 Non
832 3986 932 4040 est
987 3987 1213 4041 autem
1267 3973 1976 4062 praetermittendum,
2028 3986 2283 4059 quanta
2322 3973 2588 4062 justitia
2653 3995 2778 4062 au-

250 4062 550 4130 ctoritate
582 4076 645 4131 et
682 4063 1067 4130 constantia
1118 4085 1315 4130 suam
1370 4064 1437 4130 in
1489 4063 1813 4131 Comitem
1854 4062 2327 4150 supradictum
2373 4062 2783 4130 sententiam

249 4163 649 4233 prosecutus
699 4151 807 4218 sit.
864 4155 1028 4219 Cum
1078 4152 1262 4219 enim
1313 4156 1550 4221 Comes
1600 4150 1715 4219 ille
1765 4149 1960 4219 Sedis
1999 4149 2421 4240 Apostolicae
2470 4149 2787 4218 Pontifici

253 4234 725 4321 significasset,
790 4261 859 4307 se
906 4252 1141 4308 contra
1189 4240 1425 4309 datum
1478 4239 1604 4308 sibi
1663 4239 2102 4338 privilegium
2147 4262 2185 4306 a
2233 4238 2592 4308 Bellicensi
2628 4238 2786 4327 Epi-

257 4342 458 4411 scopo
504 4328 1204 4409 excommunicatum,
1264 4327 1442 4396 idem
1494 4328 1791 4398 Pontifex
1845 4327 2193 4396 mandavit
2241 4328 2434 4397 beato
2484 4328 2626 4395 viro
2668 4348 2789 4416 per
