3357 4995
671 320 800 385 542
1288 339 1367 385 m:
1419 338 1475 386 S.
1526 337 1839 388 mancum
1889 338 2054 388 vnto.
2103 340 2180 386 m·
2216 339 2406 387 nar.
2767 321 2987 386 JUNII
3035 322 3122 387 25

581 429 775 493 Nunc
837 434 1064 494 autem
1129 422 1294 510 quid
1355 421 1601 493 faciam
1655 422 1818 503 tibi,
1874 424 2018 494 filia
2075 428 2268 493 mea?
2314 427 2485 504 Or0,
2543 444 2628 493 ne
2689 436 3118 495 senectutem

581 512 915 581 Briennae
968 510 1399 594 dehonestes,
1465 534 1547 582 ne
1596 511 1899 582 laborem
1957 513 2290 603 spiritalis
2341 513 2582 582 matris
2632 523 2789 582 tuae
2837 511 3120 583 inanem

580 600 863 690 efficias.
903 600 1228 670 Memoria
1277 612 1566 693 repetas,
1629 614 1995 672 certatores
2036 601 2215 683 illos,
2268 601 2390 689 qui
2429 612 2587 671 ante
2636 615 2698 675 te
2745 601 3008 671 fortiter
3054 615 3121 671 et

579 689 873 780 gloriose
905 689 1309 779 martyrium
1365 689 1548 779 passi
1599 702 1784 771 sunt,
1832 690 2152 760 victoriae
2197 711 2522 759 coronam
2566 690 2654 760 ab
2684 689 2807 759 illo
2839 689 3121 760 coelesti

577 779 1035 849 certaminum
1085 778 1400 848 Praeside
1451 779 1871 870 percepisse..
1903 784 2046 849 Non
2079 779 2260 850 viros
2288 777 2540 859 solum,
2571 778 2693 848 sed
2720 779 2930 849 etiam
2961 801 3122 849 mu-

579 866 780 937 lieres
848 865 1255 946 recordare;
1309 866 1566 937 Libiam
1636 880 1703 937 et
1739 867 2121 942 ,Leonidem
2172 889 2442 938 sorores
2490 866 2650 937 illas
2696 866 2874 938 duas
2941 888 3124 955 quae

577 955 990 1046 martyrium
1039 954 1333 1046 gloriose
1382 955 1853 1046 pertulerunt:
1892 977 1931 1026 e
1966 956 2222 1043 quibus
2253 956 2442 1026 Libia
2490 957 2644 1046 ipsa
2689 956 2923 1046 gladio
2960 978 3116 1046 per-

576 1065 805 1126 cussa,
859 1043 1081 1133 capite
1132 1045 1390 1133 privata
1418 1058 1542 1115 est.
1590 1045 1834 1114 Leonis
1865 1067 2021 1114 vero
2053 1045 2122 1114 in
2177 1045 2403 1135 ignem
2440 1046 2746 1135 conjecta
2785 1045 2935 1114 fuit.
2985 1050 3117 1116 Re-

576 1133 861 1204 cordare
907 1131 1493 1220 quemadmodum
1548 1132 1777 1223 puella
1801 1134 2127 1223 Eutropia
2159 1134 2222 1211 *,
2260 1133 2622 1203 duodecim
2673 1156 2895 1203 annos
2932 1146 3113 1214 nata,

580 1221 983 1312 martyrium
1032 1220 1461 1291 sustinuerit.
1499 1226 1593 1290 An
1628 1244 1766 1293 non
1799 1244 2072 1311 semper
2102 1223 2464 1313 Eutropiae
2495 1222 2932 1292 obedientem
2964 1224 3120 1292 ani-

579 1333 795 1392 mum,
847 1321 913 1380 ct
959 1310 1109 1400 ejus
1150 1309 1577 1379 tolerantiam
1627 1333 1707 1380 ac
1758 1311 2155 1401 patientiam
2208 1310 2693 1392 admirabariS,
2743 1333 2903 1381 cum
2958 1334 3117 1381 eam

571 1399 792 1470 Judex
839 1399 858 1468 i
913 1419 986 1468 se
1036 1397 1331 1468 vinculis
1363 1398 1767 1480 exsolutam,
1817 1400 2086 1489 sagittis
2137 1401 2271 1490 peti
2302 1400 2538 1491 jussit,
2584 1413 2663 1470 ut
2711 1421 2874 1490 prae
2931 1412 3121 1469 metu

575 1421 1060 1578 fugerethed
1115 1485 1233 1555 illa
1280 1498 1563 1556 matrem
1635 1488 1726 1557 ita
1775 1489 1909 1559 sibi
1967 1488 2304 1558 dicentem
2355 1489 2678 1558 audiens:
2747 1488 2914 1557 Filia
2955 1511 3111 1558 mea

575 1576 917 1666 Eutropia.
969 1574 1119 1644 vide
1155 1596 1238 1644 ne
1285 1574 1550 1665 fugias:
1603 1599 1854 1646 manus
1903 1577 2034 1647 sibi
2078 1591 2227 1668 post
2274 1593 2464 1667 terga
2497 1578 2826 1657 devinxit,
2887 1590 2953 1647 et
3006 1600 3117 1647 sa-

574 1665 762 1755 gittis
833 1685 1158 1755 percussa
1220 1664 1289 1733 in
1349 1662 1572 1733 solum
1623 1664 1891 1744 cecidit,
1947 1677 2014 1735 et
2060 1667 2283 1736 statim
2358 1667 2679 1756 spiritum
2734 1666 2997 1746 emisit,
3033 1680 3116 1736 'et

580 1753 818 1823 matris
856 1765 1291 1843 praeceptum
1330 1774 1462 1821 non
1518 1753 1812 1824 violavit.
1847 1759 2078 1824 Nonne
2131 1754 2397 1845 puellae
2447 1755 2657 1845 hujus
2713 1755 3112 1844 patientiam

578 1854 652 1911 tu
687 1863 960 1932 semper
1004 1840 1343 1911 admirata
1390 1845 1506 1910 es?
1553 1847 1629 1911 Et
1678 1843 1796 1912 illa
1842 1843 2122 1930 quidem
2172 1843 2407 1944 puella
2458 1856 2624 1924 erat,
2661 1844 2979 1913 omnium
3033 1842 3114 1912 li-

576 1943 876 2000 terarum
927 1928 1123 2001 rudis
1156 1944 1358 2017 atque
1389 1929 1671 2020 ignara:
1710 1945 1782 2001 tu
1833 1954 1987 2003 vero
2010 1932 2390 2001 etaltarum
2437 1933 2768 2023 magistra
2797 1932 3107 2003 existis.»

663 2021 700 2105 ξ
746 2024 889 2091 15.
969 2023 1134 2088 Cum
1189 2019 1353 2088 haec
1399 2033 1463 2089 et
1511 2020 1620 2089 his
1673 2020 1874 2111 plura
1920 2020 2352 2102 dicerentur,
2420 2044 2550 2090 nox
2608 2021 2997 2110 praeteriit,
3050 2036 3115 2090 et

574 2106 720 2177 dies
768 2106 1014 2177 illuxit.
1070 2112 1222 2177 Post
1268 2120 1490 2177 ortum
1543 2122 1772 2178 autem
1823 2109 2011 2180 solis,
2068 2109 2408 2180 tumultus
2440 2122 2507 2179 et
2553 2109 2840 2191 clamor,
2876 2110 2964 2179 ab
3004 2110 3114 2179 his

572 2196 695 2283 qui
758 2197 997 2267 urbem
1056 2195 1247 2266 illam
1313 2196 1748 2278 incolebant,
1801 2198 2283 2278 emittebatur,
2336 2221 2493 2267 cum
2552 2198 3011 2288 Lysimachus
3052 2212 3115 2268 et

574 2283 861 2355 Selenus
903 2306 982 2354 eo
1030 2284 1393 2354 venissent.
1452 2292 1530 2355 Ut
1584 2287 1797 2377 igitur
1838 2286 2202 2356 Christiani
2257 2285 2451 2356 multi
2506 2309 2546 2356 a
2598 2287 2946 2357 militibus
2998 2310 3111 2356 ca-

578 2374 697 2462 pti,
730 2373 897 2442 etin
946 2395 1287 2443 carcerem
1338 2375 1624 2464 conjecti
1675 2375 1976 2454 fuerunt,
2028 2375 2312 2462 quidam
2370 2398 2449 2444 ex
2500 2381 2919 2446 Graecorum
2983 2398 3112 2445 nu-

572 2484 760 2533 mero
822 2460 908 2532 ad
978 2461 1295 2533 Selenum
1358 2462 1442 2533 de
1502 2464 1917 2535 monasterio
1965 2463 2083 2535 illo
2135 2463 2639 2553 significarunt.
2703 2463 2828 2535 Ille
2881 2477 3108 2535 autem

570 2551 798 2621 statim
834 2552 1023 2621 misit
1054 2552 1122 2621 in
1161 2553 1655 2624 monasterium
1695 2554 1966 2624 milites.
2003 2554 2132 2636 Qui
2168 2576 2327 2624 cum
2381 2553 2551 2623 illud
2604 2554 3106 2623 circumdedis-

570 2654 741 2720 sent,
786 2651 853 2709 et
901 2650 1129 2731 portas
1178 2641 1540 2711 securibus
1593 2642 2099 2732 persi-egissent,
2133 2641 2308 2712 facto
2358 2643 2620 2732 impetu
2658 2643 2726 2711 in
2764 2656 3104 2712 monaste-

570 2730 749 2798 rium
800 2729 1175 2807 irruerunt,
1216 2739 1281 2797 et
1310 2730 1538 2800 statim
1576 2732 1940 2800 Briennam
1991 2731 2564 2821 comprehensam
2616 2731 2854 2821 gladio
2901 2731 3101 2800 inter-

570 2816 770 2887 ficere
806 2815 1190 2887 voluerunt.
1226 2815 1355 2886 Sed
1393 2817 1747 2899 Febronia,
1777 2841 1936 2889 cum
1978 2820 2361 2909 periculum
2401 2820 2765 2890 imminere
2795 2819 3090 2898 vidisset,

570 2928 641 2977 se
688 2905 772 2975 ad
825 2906 1122 2976 militum
1178 2906 1384 2997 pedes
1432 2906 1790 2996 abjiciens,
1845 2907 2055 2977 dixit:
2112 2931 2147 2974 «
2182 2909 2491 2978 Obtestor
2551 2930 2667 2979 vos
2718 2931 2838 2999 per
2898 2914 3108 2977 Deum

569 2994 976 3075 coelestem,
1053 3017 1161 3064 me
1212 3016 1319 3063 me
1371 2997 1563 3085 prius
1611 2995 1961 3065 demedio
2023 2997 2282 3075 tollite,
2341 3019 2424 3065 ne
2470 2997 2823 3066 dominam
2877 3019 3098 3067 meam

572 3084 973 3153 morientem
1019 3083 1308 3152 videam.
1347 3107 1381 3149 »
1434 3090 1603 3154 Dum
1655 3085 1822 3154 haec
1859 3085 2190 3155 Febronia
2221 3085 2498 3166 diceret,
2538 3090 2775 3156 Comes
2806 3084 2944 3167 ille,
2982 3086 3101 3173 qui

570 3171 840 3242 Primus
874 3172 1264 3252 vocabatur,
1292 3174 1709 3262 supervenit,
1750 3173 2290 3264 indignatusque
2321 3174 2651 3244 adversus
2687 3175 2961 3257 milites,
2994 3195 3108 3244 eos

568 3282 606 3328 e
655 3261 1069 3330 monasterio
1130 3260 1414 3350 expulit,
1463 3275 1528 3331 et
1576 3263 1939 3332 Briennam
1990 3262 2389 3350 alloquens:
2437 3263 2815 3344 «Ubinam,
2856 3263 3102 3351 inquit,

569 3362 730 3418 sunt
776 3348 975 3430 aliae,
1028 3371 1203 3436 quae
1252 3349 1320 3417 in
1375 3352 1787 3420 monasterio
1837 3351 1964 3421 isto
2001 3356 2245 3421 erant?
2297 3376 2330 3417 »
2359 3352 2484 3421 Illa
2518 3373 2673 3421 vero
2709 3352 3101 3444 respondit:

569 3461 603 3503 «
654 3443 818 3507 Prae
870 3449 1053 3507 metu
1083 3460 1323 3509 omnes
1360 3453 1808 3510 secesserunt.
1854 3479 1939 3489 -—
1971 3441 2266 3520 Utinam,
2302 3441 2524 3527 inquit
2553 3440 2851 3522 PrimuS,
2893 3452 2961 3511 et
2993 3462 3107 3511 vos

569 3526 1050 3612 secessissetis:
1094 3551 1129 3593 »
1151 3541 1216 3597 et
1247 3527 1563 3616 adjunxit
1593 3553 1606 3595 :
1632 3552 1664 3595 «
1693 3529 1914 3598 Liceat
1944 3529 2132 3598 vobis
2159 3529 2382 3599 salvas
2412 3529 2625 3609 abire,
2664 3551 3106 3616 quocumque

569 3613 989 3685 volueritis»
1040 3621 1185 3685 Mox
1233 3638 1468 3686 secum
1520 3617 1773 3687 milites
1806 3616 2180 3698 abducens,
2219 3641 2256 3687 e
2306 3618 2719 3687 monasterio
2761 3618 3099 3690 discessit.

568 3709 873 3792 Cumque
907 3706 991 3774 ad
1046 3705 1465 3795 praetorium
1522 3707 1841 3785 venisset,
1883 3705 2051 3775 adiit
2101 3707 2609 3796 Lysimachum.
2651 3708 2773 3776 Cui
2805 3709 3104 3797 Lysima-

565 3794 740 3864 chus
787 3791 979 3863 dixit:
1014 3819 1041 3859 «
1069 3799 1326 3863 Verane
1352 3794 1748 3866 audivimus
1779 3795 1862 3864 de
1893 3796 2304 3866 monasterio
2338 3794 2489 3864 illo?
2530 3836 2616 3844 -·
2650 3800 2841 3877 Vera,
2887 3795 3107 3884 inquit

571 3880 859 3952 Primus.
904 3886 1208 3969 Cumque
1243 3881 1439 3951 illum
1474 3905 1783 3954 seorsum
1825 3883 2152 3965 duxisset,
2208 3884 2374 3953 haec
2425 3883 2724 3954 addidit:
2762 3889 3097 3963 «Omnes,

564 3985 742 4059 quae
781 3984 976 4040 erant
1024 3971 1091 4039 in
1148 3972 1560 4042 monasterio
1608 3972 1748 4053 illo,
1802 3972 2005 4062 fugae
2054 3995 2124 4042 se
2170 3973 2537 4053 dederunt,
2580 3995 2801 4060 neque
2835 3974 3098 4042 inveni·

567 4081 747 4141 mus,
807 4060 942 4130 nisi
979 4058 1153 4129 duas
1202 4061 1486 4142 vetulas,
1523 4073 1587 4131 et
1618 4083 1831 4131 unam
1881 4061 2380 4131 adolescentem
2420 4062 2808 4132 mulierem.
2847 4063 3093 4131 Mirum

564 4160 796 4219 autem
845 4147 1176 4236 quiddam
1212 4162 1277 4219 et
1317 4149 1759 4241 peregrinum
1805 4150 1928 4221 tibi
1963 4150 2354 4240 significare
2391 4168 2695 4241 possum,
2742 4151 2926 4237 quod
2967 4150 3100 4219 vidi

565 4238 636 4307 in
674 4238 1110 4309 monasterio.
1152 4237 1351 4308 Illam
1385 4238 1684 4328 profecto
1706 4238 2207 4310 adolescentem
2243 4239 2379 4309 vidi
2412 4239 2756 4327 ejusmodi
2808 4239 3101 4309 sormam

569 4326 961 4408 habentem,
1013 4326 1287 4414 qualem
1338 4327 1671 4398 hactenus
1735 4328 1995 4398 nullam
2060 4328 2236 4398 inter
2276 4327 2598 4398 mulieres
2645 4329 2904 4418 aspexi.
2971 4329 3104 4398 Scit

617 4451 641 4477 ⁸¹
669 4452 816 4497 Libia,
834 4448 1003 4493 Leonis
1024 4449 1120 4502 (vel
1144 4451 1382 4497 Leonidts)
1407 4454 1455 4491 ot
1472 4450 1698 4499 Eutropia
1720 4450 1849 4500 virgo
1875 4452 2194 4492 memorantur
2217 4452 2268 4491 iu
2293 4452 2534 4499 nsi-tyrol.
2561 4452 2690 4490 Rom.
2716 4460 2776 4490 xv
2804 4451 2904 4499 huj.
