3357 4995
206 338 430 404 JUNII
482 338 564 403 ⁴6
878 357 957 402 na
1005 356 1097 403 ss.
1153 354 1409 412 omnmo
1459 355 1535 402 m·
1581 354 1839 403 muru
1888 356 2078 403 mar.
2554 340 2683 405 365

209 450 442 508 autem
497 436 784 506 terrenis
847 434 1337 515 facultatibus,
1420 447 1625 522 atque
1694 436 1864 505 adeo
1921 436 2142 506 multo
2205 437 2427 527 magis
2479 437 2619 508 fide
2696 439 2768 507 in

211 525 588 596 Dominum
620 538 934 596 nostrum
987 525 1221 595 Jesum
1275 525 1619 595 Christum
1649 537 1716 593 et
1757 523 2027 614 pietatis
2076 526 2413 595 florebant
2462 548 2770 597 commo-

210 615 346 696 dis,
380 615 641 702 quibus
671 613 1194 684 antecellebant.
1249 614 1612 704 Oportebat
1645 614 1828 682 enirn
1865 614 2150 684 fortasse
2197 636 2337 695 θος,
2368 616 2487 703 qui
2539 616 2608 685 in
2637 621 2770 685 Deo

212 715 410 774 erant
440 704 712 775 evasuri
748 715 983 793 postea
1028 702 1422 784 clarissimi,
1463 703 1792 772 humanis
1831 724 2128 791 quoque,
2159 717 2225 773 et
2254 726 2432 791 quae
2480 706 2564 774 ad
2616 727 2770 774 cor-

214 814 348 882 pus
398 793 764 883 pertinent,
803 791 1414 862 commoditatibus
1442 813 1769 881 superare
1814 790 2068 881 vulgus
2108 791 2194 861 ab
2245 793 2466 873 initio,
2512 807 2578 864 et
2630 795 2771 885 spi-

216 881 492 951 ritalem
541 881 652 952 his
682 936 698 961 ,
753 891 1081 968 tanquam
1133 880 1484 962 umbris„
1519 880 1715 970 prius
1780 880 2165 950 describere
2220 882 2657 972 splendorem
2704 895 2770 952 et

212 970 620 1042 claritatem.

191 1121 204 1138 ,
303 1062 342 1148 ξ
389 1066 483 1132 Β.
536 1063 749 1145 Atque
794 1058 1030 1128 Julitta
1076 1059 1355 1145 quidem
1421 1057 1821 1128 beatissima
1867 1070 1933 1127 et
1988 1058 2473 1129 honestissima
2526 1060 2767 1149 foemi-

211 1171 489 1229 narum,
528 1170 690 1217 cum
739 1147 802 1216 ei
853 1148 1144 1216 maritus
1180 1145 1620 1217 matrimonio
1666 1146 1911 1216 fuisset
1966 1169 2175 1237 parvo
2235 1161 2541 1239 tempore
2600 1171 2768 1220 con-

205 1239 523 1329 junctuS,
563 1237 861 1308 ostendit
899 1258 971 1305 se
1033 1235 1234 1305 firma
1301 1257 1381 1305 ac
1434 1235 1664 1305 stabili
1714 1236 1851 1305 fide
1901 1236 1969 1305 in
2027 1237 2393 1306 Dominum
2449 1252 2765 1308 nostrum

213 1333 455 1397 Jesum
488 1327 860 1405 Christum,
895 1337 959 1394 et
989 1324 1058 1393 in
1099 1347 1259 1394 eum
1294 1323 1684 1395 dilectione.
1721 1329 1961 1395 Totum
1994 1325 2179 1394 enim
2208 1326 2427 1394 animi
2458 1349 2766 1398 amorem

216 1416 576 1486 abducens
606 1438 646 1484 a
695 1414 1126 1504 corporibus,
1174 1427 1239 1483 et
1278 1414 1389 1503 pie
1427 1436 1505 1483 ac
1539 1413 1858 1504 religiose
1882 1413 2256 1484 traducens
2288 1415 2372 1483 ad
2411 1417 2761 1505 spiritum,

213 1506 286 1574 in
339 1506 501 1586 vita,
548 1505 619 1573 in
658 1511 868 1591 quarn
920 1524 1056 1571 non
1098 1502 1383 1571 cadebat
1437 1503 1903 1592 reprehensiO,
1941 1525 2251 1593 puraque
2296 1516 2463 1586 erat,
2519 1506 2767 1574 imma-

217 1593 447 1664 culata
490 1606 554 1662 et
604 1592 989 1672 moderata,
1061 1592 1345 1661 Domino
1402 1592 1761 1661 serviebat.
1809 1597 1885 1659 In
1936 1592 2297 1681 unigenito
2345 1607 2573 1663 autem
2624 1592 2768 1663 filio

216 1696 456 1752 sancto
506 1682 787 1765 Quirico
856 1680 1344 1750 honestissima
1397 1680 1648 1749 mulier
1705 1702 1902 1771 spem
1950 1680 2321 1762 collocanS,
2380 1704 2544 1751 cum
2606 1705 2766 1753 eum

217 1772 502 1859 quidem
539 1771 710 1839 lacte
745 1770 1128 1839 secundum
1165 1782 1485 1839 naturam
1521 1770 1669 1839 suis
1718 1770 1929 1839 aleret
1968 1770 2323 1851 uberibus,
2359 1771 2445 1840 ad
2487 1793 2767 1841 sacrum

220 1874 456 1931 autem
493 1872 558 1929 et
590 1860 904 1929 divinum
936 1859 1361 1948 baptismum
1408 1858 1868 1948 produxisset,
1907 1872 1972 1928 et
1997 1860 2380 1928 eum'Patri
2418 1859 2766 1929 luminum

221 1949 623 2019 mirandum
655 1949 727 2017 in
779 1948 1059 2017 modum
1097 1947 1552 2028 conciliasset,
1597 1959 1662 2016 et
1711 1948 1976 2018 Christo
2027 1969 2149 2038 per
2182 1953 2508 2019 Sanctum
2558 1948 2768 2039 Spiri-

222 2051 368 2109 tum
414 2049 903 2113 consecrasset,
958 2037 1056 2106 sic
1092 2038 1242 2126 ipsa
1282 2037 1350 2105 in
1386 2036 1810 2117 intemerata,
1854 2049 1919 2106 et
1966 2058 2142 2124 quae
2177 2038 2584 2128 reprehendi
2631 2059 2771 2108 non

219 2139 518 2217 poterat,
547 2126 898 2212 viduitate,
936 2125 1424 2216 pulcherrime,
1458 2137 1536 2196 ut
1585 2126 1769 2217 leges
1799 2126 2073 2216 jubent,
2121 2125 2349 2196 filium
2398 2127 2617 2206 alens,
2670 2128 2773 2195 vi-

218 2228 357 2285 tam
390 2214 837 2304 transigebat,
878 2215 1192 2283 omnium
1221 2214 1529 2301 quidem,
1561 2227 1626 2284 et
1664 2236 1843 2302 quae
1892 2215 2121 2284 studio
2157 2229 2321 2285 sunt
2362 2215 2766 2305 gentilibuS‚

221 2307 702 2391 mysteriorum
763 2315 827 2372 et
895 2325 1165 2372 morum
1217 2304 1553 2374 actionem
1603 2316 1669 2372 et
1719 2304 2318 2394 participationem
2390 2326 2717 2373 aversans
2751 2359 2767 2383 ,

221 2405 546 2479 tanquam
597 2413 737 2461 rem
788 2391 1287 2461 execrandam:
1340 2413 1824 2479 quaecumque
1858 2405 2021 2462 sunt
2068 2404 2299 2462 autem
2341 2393 2527 2483 apud
2582 2393 2774 2462 Chri-

220 2481 483 2551 stianos
532 2481 918 2551 veneranda
946 2494 1011 2550 et
1041 2480 1419 2572 Apostolica
1447 2480 1774 2551 mandata
1800 2492 1866 2550 et
1896 2480 2320 2564 traditioneS,
2361 2493 2437 2552 ut
2468 2503 2768 2569 aequum

221 2582 349 2650 est,
406 2570 849 2661 amplectens,
887 2570 1051 2640 etin
1081 2591 1160 2639 ea
1203 2592 1272 2639 re
1305 2571 1736 2640 orationibus
1764 2570 2196 2640 confirmata,

308 2664 346 2747 ξ
383 2666 460 2731 ¹2.
517 2665 880 2747 Postquam
914 2669 1142 2728 autem
1195 2660 1487 2749 impium
1523 2659 1697 2728 illud
1734 2670 1799 2728 et
1824 2658 2355 2729 daemoniacum
2391 2660 2479 2729 ab
2509 2680 2613 2740 eo,
2652 2660 2772 2747 qui

218 2761 386 2819 tunc
436 2749 894 2838 Tyrannidem
945 2750 1321 2826 exercebat,
1364 2747 1619 2837 prodiit
1665 2748 1998 2829 edictum,
2059 2770 2197 2818 non
2243 2761 2555 2838 oportere
2587 2749 2774 2817 Chri-

218 2850 404 2909 stum
438 2837 684 2918 colere,
738 2851 856 2907 aut
911 2838 1149 2907 mortis
1200 2836 1600 2925 impendere
1660 2836 2089 2928 supplicium
2139 2838 2483 2928 (praeerat
2543 2850 2770 2906 autem

221 2940 388 2998 tunc
422 2927 886 2996 Diocletianus
907 2926 1199 3016 imperio
1233 2926 1743 3083 Romanorum?
1773 2947 1911 3013 quo
1937 2938 2243 3017 tempore
2269 2928 2390 3014 qui
2420 2927 2771 2997 decretum

219 3037 381 3086 cum
417 3028 745 3105 potestate
793 3015 879 3083 ab
927 3037 1007 3084 eo
1046 3026 1475 3103 acceperant,
1516 3014 1636 3083 alii
1667 3037 1706 3083 a
1740 3016 1838 3085 ibi
1870 3037 1993 3107 per
2021 3038 2298 3086 omnem
2333 3017 2686 3107 regionem
2711 3028 2778 3084 et

218 3104 564 3175 civitatem
596 3116 1059 3183 excurrentes,
1100 3117 1166 3172 et
1190 3103 1255 3172 id
1294 3103 1360 3171 in
1399 3103 1650 3174 mediis
1678 3104 1845 3174 foris
1877 3119 2360 3199 proponenteS,
2397 3118 2462 3175 et
2490 3127 2608 3177 eos
2653 3105 2777 3192 qui

221 3194 673 3283 Imperatorio
707 3214 842 3261 non
901 3192 1230 3284 parebant
1288 3192 1535 3274 edict0,
1607 3193 2000 3284 suppliciis,
2038 3216 2215 3282 quae
2252 3194 2392 3264 dici
2442 3217 2581 3266 non
2617 3215 2776 3284 pos-

221 3294 409 3363 sunt,
465 3281 932 3372 subjicientes,
991 3282 1084 3351 ita
1140 3281 1384 3351 acerbe
1442 3283 1786 3382 praesenti
1845 3284 1982 3353 vita
2041 3285 2452 3373 privabant:
2515 3294 2582 3354 et
2637 3304 2776 3370 quo

218 3371 654 3440 Domitianus
703 3369 818 3439 ille
868 3375 1105 3439 Comes
1165 3375 1548 3459 Lycaoniae
1601 3385 1961 3462 propterea
2010 3373 2270 3444 missus
2320 3396 2360 3443 a
2406 3379 2726 3462 Tyranno
2755 3427 2770 3452 ,

222 3453 328 3530 vir
376 3460 906 3529 crudelissimus
936 3472 1000 3528 et
1030 3457 1702 3541 inhumanissimuS‚
1741 3461 1974 3550 ipsum
2028 3462 2338 3530 Iconium
2388 3475 2454 3531 et
2498 3482 2775 3533 omnem

220 3547 592 3618 finitimam
645 3546 992 3638 populans
1030 3560 1094 3616 et
1140 3547 1467 3617 obsidens
1523 3549 1900 3649 regionem,
1943 3571 2207 3631 omnes,
2262 3550 2385 3636 qui
2439 3551 2538 3621 ibi
2586 3571 2778 3619 cotn-

220 3636 851 3793 prehendebantur,
886 3636 1307 3706 Christianos
1338 3637 1769 3726 gravissimis
1804 3637 2147 3708 afficiebat
2186 3638 2575 3729 suppliciis:
2612 3650 2780 3709 tunc

245 3747 403 3794 tanc
452 3747 720 3795 sacram
765 3726 875 3795 Dei
928 3726 1325 3804 foeminam,
1366 3725 1572 3793 simul
1623 3726 1909 3812 quidem
1945 3727 2351 3797 mandatum
2402 3727 2623 3797 divini
2648 3733 2779 3798 Re-

218 3815 326 3905 gis
376 3814 806 3904 implentem,
863 3814 1047 3901 quod
1089 3813 1285 3900 jubet
1334 3835 1471 3883 non
1523 3814 1852 3884 audacter
1900 3815 2166 3885 insilire
2213 3816 2283 3885 in
2342 3818 2772 3898 tentationes,

219 3902 340 3972 sed
391 3913 588 3972 caute
622 3904 854 3972 vitare:
911 3902 1117 3972 simul
1171 3914 1401 3975 autem
1431 3903 1635 3971 etiam
1684 3904 2064 3973 humanam
2110 3917 2531 3976 reverentem
2580 3905 2778 3975 infit·-

217 3992 555 4074 mitatem,
610 3992 818 4060 simul
874 3992 1060 4062 hunc
1108 4013 1382 4078 quoque
1425 3992 1892 4061 venerandum
1949 3992 2325 4075 infantem,
2378 3996 2499 4082 qui
2564 3995 2779 4064 ubera

217 4079 450 4151 adhuc
482 4080 793 4171 sugebat,
851 4092 1217 4162 tenentem,
1271 4090 1336 4149 et
1385 4080 1470 4149 de
1501 4081 1655 4168 ejus
1703 4080 1947 4162 salute,
1987 4095 2064 4152 ut
2098 4103 2276 4169 quae
2305 4083 2528 4153 filium
2583 4082 2780 4153 valde

219 4182 505 4252 amaret,
541 4169 920 4240 admodum
968 4169 1241 4239 anxiam
1293 4169 1532 4260 fugere
1579 4170 1906 4261 oportuit.

307 4261 345 4345 ξ
391 4261 473 4332 S.
528 4263 739 4347 Atque
785 4257 1124 4345 relinquis
1154 4258 1463 4345 quidem,
1519 4280 1558 4327 o
1607 4258 1862 4328 mulier
1910 4261 2370 4343 sanctissima,
2432 4261 2770 4342 Iconium,

221 4346 562 4435 relinquis
592 4361 657 4418 et
702 4369 942 4417 omnes
975 4361 1127 4417 tuas
1178 4348 1646 4438 possessiones
1695 4360 1761 4418 et
1801 4347 2163 4420 facultates
2198 4372 2212 4412 ε
2252 4350 2494 4438 procul
2545 4362 2776 4419 autem

221 4458 262 4505 a
295 4436 434 4506 tuis
493 4437 1032 4563 Qsanguineis
1078 4448 1143 4505 et
1191 4437 1503 4527 cognatis
1554 4439 1835 4529 peregre
1885 4437 2208 4528 prosecta,
2264 4437 2537 4530 fugiens
2584 4436 2777 4508 venis
