3357 4995
246 337 464 404 JUNII
517 337 598 400 4’13
953 355 1030 400 DE
1078 355 1133 401 s.
1188 353 1491 410 ,iculum
1543 355 1710 402 vino.
1766 356 1840 402 m·
1890 355 2083 402 naar.
2580 339 2697 404 281

248 462 424 526 quae
471 438 554 507 ad
609 438 747 506 ima
800 438 977 507 inem
1019 438 1128 506 Dei
1171 438 1345 506 facta
1379 451 1502 508 est:
1559 439 1789 526 itaque
1842 460 1965 508 nec
2008 443 2185 508 Deus
2238 461 2432 509 meus
2484 441 2608 511 tibi
2649 464 2801 531 par·-

247 543 350 598 cet
382 529 450 596 in
490 528 602 596 die
649 532 739 596 J'u
794 527 973 596 icii.»
1029 532 1199 595 Tum
1241 526 1673 596 Volusianus:
1732 532 1951 617 «Ego,
1992 529 2235 616 inquit,
2273 529 2612 610 existimO,
2655 553 2803 599 ma—

245 619 466 687 ximos
501 628 767 685 nostros
800 616 964 683 deos
1014 628 1348 687 terrarum
1399 617 1587 685 orbis
1635 616 1929 686 salutern
1987 617 2052 684 in
2100 638 2313 686 manu
2362 640 2493 686 sua
2545 631 2796 701 tenere,

242 717 307 776 et
356 707 425 774 in
477 705 595 774 illo
634 704 846 774 altero
895 704 1127 772 seculo
1174 705 1490 772 omnium
1541 705 1834 775 salutem
1900 705 1968 772 in
2021 727 2147 775 sua
2215 717 2541 796 potestate
2597 708 2800 777 habi-

242 809 522 864 turos.»
559 793 772 879 quue
819 816 978 862 cum
1011 791 1338 870 dixisset,
1385 794 1595 880 jussit
1658 793 1961 884 puellam
2012 794 2189 874 exui,
2244 805 2309 864 et
2359 794 2797 884 subligaculo

240 884 566 960 cinctam,
606 906 646 950 a
693 883 968 952 duobus
1015 882 1463 951 carnificibus
1490 882 1861 953 distentam
1910 882 2157 951 acriter
2199 883 2567 962 verberari,
2625 884 2794 954 haec

239 973 445 1041 verba
478 971 777 1041 addens:
831 994 866 1036 «
889 975 1122 1040 Nonne
1159 982 1252 1050 tu,
1288 970 1629 1056 Aquilina,
1661 970 1895 1039 dixisti
1931 968 2272 1052 futurum,
2301 983 2377 1041 ut
2411 975 2589 1041 Deus
2638 987 2799 1042 tuus

243 1061 311 1129 in
362 1060 474 1130 die
524 1059 790 1130 Judicii
840 1059 1014 1128 mihi
1063 1081 1199 1128 non
1271 1063 1552 1147 parcat?
1601 1065 1678 1129 Et
1736 1060 2023 1128 ubinam
2078 1058 2192 1127 ille
2246 1082 2430 1129 nunc
2492 1072 2615 1140 est,
2679 1063 2801 1148 qui

246 1149 415 1218 mihi
468 1170 602 1217 non
646 1149 912 1238 parcit?
961 1149 1216 1228 Veniat,
1262 1161 1326 1216 et
1368 1147 1606 1218 liberet
1657 1161 1718 1217 te
1766 1148 1852 1218 de
1887 1148 2213 1218 manibus
2265 1149 2463 1217 meis.
2504 1148 2632 1218 Sed
2676 1151 2799 1219 ad·—

247 1259 491 1307 moneo
525 1252 607 1315 te,
661 1250 737 1306 ut
777 1259 1021 1305 vanam
1074 1237 1270 1306 istam
1326 1236 1871 1306 Christianorum
1919 1237 2259 1306 haeresim
2310 1237 2614 1327 fugias.»

330 1329 367 1412 ξ
414 1329 493 1396 S.
549 1326 965 1414 Tuncjussit
989 1325 1350 1395 carnifices
1376 1326 1656 1394 verbera
1686 1325 2155 1405 intermittere,
2187 1338 2252 1394 et
2277 1326 2364 1395 ad
2398 1326 2790 1412 Aquilinam

245 1436 649 1484 conversus:
696 1421 893 1504 «Age,
935 1414 1179 1500 inquit,
1216 1413 1327 1483 dic
1356 1413 1551 1493 mihi,
1589 1415 1883 1485 misera:
1917 1419 1995 1483 Et
2027 1436 2234 1500 quem
2266 1414 2641 1501 aliquando
2675 1438 2791 1485 co-

245 1504 564 1593 gnovisti,
628 1516 746 1572 aut
791 1503 1112 1572 audivisti
1162 1524 1355 1592 spem
1418 1503 1745 1572 habuisse
1797 1504 1865 1571 in
1918 1503 2201 1571 homine
2250 1504 2612 1584 CrucifixO,
2667 1505 2788 1591 qui

245 1614 496 1662 manus
545 1613 731 1662 meas
778 1592 1076 1681 effugere
1105 1592 1441 1681 potuerit?
1489 1597 1565 1661 Et
1610 1614 1987 1679 quemnam
2036 1613 2301 1672 eorum,
2337 1593 2460 1677 qui
2508 1594 2657 1682 ejus
2707 1594 2791 1662 fi-

245 1682 403 1750 dem
454 1683 904 1756 secuti’sunt,
943 1686 1394 1770 Imperatores
1427 1681 1655 1749 vivum
1695 1680 2167 1766 reliquerunt?
2193 1685 2237 1749 A
2290 1703 2326 1749 e
2355 1682 2589 1771 igitur,
2623 1683 2788 1751 audi

241 1792 377 1850 me,
431 1782 496 1838 et
544 1769 628 1838 ab
679 1770 949 1839 insania
999 1771 1123 1838 ista
1159 1783 1221 1838 te
1270 1791 1693 1838 removeas»
1727 1770 1818 1838 Ad
1873 1771 2038 1838 haec
2068 1770 2238 1855 Aqui
2275 1771 2425 1838 ina:
2461 1777 2718 1851 «Num,
2750 1793 2790 1840 o

241 1864 558 1947 Tyranne
607 1858 1049 1936 ferocissime,
1105 1870 1440 1927 tormenta
1475 1858 1641 1926 haec
1686 1872 1885 1947 putas
1937 1880 2043 1926 me
2079 1859 2426 1929 sensisse?
2461 1858 2641 1929 Illud
2680 1882 2789 1929 ve-

244 1947 364 2015 lim
402 1946 602 2024 scias,
655 1960 1124 2033 quotcumque
1172 1948 1530 2017 machinas
1574 1958 1765 2038 pater
1813 1958 1972 2016 tuus
2021 1946 2341 2017 diabolus
2377 1949 2501 2016 tibi
2549 1961 2792 2018 contra

243 2036 581 2125 meipsam
635 2035 962 2125 suggerit,
1021 2035 1324 2115 totidem,
1361 2048 1426 2103 et
1462 2036 1661 2125 longe
1712 2037 1819 2115 iis,
1866 2035 2092 2124 plura,
2156 2036 2468 2106 subsidia
2519 2037 2689 2105 mihi
2750 2059 2791 2106 a

241 2128 375 2194 Deo
424 2125 922 2223 suppeditari.»
955 2130 1143 2193 Tunc
1169 2125 1623 2194 Volusianus:
1680 2149 1715 2189 «
1743 2127 1894 2204 Nos,
1935 2125 2183 2210 inquit,
2219 2125 2438 2194 edocti
2471 2147 2718 2194 sumus
2749 2147 2791 2195 a

243 2212 672 2301 sapientibus
722 2213 805 2280 iis
852 2213 970 2299 qui
1021 2225 1175 2283 ante
1226 2234 1348 2283 nos
1388 2212 1688 2293 fuerunt,
1743 2213 1879 2282 diis
1929 2213 2098 2304 ipsis
2148 2213 2507 2282 immolare
2556 2214 2785 2300 itaque

244 2301 367 2369 tibi
418 2301 562 2371 dies
612 2302 871 2386 aliquot
908 2302 1281 2391 praescribi
1304 2301 1537 2390 jubeo,
1569 2316 1647 2371 ut
1671 2305 1928 2371 interea
1959 2301 2332 2371 consilium
2369 2304 2579 2380 ineas,
2615 2325 2783 2371 num
2810 2319 2845 2356 ο

243 2388 592 2462 meliorem
647 2404 942 2458 mentem
993 2392 1297 2480 capiens,
1334 2390 1469 2461 diis
1497 2392 1766 2460 cultum
1819 2392 2084 2470 offerre,
2119 2403 2185 2458 et
2215 2391 2423 2458 vitam
2464 2414 2503 2459 a
2553 2392 2776 2468 nobis,

241 2477 712 2565 maximosque
744 2479 1038 2569 honores
1086 2481 1173 2549 ab
1224 2484 1320 2548 Im
1379 2479 1764 2564 eratoribus
1815 2479 2066 2548 nostris
2097 2479 2371 2565 assequi
2401 2478 2640 2549 velis.»
2686 2479 2781 2548 Ad

241 2566 411 2637 haec
452 2567 799 2654 Aquilina:
840 2592 875 2633 «
919 2574 1258 2650 Quotnam
1358 2569 1454 2636 ie's
1503 2568 1676 2637 mihi
1726 2568 2162 2656 praescribiS,
2215 2568 2473 2653 quibus
2521 2567 2781 2636 delibe-

239 2661 437 2726 rem?
466 2684 489 2719 ι
517 2697 602 2707 —
630 2682 655 2719 ι
680 2662 820 2735 Τοῑ,
855 2658 1079 2743 inquit
1105 2656 1541 2736 VolusianuS,
1572 2670 1741 2743 quot
1788 2657 1939 2747 ipsa
1975 2656 2181 2734 voleS,
2216 2668 2281 2725 et
2311 2678 2350 2724 a
2377 2678 2486 2724 me
2521 2671 2777 2745 petes»

237 2745 556 2830 Aquilina
605 2759 830 2814 autem
882 2745 1088 2815 dixit:
1135 2769 1169 2811 «
1205 2749 1345 2814 Hoc
1385 2767 1421 2813 a
1473 2758 1534 2813 te
1574 2756 1754 2834 peto,
1798 2758 1875 2814 ut
1923 2744 2153 2813 nullos
2194 2745 2367 2813 mihi
2407 2745 2553 2815 dies
2588 2767 2782 2834 prae-

236 2834 524 2914 scribas,
563 2834 744 2920 quod
795 2833 881 2902 ad
943 2833 1152 2922 hujus
1192 2835 1287 2902 rei
1337 2832 1909 2902 consultationem
1959 2834 2219 2905 attinet.
2277 2837 2413 2923 Ego
2458 2834 2641 2902 enim
2692 2834 2778 2903 ab

238 2922 518 2992 ineunte
565 2935 780 2992 aetate
822 2922 950 2991 hoc
982 2943 1253 3012 semper
1299 2923 1612 3012 cogitans
1662 2922 1937 2991 nullum
1986 2921 2201 2991 a'lium
2254 2927 2465 2990 Deum
2517 2923 2770 3002 inveni,

236 3012 356 3097 qui
422 3013 638 3101 possit
687 3011 854 3080 mihi
907 3011 1325 3089 benefacere,
1381 3024 1445 3080 et
1477 3010 1560 3079 ad
1596 3032 1804 3097 quem
1853 3010 2224 3099 confugere
2263 3021 2592 3100 oporteat,
2641 3012 2776 3081 nisi

236 3099 593 3169 coelestem
646 3099 845 3168 illum
886 3105 1119 3169 Deum.
1160 3124 1195 3165 »
1236 3106 1425 3169 Tunc
1466 3099 1918 3170 Volusianus:
1976 3105 2221 3168 «Vana
2253 3113 2375 3177 est,
2432 3112 2507 3168 ut
2553 3100 2771 3181 vide0,

237 3188 617 3273 admonitio
656 3210 829 3268 mea,
860 3201 924 3257 et
948 3188 1203 3257 frustra
1239 3188 1565 3267 laboravi,
1595 3210 1758 3257 curn
1793 3201 1852 3256 te
1900 3187 2307 3257 admonui.»
2334 3211 2475 3253 —«
2511 3193 2777 3275 Nequa-

239 3299 475 3363 quam,
515 3278 739 3364 inquit
772 3276 1111 3364 Aquilina,
1166 3277 1345 3346 hanc
1393 3278 1462 3345 in
1497 3299 1568 3346 re
1618 3277 1743 3347 tibi
1777 3278 2195 3365 obtemperO,
2246 3277 2474 3363 itaque
2509 3299 2594 3346 ne
2634 3277 2774 3345 fru-

241 3378 382 3433 stra
434 3366 723 3445 labores,
774 3366 888 3435 sed
941 3366 1273 3452 quicquid
1322 3367 1693 3456 excogitari
1744 3377 1983 3454 potest,
2029 3365 2359 3435 adversus
2406 3387 2516 3434 me
2565 3366 2775 3435 inuti-

237 3452 370 3522 lem
434 3454 546 3523 Dei
596 3477 860 3525 servam
912 3454 1266 3535 adhibeaS‚
1322 3468 1398 3524 ut
1459 3476 1706 3524 rursus
1754 3466 1820 3524 te
1876 3455 2127 3523 victum
2186 3476 2334 3525 esse
2385 3455 2769 3535 ostendam,

237 3543 826 3629 quemadmodum
858 3556 926 3613 et
965 3543 1440 3633 superioribus
1491 3544 1846 3613 tormentis
1907 3543 2127 3613 victus
2174 3564 2271 3611 es·
2319 3566 2354 3608 »
2653 3548 2667 3563 ·

323 3634 481 3717 §a
514 3638 703 3701 Tunc
730 3632 1141 3702 Volusianus
1166 3632 1376 3701 dixit:
1423 3631 1935 3701 «Accendantur
1959 3630 2272 3711 subulae,
2300 3631 2392 3700 ita
2420 3643 2495 3700 ut
2520 3631 2776 3730 ignitae

234 3719 394 3798 sint,
439 3732 505 3788 et
559 3742 678 3810 per
722 3722 871 3809 ejus
919 3742 1120 3790 aures
1156 3720 1779 3790 transmittantur.»
1807 3724 1974 3789 Cum
2022 3719 2344 3789 fecissent
2382 3720 2768 3801 carnificeS,

233 3808 418 3894 quod
459 3809 639 3897 jussi
672 3808 964 3888 fuerant,
1003 3820 1069 3878 et
1099 3808 1388 3880 subulas
1418 3809 1736 3878 audentes
1784 3808 1856 3876 in
1907 3830 2110 3878 aures
2146 3808 2414 3898 puellae
2440 3829 2518 3877 eo
2553 3829 2773 3895 usque

234 3897 802 3976 transmisissent,
856 3897 1083 3984 quoad
1137 3897 1234 3965 vel
1287 3896 1475 3966 solus
1525 3898 1709 3988 ignis
1758 3918 1970 3987 vapor
2016 3898 2166 3987 ejus
2199 3898 2558 3967 cerebrum
2589 3919 2775 3966 com-

229 3983 528 4066 bureret,
580 3998 646 4056 et
692 4008 814 4077 per
851 4007 1051 4055 nares
1097 3985 1501 4067 effunderet,
1540 4007 1841 4072 cumque
1872 3985 2093 4074 ipsius
2131 3987 2491 4056 cerebrum
2541 3987 2776 4055 incen-

230 4072 528 4155 deretur,
585 4074 814 4165 puella
846 4080 1059 4144 Deum
1095 4074 1194 4143 sic
1226 4086 1497 4164 precata
1535 4086 1670 4145 est:
1727 4097 1763 4140 «
1798 4079 1898 4143 Tu
1946 4074 2230 4145 Domine
2262 4080 2429 4145 ,lesu
2479 4074 2765 4156 Christe,

231 4164 354 4250 qui
404 4163 636 4235 aluisti
686 4185 794 4233 me
833 4164 921 4233 ab
969 4163 1429 4233 adolescentia
1467 4185 1642 4245 mea,
1695 4163 1817 4249 qui
1868 4163 2169 4252 potentia
2206 4173 2323 4233 tua
2372 4184 2482 4232 me
2528 4163 2774 4233 fortem

232 4251 621 4333 reddidisti,
659 4265 735 4322 ut
762 4264 1002 4322 contra
1050 4252 1311 4322 hostem
1340 4264 1405 4321 et
1427 4251 1916 4325 adversarium
1966 4251 2323 4322 diabolum
2356 4273 2767 4342 pugnarem,

228 4339 481 4438 perfice
529 4363 811 4410 cursum
851 4341 1250 4411 certaminis
1306 4340 1464 4421 mei,
1533 4353 1597 4409 et
1645 4338 2062 4430 virginitatis
2123 4362 2315 4410 meae
2381 4340 2516 4409 lam
2573 4340 2773 4409 adem

234 4429 677 4499 inextinctam
730 4452 941 4510 serva,
987 4443 1063 4499 ut
1092 4441 1156 4499 et
1181 4451 1306 4520 ego
1337 4451 1477 4499 una
1509 4450 1667 4499 cum
1720 4428 2028 4516 quinque
2080 4427 2238 4499 illis·
2267 4428 2516 4519 virgini
2573 4450 2656 4497 us
2685 4427 2767 4495 ad
