3357 4995
207 322 393 394 JUNII
441 331 481 392 6
1001 347 1078 400 na
1125 347 1180 393 s.
1235 345 1551 395 cunwALo
1600 345 1895 394 EPISCOPO
2512 325 2636 390 447

212 429 683 521 praenunciare
714 428 1080 499 videretur.
1103 430 1389 502 Ablutus
1437 431 1598 501 inde
1637 452 1832 502 sacro
1865 430 2275 520 baptismate
2307 439 2430 508 est,
2465 440 2720 497 etcum

214 520 417 589 aetatis
466 541 839 610 progressu
884 520 1094 589 crevit
1142 520 1211 588 iii
1261 542 1338 590 eo
1386 521 1607 610 gratia
1655 520 1953 612 Spiritus
1981 519 2232 598 Sancti,
2276 517 2487 587 crevit
2510 516 2720 586 etiam

218 608 510 697 paulatim
565 607 851 678 scientia
893 620 959 678 et
989 608 1290 700 cognitio
1321 609 1721 679 coelestium
1771 607 2271 679 doctrinarifin.
2329 605 2455 675 Ubi
2486 617 2720 674 autem

214 697 283 766 ad
323 696 543 766 viriles
592 697 898 785 pervenit
929 718 1172 777 annos,
1226 719 1384 767 cum
1436 698 1529 768 ita
1576 697 1660 766 de
1692 720 1772 774 eo
1821 697 2152 770 sentirent
2212 695 2525 786 plerique
2571 715 2720 761 om·-

212 807 330 864 nes‚
365 786 614 856 domus
662 785 778 854 Dei
826 784 1026 855 illum
1075 781 1420 876 egregiam
1459 785 1771 857 futurum
1822 809 1972 857 esse
2025 786 2447 863 columnam,
2499 781 2725 850 Levita

210 887 260 943 et
285 874 593 944 sacerdos
639 873 997 944 ordinatus
1044 887 1165 944 est.
1220 880 1392 945 Tum
1450 898 1605 945 vero
1659 876 1884 966 coepit
1934 873 2220 965 prodere
2255 870 2634 962 sapientiae
2684 892 2723 939 a

188 964 428 1034 ‘teneris
460 961 670 1033 annis
701 963 1075 1050 acquisitae
1105 964 1484 1045 thesauros,
1524 965 1798 1036 studere
1832 964 2045 1034 lucris
2077 959 2490 1032 immortalis
2518 959 2724 1049 Regis

206 1053 316 1133 sui,
364 1065 427 1122 et
472 1053 790 1122 humana
853 1052 1141 1122 scientia
1187 1065 1252 1123 et
1319 1052 1554 1123 divina
1612 1053 1953 1146 sapientia
2000 1051 2174 1122 alios
2239 1050 2587 1129 imbuere,
2642 1069 2725 1117 ex

204 1142 535 1211 inexausta
571 1140 955 1232 Evangelici
1005 1140 1212 1228 fontis
1259 1143 1511 1231 abysso
1537 1142 1929 1213 sitientibus
1957 1141 2251 1212 haustus
2277 1138 2523 1209 salutis
2552 1160 2722 1227 sup-

203 1231 506 1320 peditare.
564 1235 775 1315 Atque
822 1229 950 1300 hac
982 1231 1243 1300 ratione
1280 1230 1617 1318 quosdam
1650 1233 1744 1301 ita
1776 1231 1912 1300 veri
1965 1230 2130 1299 solis
2181 1228 2393 1297 radiis
2441 1227 2720 1296 inflam-

202 1319 440 1474 ἔκπωμ’
464 1331 549 1389 ut
595 1318 731 1408 ipsi
762 1340 1034 1407 quoque
1068 1319 1225 1389 aliis
1255 1332 1319 1389 et
1350 1318 1785 1390 illustrandis
1822 1333 1888 1389 et
1925 1317 2447 1388 inflammandis
2487 1315 2720 1384 idonei

227 1420 339 1476 acti
386 1420 551 1479 sint.
1641 1466 1647 1474 .

275 1499 307 1583 ξ
354 1503 438 1567 2.
496 1494 821 1566 Reddidit
867 1508 1095 1566 autem
1157 1509 1564 1588 praepotens
1625 1502 1801 1567 Deus
1846 1497 2062 1565 vicem
2138 1507 2273 1564 tam
2347 1493 2721 1584 praeclaris

202 1585 332 1674 ejus
388 1585 668 1665 studiiS,
726 1605 1023 1672 eumque
1071 1585 1156 1655 ad
1210 1586 1675 1687 principatum
1727 1585 2283 1656 Ecclesiasticum
2353 1581 2713 1674 promovit.

205 1678 422 1745 Factus
472 1674 687 1764 igitur
735 1673 1143 1775 Episcopus4
1172 1696 1309 1762 quo
1342 1675 1548 1745 altius
1597 1674 1666 1743 in
1722 1674 1975 1766 populo
2029 1674 2140 1742 Dei
2199 1686 2406 1762 caput
2453 1670 2718 1751 extulit,

202 1784 269 1831 eo
301 1762 498 1832 latius
546 1763 635 1832 de
682 1784 753 1830 se
790 1763 1043 1851 sparsit
1088 1775 1363 1833 sanctae
1410 1763 1947 1834 conversationis
1994 1761 2316 1832 odorem:
2368 1772 2433 1830 et
2478 1783 2725 1847 quam-

204 1850 310 1920 diu
338 1851 619 1938 quidem
668 1851 1047 1921 sacerdotio
1095 1851 1375 1922 functus
1426 1866 1549 1933 est,
1601 1874 1778 1943 opus
1837 1852 2097 1941 gratiae
2137 1872 2303 1920 suae
2354 1871 2473 1940 per
2521 1848 2721 1918 illuni

205 1940 549 2029 magnifice
597 1939 967 2010 declaravit
1001 1941 1296 2031 Spiritus
1332 1946 1644 2022 SanctuS,
1690 1940 1880 2010 omni
1913 1940 2095 2010 clero
2146 1939 2539 2038 populoque
2589 1938 2724 2007 lae-

205 2041 390 2097 tante.
452 2034 613 2098 Erat
660 2040 889 2121 autem
937 2028 1040 2098 illi
1088 2029 1402 2120 amplum
1462 2029 1979 2119 patrimonium,
2034 2027 2150 2097 sed
2202 2027 2316 2096 ille
2365 2027 2723 2098 fastidiens

201 2138 348 2205 opes
379 2132 441 2187 et
472 2116 714 2207 copias
750 2138 990 2188 omnes
1039 2117 1332 2188 labentis
1373 2117 1567 2198 vitae,
1620 2117 1957 2205 quidquid
1995 2117 2240 2187 habuit
2287 2116 2717 2196 facultatum,

201 2205 520 2276 Ecclesiae
570 2205 818 2274 Christi
864 2204 1196 2296 elargitus
1243 2217 1366 2278 est.
1422 2211 1718 2276 Cernens
1760 2207 1964 2276 etiam
2016 2211 2185 2275 cura
2238 2204 2561 2294 pastorali
2596 2226 2726 2273 ceu

200 2294 440 2388 catenis
490 2292 912 2382 quibusdam
965 2294 1195 2364 seculo
1263 2317 1334 2364 se
1381 2294 1660 2386 illigari,
1717 2317 1878 2364 cum
1931 2295 2234 2395 primum
2304 2294 2546 2384 potuit,
2607 2292 2728 2361 illa

202 2403 264 2480 se
297 2384 565 2472 penitus
613 2383 976 2472 expedivit.
1041 2388 1275 2471 Itaque
1331 2406 1607 2454 summo
1668 2384 1992 2474 inprimis
2027 2383 2307 2473 pastori,
2361 2393 2427 2451 et
2474 2381 2725 2450 deinde

201 2470 425 2543 idoneo
476 2471 850 2544 substituto
906 2473 1285 2545 successori
1330 2472 1694 2544 ecclesiam
1742 2472 2261 2552 commendam,
2317 2493 2482 2542 suae
2530 2469 2720 2539 dioe-

203 2561 361 2630 cesis
403 2561 756 2648 quoddam
793 2562 1285 2633 monasterium
1322 2563 1535 2651 petiit,
1573 2562 1778 2632 vitam
1815 2561 1957 2630 illic
1991 2560 2465 2642 monasticam,
2499 2559 2715 2627 immo

203 2651 564 2739 angelicam
628 2650 898 2719 vivens:
971 2672 1360 2737 vacansque
1423 2652 1637 2739 quieti
1686 2664 1750 2721 et
1797 2649 2191 2719 divinarum
2257 2670 2488 2717 rerum
2554 2669 2716 2716 con-

206 2739 612 2835 templationi
662 2741 979 2829 sperabat
1026 2740 1212 2809 brevi
1250 2738 1415 2818 fore,
1468 2754 1542 2809 ut
1593 2739 1786 2809 locus
1820 2740 1988 2808 votis
2021 2738 2241 2828 ipsius
2280 2759 2368 2827 op
2421 2749 2717 2806 ortuiius

205 2824 531 2897 divinitus·
564 2828 701 2897 sibi
751 2828 1185 2898 revelaretur.
1236 2831 1513 2899 Interim
1564 2828 1791 2918 coepit
1846 2829 2049 2896 etiam
2103 2827 2372 2897 miracu
2404 2826 2462 2895 is
2514 2846 2720 2894 coru-

209 2933 395 2985 scare.
433 2916 717 2994 Accidit,
764 2928 838 3013 ut
869 2940 1027 2987 cum
1079 2918 1190 2986 die
1236 2918 1535 3005 quodam
1570 2918 1640 2986 in
1672 2939 1752 2987 eo
1804 2917 2216 2987 monasterio
2246 2914 2560 2985 coelestia
2596 2935 2722 2982 suo

210 3022 370 3074 more
416 3016 765 3083 tractaret,⁸
798 3019 1073 3096 repente
1123 3006 1467 3076 latronum
1510 3006 1782 3077 funesta
1814 3027 2062 3075 manus
2095 3006 2408 3084 irrueret,
2453 3017 2518 3072 et
2565 3002 2727 3071 bar-

208 3089 411 3187 barica
447 3093 716 3163 feritate
747 3115 855 3162 res
906 3095 1299 3166 monasterii
1349 3095 1646 3187 diripere
1700 3105 2085 3165 conaretur.
2141 3093 2268 3163 Ubi
2318 3092 2386 3161 id
2439 3092 2580 3160 viro
2608 3091 2723 3160 Dei

210 3183 499 3258 innotuit.
556 3181 644 3251 ad
696 3182 1078 3273 rogandum
1141 3183 1509 3255 Dominum
1561 3207 1632 3255 se
1678 3183 1991 3264 contulit,
2056 3182 2254 3252 humi
2311 3193 2716 3272 prostratus.

207 3266 345 3367 Jam
390 3272 872 3351 adventabant,
924 3272 1183 3359 quibus
1208 3296 1289 3343 ex
1318 3273 1541 3344 officio
1576 3274 1646 3343 id
1681 3273 2145 3352 incumbebat,
2182 3271 2268 3340 ad
2307 3292 2483 3358 quos
2514 3270 2727 3357 hujus

209 3377 290 3424 rei
330 3358 506 3429 fama
557 3373 977 3450 pervenerat,
1030 3375 1108 3431 ut
1155 3361 1434 3432 illorum
1492 3362 1789 3434 nefarios
1843 3374 2132 3432 conatus
2194 3357 2615 3428 retardarent
2664 3369 2731 3426 et

210 3449 752 3537 comprimerent:
807 3450 923 3519 sed
974 3449 1146 3520 ultio
1193 3450 1428 3520 divina
1479 3451 1632 3523 illos
1680 3449 2055 3521 antevertit.
2101 3455 2345 3539 Magno
2376 3447 2562 3518 enim
2591 3460 2726 3515 ter-

212 3552 337 3632 rore
373 3539 665 3627 correpti
698 3538 1075 3628 praedones
1110 3539 1236 3621 illi,
1294 3540 1363 3608 in
1426 3540 1633 3631 pedes
1696 3562 1768 3611 se
1814 3537 2224 3627 conjiciunt,
2276 3558 2599 3624 unusque
2647 3556 2728 3604 ex

211 3619 327 3690 illis
380 3624 659 3695 fratrem
720 3649 923 3698 suum
964 3628 1284 3719 jugulat:
1342 3650 1497 3699 mox
1561 3629 1793 3700 furore
1841 3628 2129 3719 perciti,
2184 3627 2278 3697 ita
2341 3647 2413 3696 se
2481 3636 2724 3695 mutua

212 3711 389 3782 caede
424 3715 828 3797 conficiunt,
880 3729 960 3786 ut
990 3738 1075 3787 ne
1121 3739 1306 3787 unus
1351 3718 1633 3804 quidem
1687 3717 2126 3819 superfuerit.

249 3801 316 3894 ,ἓ
356 3806 446 3874 8.
500 3809 657 3873 Erat
704 3817 930 3874 autem
967 3806 1381 3876 monasterio
1429 3806 1533 3876 illi
1593 3828 2064 3898 propinquum
2130 3827 2339 3884 mare,
2400 3803 2469 3872 in
2522 3803 2731 3893 cujus

214 3905 350 3957 sinu
387 3912 631 3982 rupem
678 3906 938 3963 vastam
986 3906 1211 3965 extare
1260 3895 1430 3966 vidit
1479 3896 1580 3965 vir
1628 3906 1908 3966 sanctus
1976 3917 2154 3982 quae
2193 3892 2561 3983 cujusdam
2618 3893 2726 3961 in-

212 3974 377 4077 sulae
421 3980 822 4052 habitabilis
860 3984 1159 4073 speciem
1197 3983 1585 4074 praeferret.
1641 3985 2059 4075 Cingebatur
2096 3982 2377 4070 quidem
2413 3979 2729 4069 undique

212 4082 385 4147 mari,
450 4070 570 4139 sed
621 4072 1165 4143 tumescentibus
1211 4074 1361 4163 ejus
1410 4073 1738 4144 fluctibus
1789 4072 2723 4162 nequaqnamiiobruebatur.

210 4151 289 4220 Ea
331 4170 713 4249 conspecta,
785 4161 888 4230 vir
935 4161 1050 4230 Dei
1104 4163 1363 4253 gratias
1411 4162 1557 4252 agit
1607 4161 2501 4249 Cliristnq'i'etxikinumdsuis
2559 4161 2733 4233 votis

212 4245 712 4345 respondentem
763 4248 896 4320 sibi
962 4249 1778 4342 obtigissegratulatuiiia
1822 4258 2417 4344 Itamle·›speraiiisi
2451 4250 2735 4339 sen-«illic

213 4345 517 4403 secretius
544 4336 669 4437 uni
718 4342 850 4437 Deo
897 4351 1327 4421 vacaturum,
1379 4352 1445 4410 et
1479 4342 1834 4429 beatorum
1872 4345 1981 4444 sp'
2033 4344 2043 4355 '
2133 4333 2729 4433 umsijuoi'imiisni-

214 4434 381 4489 mam
412 4421 941 4498 familiaritatem
985 4356 2192 4523 promeriturumniiffirucisi‚fflse
2218 4431 2727 4510 communiens,
