3357 4995
261 335 478 400 JUNII
530 335 611 398 24
1106 351 1182 396 na
1230 352 1286 397 s.
1344 349 1630 396 Lurlcmo
1678 347 1955 396 accenso
2588 330 2715 394 527

266 435 566 526 pustulis
600 434 800 502 malis
832 455 1219 533 oppreSSOS,
1259 447 1441 502 tactu
1493 446 1783 512 tantum,
1849 432 1948 500 vel
2001 432 2200 521 signo
2249 430 2532 502 salutari
2585 432 2804 521 impo-

266 525 418 604 sito,
458 523 730 593 sanitati
783 523 1199 592 restituebat.

353 617 389 699 ξ
436 617 527 683 3.
584 616 747 680 Cum
801 623 1025 680 autem
1057 611 1202 697 jam
1238 612 1429 680 senio
1461 610 1836 679 inclinatus
1868 622 2065 690 esset,
2107 609 2368 679 vocavit
2404 609 2800 679 ministrum

262 724 496 781 suum,
536 699 818 768 dicens:
882 729 903 762 a
950 701 1388 769 Praeteritum
1434 711 1707 788 tempus
1735 697 2099 767 occulendi
2133 697 2283 779 fuit,
2318 697 2804 767 manifestandi

263 793 449 858 nunc
501 800 772 878 tempus
805 786 1119 856 advenit:
1175 789 1344 857 scito
1373 809 1534 879 ergo
1572 809 1676 855 me
1726 798 1878 877 post
1908 787 2217 856 triduum
2267 788 2355 856 ab
2403 786 2530 856 hoc
2573 788 2805 857 seculo

267 877 724 947 liberandum.
785 882 953 945 Voca
1028 898 1191 966 ergo
1264 899 1448 946 nunc
1507 875 1743 944 fideles
1788 896 2099 963 quosque
2169 875 2413 944 fratres
2460 887 2525 944 et
2573 874 2751 945 filios
2777 929 2797 955 ,.

261 967 515 1053 quibus
567 987 719 1034 sum
760 965 904 1033 vale
945 964 1282 1046 dicturus,
1322 979 1397 1034 ut
1432 964 1707 1033 veniant
1738 963 1824 1032 ad
1859 985 1984 1033 nos
2016 964 2522 1033 visitandum.»
2559 963 2805 1033 Illuce-

263 1068 492 1124 scente
525 1066 752 1122 autem
786 1054 897 1121 die
932 1055 1147 1133 tertia,
1181 1053 1693 1123 confluentibus
1723 1053 2074 1134 fratribuS‚
2101 1054 2379 1131 ostium,
2412 1052 2592 1139 quod
2618 1053 2806 1122 clau-

262 1166 415 1213 sum
460 1155 625 1223 erat,
670 1143 962 1231 aperuit,
1000 1154 1203 1229 atque
1251 1142 1800 1233 ingredientibus
1830 1143 2099 1211 cunctis
2145 1143 2267 1227 qui
2301 1141 2607 1220 aderant,
2645 1161 2806 1210 con-

261 1231 577 1301 salutatis
626 1230 1201 1317 deosculatisque,
1255 1233 1634 1301 orationem
1697 1229 1874 1298 fudit
1933 1230 2017 1298 ad
2073 1230 2465 1310 Dominum,
2520 1230 2798 1298 dicens:

262 1344 297 1386 «
333 1320 598 1389 Gratias
638 1319 760 1389 tibi
803 1342 840 1386 a
890 1341 953 1393 o,
998 1320 1278 1388 Domine
1329 1321 1489 1390 Jesu
1545 1318 1840 1398 Christe,
1896 1319 2015 1406 qui
2069 1340 2175 1387 me
2239 1318 2489 1389 salvari
2527 1318 2801 1407 jussisti

260 1410 347 1478 ab
401 1409 608 1496 liujus
652 1430 817 1475 mun
875 1409 894 1474 i
955 1409 1491 1499 impedimentis,
1546 1418 1609 1476 et
1664 1408 1758 1476 ita
1811 1431 1918 1476 me
1966 1407 2186 1476 fovere
2235 1407 2563 1496 dignatus
2609 1429 2682 1476 es
2731 1408 2800 1474 in

260 1498 388 1566 hoc
439 1497 694 1570 seculo,
749 1509 818 1565 ut
872 1495 1044 1564 nihil
1081 1519 1288 1565 suum
1337 1498 1407 1564 in
1462 1519 1568 1564 me
1623 1509 1862 1566 auctor
1890 1497 2206 1565 criminis
2243 1495 2597 1565 inveniret.
2647 1523 2669 1557 ι»
2728 1501 2803 1563 Ει

261 1608 635 1655 conversus
685 1585 765 1653 ad
818 1585 1110 1674 plebem,
1145 1586 1279 1653 ait:
1317 1609 1352 1651 «
1382 1585 1831 1676 Magnificate,
1872 1607 2149 1672 quaeso,
2187 1584 2643 1664 dilectissimi,
2680 1589 2804 1652 Do-

262 1676 530 1743 minum
573 1695 866 1751 mecum,
915 1687 977 1742 et
1024 1674 1401 1744 exaltemus
1454 1695 1698 1742 nomen
1751 1675 1900 1762 ejus
1953 1674 2025 1742 in
2073 1694 2467 1752 commune,
2530 1673 2649 1759 qui
2699 1695 2805 1740 me

259 1777 555 1833 erectum
608 1761 693 1829 de
763 1775 1095 1841 stercore,
1166 1765 1438 1832 erutum
1490 1763 1574 1830 de
1637 1764 2074 1832 tenebrarum
2126 1783 2365 1852 opere,
2420 1761 2801 1830 amicorum

261 1875 541 1921 suorum
594 1851 747 1918 fecit
794 1873 941 1921 esse
989 1865 1416 1921 consortem:
1480 1852 1601 1938 qui
1654 1851 1843 1921 misit
1902 1850 2234 1940 Angelum
2285 1873 2491 1920 suum
2552 1851 2637 1918 ad
2698 1871 2805 1918 me

260 1939 753 2010 accersendum
806 1940 891 2007 ab
943 1940 1069 2009 hac
1114 1940 1466 2009 mundana
1531 1941 1841 2019 statione,
1896 1953 1960 2008 et
2019 1938 2368 2028 pollicitus
2426 1952 2527 2007 est
2579 1959 2684 2006 me
2732 1939 2802 2007 in

261 2029 566 2115 requiem
622 2028 1113 2117 sempiternam
1151 2029 1545 2118 perducere,
1586 2041 1661 2096 ut
1691 2028 1954 2119 collega
2001 2028 2245 2096 amicis
2291 2028 2446 2115 ejus
2477 2027 2796 2106 effectus,

260 2121 559 2185 mererer
594 2139 803 2205 regno
826 2118 979 2204 ejus
1028 2118 1396 2188 adscribi.»
1435 2122 1485 2188 Ο
1535 2117 1808 2186 beatum
1862 2118 2111 2197 virum,
2155 2117 2275 2203 qui
2329 2118 2418 2184 ita
2460 2116 2803 2185 consolari

264 2207 517 2274 meruit
568 2208 633 2272 in
672 2206 799 2273 hoc
832 2229 1137 2306 corpore,
1192 2221 1266 2276 ut
1319 2207 1511 2296 prius
1559 2220 2021 2296 cognosceret,
2084 2226 2219 2292 quo
2265 2217 2409 2273 erat
2461 2203 2804 2275 fruiturus

261 2294 330 2361 in
383 2293 593 2374 coelo,
638 2315 843 2380 quam
886 2308 1208 2384 migraret
1256 2319 1291 2362 a
1326 2296 1605 2364 seculo:
1660 2296 2045 2382 meruitque
2096 2294 2204 2362 hic
2259 2292 2566 2362 obtinere
2614 2293 2798 2384 apud

259 2382 564 2451 divinam
619 2384 1013 2471 potentiam,
1068 2385 1246 2470 quod
1307 2383 1508 2452 David
1562 2384 1838 2472 saepius
1886 2383 2337 2453 decantabat:
2392 2385 2635 2450 Notum
2698 2381 2803 2451 fac

261 2471 431 2540 mihi
492 2471 770 2540 Domine
820 2471 1026 2542 finem
1080 2494 1333 2549 meum,
1387 2486 1451 2542 et
1522 2493 1889 2542 numerum
1968 2471 2237 2541 dierum
2303 2493 2654 2550 meorum,
2727 2483 2804 2541 ut

258 2561 471 2629 sciam
514 2560 679 2646 quid
722 2561 897 2630 desit
932 2562 1125 2629 mihi.
1186 2567 1273 2630 De
1313 2562 1474 2629 hinc
1532 2563 1742 2631 humo
1778 2562 2210 2641 incumbenS,
2257 2561 2577 2650 spiritum
2614 2560 2802 2629 coelo

256 2649 595 2718 intentum
651 2649 1005 2737 praemisit
1038 2650 1122 2717 ad
1180 2652 1566 2718 Dominum.

343 2741 379 2824 ξ
427 2743 511 2810 4.
568 2743 755 2805 Tunc
804 2760 1042 2808 omnes
1097 2739 1162 2806 in
1226 2740 1388 2807 fletu
1441 2738 1801 2828 prostrati,
1856 2738 1974 2808 alii
2024 2737 2296 2838 plantas
2344 2737 2796 2817 osculantur,

259 2826 377 2894 alii
416 2827 725 2894 fimbrias
767 2827 1146 2895 vestimenti
1181 2827 1543 2917 diripiunt,
1597 2827 1717 2895 alii
1765 2827 1851 2896 de
1893 2840 2146 2916 pariete
2194 2827 2470 2896 beatum
2517 2826 2802 2915 sangui-

256 2936 438 2994 nem,
493 2916 613 3000 qui
662 2915 748 2983 ab
796 2916 946 3003 ejus
995 2936 1109 2983 ore
1170 2917 1389 2985 fuerat
1442 2918 1804 3006 projectuS‚
1844 2915 2024 2985 inter
2070 2938 2141 2985 se
2200 2927 2535 2984 certantes
2597 2937 2802 2983 excu-

254 3003 450 3072 dunt.
494 3004 811 3073 Miserum
849 3026 918 3074 se
956 3004 1248 3091 quisque
1276 3005 1566 3085 dicebat,
1600 3005 1655 3074 si
1693 3006 2029 3074 immunis
2063 3005 2150 3073 ab
2188 3006 2339 3094 ejus
2391 3003 2801 3092 pignoribus

251 3092 701 3161 discessisset.
759 3093 971 3161 Testis
1015 3107 1115 3161 est
1164 3094 1365 3162 hodie
1412 3116 1686 3181 quoque
1733 3107 1798 3162 et
1847 3094 1994 3183 ipse
2045 3094 2293 3183 paries,
2354 3093 2474 3179 qui
2526 3103 2619 3160 tot
2669 3091 2804 3161 fos-

253 3181 427 3249 sulis
481 3195 681 3270 patet,
735 3194 900 3268 quot
948 3182 1034 3249 ab
1082 3204 1196 3251 ore
1245 3184 1422 3251 beati
1471 3182 1884 3253 confessoris
1933 3195 2173 3273 sputos
2221 3182 2534 3251 emeruit.
2582 3181 2795 3249 Testis

251 3282 352 3338 est
399 3284 462 3338 et
512 3271 658 3359 ipse
718 3270 1003 3346 canalis,
1058 3271 1141 3339 de
1179 3294 1316 3358 quo
1368 3274 1468 3339 vir
1520 3272 1762 3341 beatus
1818 3294 2068 3357 aquam
2122 3271 2422 3360 sumpsit
2471 3269 2556 3338 ad
2597 3292 2792 3347 usuS,

251 3380 455 3445 quem
492 3359 783 3427 fideliter
829 3360 1241 3439 osculantes,
1292 3360 1624 3430 hauriunt
1670 3360 2056 3430 sanitatem.
2087 3365 2242 3428 Jam
2292 3358 2433 3428 vidi
2466 3380 2592 3448 ego
2620 3357 2799 3426 mul-

256 3460 377 3525 tos,
433 3448 551 3533 qui
601 3449 873 3519 evulsos
921 3472 958 3517 a
1011 3450 1262 3538 pariete
1328 3450 1576 3518 sacrati
1625 3451 1763 3519 oris
1815 3462 2076 3538 SputOS‚
2143 3448 2213 3516 in
2263 3448 2554 3517 diversis
2605 3446 2800 3515 infir-

253 3536 611 3605 mitatibus
663 3548 1012 3626 ponenteS‚
1070 3549 1470 3607 meruerunt
1509 3538 1820 3627 accipere
1873 3537 2315 3605 medicinam.

338 3628 374 3711 ξ
422 3631 507 3696 5.
570 3627 869 3713 Denique
920 3627 1065 3705 hoc,
1118 3639 1190 3695 ut
1237 3627 1564 3706 diximuS,
1618 3625 1965 3704 defunct0‚
2033 3626 2229 3694 affuit
2273 3625 2615 3713 quaedam
2655 3645 2797 3691 ma—

254 3727 472 3793 trona,
529 3737 706 3800 quae
745 3715 1059 3784 ablutum
1111 3714 1344 3814 dignis
1394 3716 1620 3784 induit
1669 3716 2133 3784 vestimentis:
2187 3726 2252 3782 et
2297 3733 2456 3782 cum
2497 3733 2658 3781 eum
2709 3712 2796 3780 ad

248 3802 476 3871 vicum
522 3804 1149 3874 Transaliacensem
1181 3803 1431 3873 inferre
1479 3804 1698 3882 vellet,
1739 3803 1984 3873 restitit
2027 3804 2087 3869 ei
2141 3803 2438 3892 populus
2489 3800 2649 3890 pagi
2690 3801 2799 3870 Li-

253 3891 696 3979 pidiacensis,
765 3893 1051 3962 dicens:
1106 3898 1424 3963 Nostrum
1491 3893 1675 3962 hunc
1726 3892 1950 3961 solum
2002 3890 2186 3969 fovit,
2243 3891 2441 3961 nobis
2488 3888 2798 4046 corporis

250 3978 398 4047 e‘us
436 3980 635 4068 gleba
674 3982 983 4051 debetur.
1026 3988 1326 4051 Matrona
1365 3994 1591 4050 autem
1633 3980 2090 4071 respondebat
2114 3980 2201 4049 ad
2234 3980 2424 4049 haec:
2460 3980 2527 4048 Si
2563 4002 2602 4048 a
2636 3978 2797 4065 iqua

298 4090 333 4134 e
384 4069 600 4140 victus
645 4071 797 4159 ejus
827 4072 1253 4160 exprobratis
1304 4072 1728 4150 necessitate,
1784 4071 2071 4159 saepius
2117 4070 2179 4138 ei
2214 4091 2337 4159 ego
2374 4082 2438 4138 et
2488 4068 2793 4137 triticum

250 4156 434 4236 misi,
488 4173 552 4227 et
601 4159 962 4239 hordeum,
1029 4159 1214 4247 quod
1267 4160 1366 4228 vel
1417 4159 1533 4228 ille
1586 4172 1927 4240 sumeret,
1982 4158 2086 4227 vel
2137 4157 2293 4226 aliis
2344 4157 2791 4226 ministraret.

248 4252 327 4314 Αι
374 4244 475 4313 illi
508 4246 866 4317 dicebant:
921 4250 1139 4318 Nostri
1190 4249 1460 4339 generis
1500 4248 1707 4317 homo
1739 4248 2020 4317 effectus
2058 4259 2183 4326 est,
2227 4248 2439 4317 nostri
2485 4246 2796 4315 {luminis

246 4356 464 4421 aquas
489 4335 736 4418 hausit,
786 4352 1014 4409 nostra
1061 4360 1217 4407 eum
1262 4351 1440 4407 terra
1487 4336 1673 4407 coelo
1716 4336 2120 4407 transmisit.
2159 4341 2559 4422 Aequumne
2627 4355 2790 4422 ergo

245 4437 370 4506 est,
416 4435 492 4494 ut
539 4435 613 4495 tu
660 4425 742 4495 de
791 4438 968 4497 terra
1005 4425 1233 4497 aliena
1271 4427 1571 4508 venienS,
1629 4426 1859 4516 rapias
1900 4447 2060 4495 eum
2094 4425 2179 4494 de
2229 4446 2442 4493 manu
2507 4426 2791 4493 nostra?
