3357 4995
236 339 444 409 JUNII
497 346 536 408 9
940 345 1036 409 niz*
1069 363 1161 410 ss.
1217 364 1332 409 Mai.
1389 363 1576 409 ramo
1627 363 1700 409 Er
1750 361 2079 410 rauciano
2564 345 2679 408 221

231 450 709 537 corriperetur,
741 447 950 534 J'ussit
977 470 1091 517 eos
1141 448 1303 517 duci
1337 448 1403 515 in
1441 443 2056 537 amphitheatrum,
2109 446 2294 533 quod
2327 460 2428 515 est
2464 447 2654 537 apud
2680 446 2781 515 so-

231 559 382 606 rum
435 538 629 606 urbis
679 542 1165 614 Numentanae,
1241 536 1592 623 simulque
1657 535 1888 605 leones
1936 535 2112 604 duos
2164 537 2475 624 ingentes
2544 537 2612 603 in
2665 558 2781 605 eos

227 626 531 706 immitti,
586 648 880 713 quorum
934 630 1204 716 rugitus
1234 647 1473 694 omnes
1523 626 1670 713 ejus
1720 625 1915 693 urbis
1966 625 2146 694 cives
2202 626 2547 693 exterruit.
2611 628 2778 694 Cum

226 737 387 805 ergo
439 717 781 785 venissent
828 715 910 782 ad
962 726 1234 783 sanctos
1307 726 1640 802 martyres
1692 713 1919 783 leones
1969 717 2126 782 cum
2182 714 2444 802 impetu
2494 735 2779 782 curren-

227 819 345 886 tes,
403 806 490 873 ad
545 805 747 894 pedes
779 802 1056 873 illorum
1099 827 1170 872 se
1227 803 1640 880 volutarunt,
1693 804 2000 888 mireque
2024 802 2161 869 illis
2186 803 2486 871 blandiri
2530 816 2594 871 et
2630 816 2781 871 tan-

229 916 434 982 quam
491 893 820 983 gratulari
875 893 997 960 visi
1048 904 1230 961 sunt.
1277 891 1500 962 Voluit
1549 893 1761 981 igitur
1801 896 2101 969 PraeseS,
2143 903 2218 959 ut
2250 891 2390 961 illis
2453 895 2782 961 revocatis

232 984 376 1053 ursi
446 982 852 1051 ferocissimi
914 981 1446 1058 dimitterentur,
1522 980 1636 1049 sed
1706 980 1806 1048 illi
1870 1002 2145 1066 quoque
2205 980 2434 1049 omnis
2496 979 2783 1050 feritatis

232 1072 449 1152 obliti,
516 1093 642 1140 ceu
691 1070 851 1158 agni
900 1070 1184 1156 quidam
1229 1070 1485 1139 sanctis
1524 1069 2085 1148 blandiebantur,
2154 1084 2219 1137 et
2280 1069 2361 1136 ad
2429 1091 2667 1138 eorum
2714 1093 2783 1138 se

229 1161 518 1250 vestigia
571 1159 1073 1248 provolvebant.
1133 1159 1457 1227 Dixerunt
1504 1181 1666 1248 ergo
1724 1160 1941 1227 sancti
1995 1171 2376 1246 martyres:
2426 1180 2460 1222 «
2506 1163 2783 1230 Praeses

233 1251 494 1336 inique,
549 1270 631 1315 en
707 1248 885 1315 ferae
943 1263 1330 1337 agnoscunt
1392 1253 1773 1316 Creatorem
1826 1269 2058 1325 suum,
2125 1261 2189 1314 et
2239 1269 2355 1315 vos
2424 1248 2489 1314 in
2557 1247 2783 1316 cordis

230 1339 557 1407 caecitate
608 1349 1109 1425 permanentes,
1167 1358 1301 1405 non
1351 1337 1766 1426 cognoscitis
1814 1358 1997 1416 eum,
2051 1337 2171 1422 qui
2222 1358 2338 1404 vos
2387 1336 2471 1404 ad
2536 1337 2785 1425 imagi-

232 1450 387 1496 nem
425 1440 491 1495 et
541 1425 1068 1495 similitudinem
1108 1448 1302 1494 suam
1357 1448 1587 1495 creare
1636 1426 1963 1515 dignatus
2011 1438 2133 1493 est.
2179 1449 2212 1488 »
2250 1430 2419 1493 Tum
2475 1447 2629 1493 vero
2664 1448 2781 1515 po-

234 1517 445 1606 pulus
504 1515 681 1583 inter
731 1537 799 1584 se
852 1515 1165 1583 fremitus
1214 1515 1420 1583 dabat
1467 1529 1531 1583 et
1582 1514 1888 1582 infinitos
1944 1513 2281 1582 clamores
2353 1514 2419 1580 in
2487 1513 2779 1593 coelum,

233 1604 818 1689 credideruntque
856 1604 921 1671 in
979 1604 1340 1686 Dominum
1397 1605 1522 1671 viri
1563 1603 1866 1692 amplius
1916 1603 2274 1692 quingenti
2341 1626 2498 1672 cum
2562 1603 2785 1670 omni-

233 1694 364 1763 bus
416 1693 584 1762 suis.
621 1697 1086 1762 Convenerant
1125 1694 1307 1760 enim
1365 1692 1646 1782 plurimi
1685 1693 1767 1759 ad
1822 1692 2293 1781 spectaculum
2338 1693 2539 1759 etiam
2578 1714 2656 1760 ex
2689 1693 2785 1758 vi-

239 1784 418 1852 cinis
469 1781 788 1851 urbibus,
1025 1835 1033 1844 .

323 1875 359 1957 §
409 1876 504 1941 6.
561 1875 855 1938 Cernens
917 1893 1072 1939 vero
1127 1875 1404 1938 l‘raeses
1455 1891 1526 1937 se
1579 1891 1713 1938 non
1768 1892 1968 1958 posse
2025 1868 2180 1956 illos
2229 1892 2580 1959 superare,
2643 1892 2788 1957 per-

236 1959 633 2044 multosque
672 1981 907 2027 eorum
960 1961 1168 2028 causa
1219 1958 1495 2027 credere
1535 1958 1605 2026 in
1661 1958 2054 2037 Dominum,
2093 1960 2338 2048 capitis
2376 1959 2783 2027 sententiam

237 2051 306 2116 in
359 2069 478 2116 eos
542 2048 1046 2137 pronunciavit.
1093 2048 1314 2132 -Ejecti
1355 2060 1517 2115 sunt
1557 2048 1787 2133 itaque
1827 2059 2013 2114 extra
2048 2047 2674 2137 amphitheatrum3
2727 2060 2791 2114 et
2876 2057 2881 2062 ’

238 2137 382 2205 illic
423 2136 765 2205 decollati.
823 2141 1116 2226 Corpora
1157 2149 1383 2204 autern
1421 2136 2039 2225 illorumprojecta
2090 2149 2249 2204 sunt
2299 2137 2615 2205 canibus:
2671 2134 2790 2204 sed

239 2247 464 2312 neque
495 2225 696 2303 ferae,
743 2246 961 2311 neque
1012 2247 1189 2302 aveS‚
1247 2246 1464 2311 neque
1516 2246 1797 2293 muscae
1848 2224 1965 2293 illa
2014 2226 2346 2313 attingere
2390 2237 2782 2314 potuerunt.

240 2320 447 2383 Porro
497 2326 706 2383 noctu
755 2336 788 2381 a
842 2314 1247 2383 Christianis
1299 2314 1619 2382 fidelibus
1654 2327 1847 2401 rapta
1909 2326 2092 2392 sunt,
2149 2329 2211 2382 et
2262 2314 2345 2381 ad
2399 2318 2609 2382 Arcus
2658 2318 2791 2381 Nu-

237 2416 601 2472 mentanos
634 2403 814 2471 intra
861 2403 1256 2471 arenarium
1307 2402 1684 2491 deportata.
1732 2403 1853 2471 Ubi
1885 2424 2044 2471 cum
2090 2424 2419 2492 magnum
2473 2403 2791 2470 fecissent

239 2491 626 2582 planctum,
685 2515 856 2562 nova
890 2492 1179 2562 sindone
1229 2515 1386 2560 cum
1439 2491 1866 2561 aromatibus
1900 2515 1977 2559 ea
2010 2492 2465 2571 involverunt,
2504 2490 2791 2579 etjuxta

242 2582 635 2651 arenarium
689 2581 1170 2657 condiderunt,
1227 2581 1503 2667 hymnis
1552 2594 1614 2649 et
1675 2580 1963 2680 psalmis
2014 2603 2133 2669 per
2193 2581 2340 2650 dies
2390 2579 2669 2668 triginta
2723 2582 2787 2647 in

244 2672 356 2738 Dei
410 2673 689 2739 nomine
735 2684 1072 2739 vacantes.
1132 2676 1369 2756 Magna
1407 2692 1562 2738 vero
1597 2669 1739 2738 illic
1791 2669 2121 2738 beneficia
2164 2670 2538 2739 exuberant
2572 2690 2791 2753 usque

242 2760 310 2827 in
365 2772 796 2849 praesentem
848 2759 1055 2827 diem.
1097 2760 1307 2827 Annis
1344 2772 1569 2826 autem
1623 2757 1885 2844 aliquot
1909 2758 2221 2837 evolutis,
2279 2759 2611 2845 cumjain
2649 2779 2792 2824 ces-

242 2863 457 2918 sasset
507 2850 892 2937 persecutio
923 2849 977 2927 *,
1035 2848 1232 2916 multi
1297 2847 1668 2916 Christiani
1720 2848 1787 2913 in
1843 2846 2169 2915 honorem
2233 2847 2789 2915 beatissimorum

244 2942 619 3025 Martyrum
687 2938 962 3005 illorum
1038 2938 1394 3007 basilicam
1469 2936 1564 3004 ibi
1630 2948 2094 3017 construxere,
2151 2947 2502 3025 sperantes
2553 2956 2623 3003 se
2674 2956 2794 3023 per

243 3025 401 3095 illos
452 3027 994 3095 misericordiam
1045 3039 1537 3095 consecuturos
1587 3026 1652 3093 in
1710 3025 1988 3093 nomine
2048 3027 2309 3093 Domini
2366 3024 2578 3092 nostri
2627 3029 2792 3090 Jesu

246 3115 515 3184 Christi.
574 3115 770 3183 Abest
809 3139 886 3182 ea
939 3114 1219 3184 basilica
1270 3115 1356 3183 ab
1406 3117 1575 3185 urbe
1616 3120 1831 3183 Roma
1874 3113 2198 3182 milliario
2247 3112 2786 3200 quartodecimo:
2834 3140 2837 3141 ⁷

248 3202 531 3291 diesque
582 3203 830 3273 natalis
862 3214 1256 3274 sanctorum
1297 3209 1669 3293 Martyrum
1705 3204 1949 3273 incidit
1997 3204 2065 3269 in
2117 3203 2437 3289 quintum
2479 3200 2639 3270 Idus
2671 3206 2793 3269 Ju-

248 3294 385 3360 nii:
445 3305 773 3382 regnante
827 3294 1109 3362 Domino
1160 3306 1391 3362 nostro
1425 3299 1588 3362 Jesu
1640 3293 1928 3373 ChristO,
1984 3293 2097 3361 cui
2145 3305 2245 3362 est
2293 3293 2512 3361 honor
2564 3291 2633 3358 in
2692 3312 2792 3357 se-

246 3381 402 3450 cula
440 3382 857 3461 seculorum,
895 3387 1127 3450 Amen.

296 3542 320 3563 ’³¹
349 3546 483 3579 Anno
514 3549 654 3579 cccxxx
685 3550 766 3588 por
795 3538 1153 3579 Constantinum
1183 3539 1401 3588 Magnum
1436 3541 1481 3578 et
1511 3540 1743 3579 Licinium
1772 3541 1894 3579 facta
1925 3538 2205 3580 Christianis
2236 3540 2444 3587 potestas
2476 3537 2700 3578 ecclesias
2723 3549 2792 3577 ae-

245 3592 461 3633 dificandi
484 3596 533 3633 et
555 3594 807 3634 exornandi
829 3598 1087 3641 martyrum
1110 3598 1422 3633 monumenta.
