3357 4995
227 325 442 393 IUNII
495 327 534 389 6
1031 341 1110 388 nc
1150 341 1205 388 s.
1259 338 1623 390 Noarnsaro
1673 339 1971 390 smscoro
2557 323 2683 388 483

224 439 288 495 et
334 447 373 494 a
434 425 624 514 regia
679 423 1032 513 majestate
1080 419 1367 491 fundata
1412 434 1477 492 et
1523 422 1921 503 sublimata,
1982 421 2493 508 liberaliterque
2541 420 2775 491 dotata

224 529 290 584 et
321 525 550 595 aucta,
603 512 784 581 «Ubi
832 523 995 581 sunt
1026 533 1187 602 ergo
1221 511 1410 592 haec,
1447 512 1696 599 inquit,
1739 524 1858 580 aut
1886 533 2023 599 qua
2055 510 2315 580 ratione
2362 511 2449 580 ab
2498 531 2577 580 ea
2623 523 2688 580 et
2735 533 2774 578 a

224 603 422 673 vobis
451 614 617 672 sunt
663 600 1090 671 abalienata?
1120 626 1144 664 n
1179 601 1383 687 Ajunt
1424 600 1560 669 illi:
1606 624 1643 668 ε(
1673 600 1967 683 Quidam
2002 622 2082 669 ex
2112 599 2588 670 decessoribus
2637 599 2776 669 tuis

224 693 527 762 nimium
564 711 732 760 suae
760 689 990 759 carnis
1024 689 1382 758 affectibus
1412 689 1873 790 indulgentes,
1910 688 2237 759 fratribus
2266 699 2332 756 et
2363 688 2776 777 propinquis

227 796 293 851 et
337 781 748 872 parentibus
789 779 939 848 suis
985 777 1119 846 alia
1153 778 1432 868 praedia
1475 779 1703 868 largiti
1738 789 1923 858 sunt,
1960 777 2095 847 alia
2128 776 2615 877 permiserunt.
2651 776 2778 845 Alii

235 893 386 939 vero
435 870 523 938 iis
572 866 1043 947 succedenteS,
1098 865 1437 953 quaedam
1479 867 1675 945 ‚feudi
1728 866 1828 936 vel
1865 866 2180 936 beneficii
2214 865 2363 933 loco
2412 863 2771 933 dederunt.

245 959 358 1028 Alii
409 957 774 1028 remissius
822 978 894 1026 se
944 955 1295 1036 habentes,
1331 969 1413 1036 -et
1477 980 1518 1026 a
1566 955 1961 1048 potentibus
2009 977 2097 1045 op
2152 955 2381 1033 ressi,·⁴
2413 953 2779 1023 defendere

242 1069 369 1116 non
419 1047 724 1117 valentes
770 1066 948 1131 quae
995 1044 1178 1136 juris
1226 1058 1422 1114 erant
1476 1046 1839 1125 Ecclesiae,
1893 978 2231 1131 quaedem
2284 1043 2774 1133 perdiderunt;

239 1150 299 1205 et
353 1139 452 1206 sic
496 1135 905 1204 imminutae
954 1147 1139 1213 sunt,
1193 1147 1257 1204 et
1308 1135 1581 1224 penitus
1635 1134 1718 1204 ad
1776 1133 2071 1202 nihilum
2132 1132 2442 1202 redactae
2476 1143 2779 1201 cunctae

239 1247 367 1306 reS,
420 1246 600 1313 quae
649 1224 813 1294 huic
861 1222 930 1292 di
989 1223 1181 1292 nitati
1224 1223 1475 1292 servire
1508 1222 1885 1293 solebant.»
1934 1219 2233 1291 Audiens
2264 1222 2431 1290 haec
2482 1221 2583 1288 vir
2634 1221 2771 1300 Dei,

238 1337 503 1383 memor
542 1313 733 1382 illius
782 1334 919 1399 quo
1019 1311 1427 1382 maledictus
1473 1313 1594 1399 qui
1652 1310 1939 1380 confidit
1992 1310 2061 1378 in
2114 1310 2414 1389 homine,
2475 1323 2540 1379 et
2636 1309 2781 1378 onit

237 1385 515 1472 carnem
551 1402 915 1471 brachium
960 1421 1192 1480 suum,
1244 1413 1310 1470 et
1355 1423 1394 1470 a
1444 1400 1731 1470 Domino
1782 1399 2033 1469 recedit
2080 1421 2196 1468 cor
2228 1399 2420 1488 ejus:
2478 1396 2581 1468 col
2615 1398 2782 1467 ectis

240 1492 507 1563 viribus
554 1491 623 1560 in
660 1512 738 1559 eo
786 1504 850 1560 et
901 1511 1022 1580 pcr
1067 1511 1252 1569 eum,
1307 1511 1346 1557 a
1393 1512 1530 1577 quo
1579 1512 1650 1558 se
1701 1502 2012 1559 vocatum
2047 1489 2129 1557 ad
2171 1487 2297 1557 hoc
2326 1486 2632 1557 officium
2665 1487 2783 1554 ad·-

241 1579 780 1651 ministrandum
836 1601 968 1649 non
1007 1577 1384 1659 diffidebat,
1438 1578 1941 1668 imperterritus
1980 1577 2231 1666 jubare
2279 1576 2630 1666 potestatis
2678 1598 2785 1645 as·

240 1682 542 1760 sumpto,
597 1669 1005 1759 legationem
1063 1667 1372 1754 undique
1435 1661 1662 1747 mittit,
1734 1665 2164 1757 praecipiens
2226 1679 2300 1735 ut
2356 1666 2781 1752 quicumque

241 1759 711 1849 possessiones
761 1756 1121 1837 Ecclesiae,
1166 1756 1280 1827 cui
1323 1760 1453 1826 Deo
1500 1769 1776 1826 auctore
1808 1754 2247 1845 praesideret,
2304 1754 2556 1843 injuste
2613 1754 2788 1822 obti-

240 1860 505 1926 nerent,
557 1845 748 1915 nullo
797 1857 996 1936 pacto
1058 1845 1385 1934 deinceps
1422 1866 1536 1914 eas
1576 1844 1709 1913 sibi
1750 1843 2111 1914 vendicare
2145 1843 2296 1912 ausi
2345 1855 2594 1921 essent,
2652 1841 2786 1913 nisi

241 1938 435 2026 prius
470 1935 951 2015 ostendissent,
992 1956 1109 2003 eas
1155 1933 1241 2003 ad
1293 1955 1362 2003 se
1391 1934 1550 2023 jure
1591 1933 2046 2003 haereditario
2078 1954 2225 2001 esse
2274 1932 2652 2001 devolutas

324 2029 361 2112 ξ(
411 2029 572 2096 46.
628 2022 992 2093 Audientes
1041 2025 1209 2093 haec
1260 2035 1564 2112 raptores
1602 2035 1668 2091 et
1715 2021 2033 2111 sacrilegi
2081 2021 2207 2102 illi,
2262 2020 2557 2090 multum
2604 2019 2787 2087 indi-

238 2113 658 2204 gnabantur,
711 2111 891 2199 quod
945 2112 1152 2183 homo
1203 2112 1488 2182 inermis
1534 2124 1597 2181 et
1637 2133 1924 2202 pauper,
1962 2109 2082 2198 qui
2129 2110 2327 2181 asino
2376 2108 2658 2178 vehente
2687 2109 2787 2176 in-

239 2203 601 2292 trqductus
647 2213 846 2280 esset,
915 2214 1048 2270 tam
1103 2213 1343 2292 potens
1409 2212 1687 2287 tamque
1756 2198 2078 2270 festinum
2147 2197 2428 2267 auderet
2481 2197 2786 2267 edictum

241 2312 647 2381 proponere,
703 2289 885 2377 quod
928 2302 1154 2360 tamen
1209 2311 1330 2380 pro
1387 2289 1606 2360 nihilo
1670 2289 2027 2380 putabant,
2085 2287 2255 2355 nihil
2307 2308 2386 2355 ex
2438 2286 2543 2365 iis,
2604 2306 2783 2372 quae

241 2379 573 2450 violenter
623 2379 1087 2469 possederant,
1155 2401 1227 2448 se
1275 2377 1665 2468 perdituros
1713 2377 2204 2447 existimantes.
2272 2379 2347 2445 At
2394 2373 2787 2463 ille.gladio

240 2466 587 2559 spirituali
652 2490 788 2556 quo
837 2469 1188 2539 accinctus
1234 2480 1402 2549 erat,
1437 2489 1553 2537 eos
1603 2467 2060 2557 persequitur,
2101 2465 2168 2533 in
2200 2485 2326 2533 sua
2373 2464 2601 2550 quiete
2635 2484 2788 2553 per-

240 2579 535 2627 manens
588 2556 1022 2648 aggreditur,
1092 2557 1406 2648 percutit,
1461 2556 1718 2646 dejicit,
1776 2556 2072 2656 dejectos
2119 2553 2576 2622 anathematis
2642 2552 2789 2619 vin·

243 2647 403 2717 culo
446 2645 637 2736 ligat.
689 2652 766 2715 At
813 2646 913 2715 illi
962 2669 1111 2716 eam
1166 2646 1709 2736 persecutionem
1750 2650 2085 2734 Episcopo
2115 2641 2412 2722 facilem,
2471 2639 2602 2709 sibi
2634 2640 2789 2709 diu-

244 2747 522 2805 turnam
573 2746 638 2802 et
685 2757 960 2825 gravem
1010 2758 1157 2806 esse
1208 2756 1340 2804 non
1395 2736 1812 2824 ignoranteS,
1851 2730 2410 2820 quandoquidem
2457 2728 2790 2819 praecipit

240 2823 636 2904 auctoritaS,
671 2825 792 2911 qui
841 2826 1210 2895 anathema
1249 2824 1464 2893 unius
1502 2824 1668 2893 anni
1721 2823 2101 2912 patiuntur,
2154 2842 2269 2890 eos
2332 2832 2483 2909 post
2517 2839 2785 2887 annum

240 2914 536 3003 exlegeS,
591 2914 819 2982 necin
871 2913 1053 2984 aulis
1101 2911 1381 3000 aliquod
1419 2912 1668 2981 habere
1695 2932 2142 3001 responsum:
2198 2908 2613 2978 dimiserunt
2643 2928 2791 2975 ma-

292 3025 377 3071 na
423 3024 507 3071 ex
575 3015 767 3090 parte
826 3024 946 3084 ea,
998 3025 1175 3089 quae
1222 3001 1306 3071 de
1355 3001 1710 3070 beneficiis
1759 2999 2100 3069 Ecclesiae
2157 2998 2290 3068 sibi
2360 3008 2623 3086 praeter
2671 2996 2791 3083 jus

267 3113 481 3179 asque
515 3104 958 3180 usurparant.
1015 3091 1138 3160 Sed
1191 3090 1534 3160 faciebant
1584 3089 1650 3158 id
1703 3111 1868 3158 sane
1918 3088 2135 3168 inviti,
2170 3099 2235 3157 et
2268 3086 2354 3156 ob
2396 3087 2523 3155 hoc
2562 3085 2791 3153 inimi-

244 3181 567 3250 citiarum
591 3193 655 3249 et
674 3180 813 3249 odii
838 3179 1140 3249 fomitem
1166 3178 1496 3248 adversus
1519 3178 1763 3269 Episco
1816 3199 1962 3257 um,
1986 3187 2363 3263 utcumque
2385 3187 2449 3244 et
2474 3174 2792 3244 ubicum-

242 3291 375 3356 que
410 3280 745 3359 poterant,
787 3268 1071 3339 latenter
1103 3268 1610 3337 ministrabant.
1667 3272 1748 3337 Se
1848 3265 1984 3347 ille,
2023 3266 2138 3353 qui
2172 3265 2348 3352 viam
2374 3263 2684 3350 justitiae
2723 3274 2789 3331 et

246 3379 532 3428 cursum
566 3358 729 3426 recti
761 3357 1028 3426 itineris
1058 3370 1214 3427 ante
1240 3358 1712 3447 episcopatum
1743 3367 2077 3434 tenuerat,
2119 3351 2496 3423 immobilis
2524 3373 2793 3441 perma-

245 3448 471 3527 nebat,
506 3447 915 3546 praedicans
940 3447 1223 3517 verbum
1252 3458 1318 3516 et
1353 3466 1641 3536 regnum
1672 3445 1787 3513 Dei
1818 3443 2280 3522 annuncianS,
2317 3460 2697 3540 pacemque
2721 3439 2792 3507 in

245 3535 561 3605 terminis
612 3536 759 3605 suis
809 3534 1090 3613 faciens,
1146 3533 1388 3604 domos
1439 3534 1921 3625 religiosorum
1971 3532 2301 3610 exaltanS‚
2366 3544 2432 3599 et
2482 3529 2602 3597 ubl
2653 3549 2793 3596 non

242 3636 460 3702 erant,
497 3644 709 3693 novas
738 3636 1148 3695 construens
1179 3646 1193 3690 :
1250 3622 1748 3713 religiosos-am
1809 3621 2039 3690 lexans
2072 3633 2137 3690 et
2164 3619 2496 3690 ordinans
2519 3673 2534 3699 ,
2570 3617 2795 3686 disso-

243 3713 408 3782 lutis
433 3724 500 3781 et
541 3711 968 3803 irreligiosis.
1006 3712 1140 3781 nisi
1175 3711 1682 3801 resipiscerent,
1709 3733 1747 3779 a
1802 3731 2000 3779 erens
2025 3708 2343 3777 assiduas
2377 3706 2792 3798 persecutio-

242 3824 388 3881 neS,
430 3802 713 3871 Decanis
745 3816 812 3871 et
850 3800 1343 3879 sacerdotibus,
1385 3800 1582 3869 et·iis
1610 3799 1733 3886 qui
1771 3798 2111 3868 habebant
2143 3818 2375 3887 regere
2415 3794 2782 3886 populum,

244 3890 574 3960 omnibus
606 3889 692 3959 ad
727 3911 959 3959 sacros
991 3888 1270 3959 ordines
1306 3889 1662 3979 promotiS,
1699 3888 1923 3957 modis
1952 3885 2281 3956 omnibus
2307 3883 2795 3955 castimoniam

243 3976 643 4051 sectandam
689 4000 842 4049 esse
888 3978 1180 4051 dicebat.
1235 3999 1489 4068 cogens
1534 3999 1651 4047 eos
1699 3998 1849 4046 eam
1901 3997 2210 4044 servare:
2264 3988 2405 4054 aut,
2461 3974 2517 4045 si
2569 3982 2800 4042 essent

246 4068 519 4148 notorii,
572 4081 824 4138 cuncta
868 4060 1332 4137 ecclesiastica
1382 4066 1717 4137 beneficia
1758 4065 2168 4152 relinquere.
2225 4063 2426 4132 Initia
2474 4060 2798 4131 dolorum

243 4169 308 4225 et
354 4156 623 4227 occasio
661 4156 1244 4247 persecutionum,
1297 4155 1536 4226 omnia
1581 4156 1775 4224 haec.
1832 4152 2158 4223 Dicebant
2203 4152 2386 4222 enim
2439 4149 2524 4220 de
2572 4149 2683 4219 die
2724 4149 2796 4216 in

246 4244 458 4327 diem,
509 4267 711 4317 suam
781 4245 1100 4333 quisque,
1151 4266 1363 4333 quam
1413 4265 1615 4335 aegre
1674 4242 2003 4324 ferebant,
2058 4240 2441 4311 molestiam
2494 4257 2798 4326 conque-

249 4347 509 4404 rentes:
567 4338 649 4404 Ut
694 4334 864 4422 quid
912 4334 1101 4405 hunc
1170 4333 1620 4404 adventitium
1677 4343 1743 4401 et
1800 4331 2007 4420 cujus
2073 4330 2569 4421 ignorabamus
2632 4347 2797 4395 con-

254 4422 678 4504 suetudineS,
718 4445 929 4514 super
977 4446 1102 4494 nos
1150 4443 1438 4514 regnare
1477 4422 1869 4492 voluimus?
1918 4419 2314 4490 contrarius
2366 4416 2649 4505 quidem
2699 4425 2801 4484 est
