3357 4995
201 364 414 431 :mm
461 367 503 428 5
875 384 954 432 nx
999 383 1054 431 s.
1111 383 1444 433 nomi-Amo
1492 384 1689 434 EPISC.
1741 385 1820 432 nr
1865 385 2055 433 mar.
2521 366 2646 432 ⁴617

126 531 127 534 ,
203 463 387 546 Quod
427 485 583 532 vero
629 463 884 534 actioni
918 479 1275 556 susceptae
1310 465 1430 536 tibi
1479 466 1716 536 deesse
1751 466 2200 556 perspexeris,
2247 465 2448 535 nobis
2488 478 2566 536 ut
2623 487 2737 535 va-

204 550 429 632 lueris,
469 552 790 621 intimare
823 553 1123 625 curabis.
1180 559 1355 624 Bene
1388 553 1559 625 vale.
1607 580 1630 616 »v

285 643 522 728 §1st
576 640 700 710 His
731 641 943 732 igitur
988 641 1203 713 literis
1251 643 1635 735 acceptis-a
1694 642 2066 714 venerabili
2124 647 2330 732 Papa,
2387 641 2735 731 profectus

199 744 296 799 est
340 729 505 798 inde
554 730 638 798 ad
693 731 1293 821 Longobardorum
1346 754 1571 823 regem
1641 733 2166 822 Luitprandum.
2220 737 2268 799 Α
2313 751 2450 816 quo
2518 730 2738 800 hono-

197 818 382 888 rifice
412 830 798 908 susceptuS,
851 820 1257 908 aliquandiu
1289 820 1474 912 apud
1523 844 1680 891 eum
1718 821 2014 912 hospitio
2048 842 2219 890 usus
2250 832 2373 889 est.
2412 823 2617 889 Porro
2648 820 2737 889 ab

194 907 305 976 illo
354 907 746 987 discedens,
800 908 1016 979 ardua
1045 923 1111 981 et
1139 924 1503 999 praerupta
1537 910 1808 1000 Alpium
1851 911 2023 1000 juga
2062 907 2504 987 transcendit,
2536 909 2734 996 igno-

188 1009 434 1084 tosque
480 997 949 1086 Bajoariorum
998 1011 1065 1067 et
1111 998 1515 1069 Germaniae
1560 998 1738 1068 fines
1803 999 2253 1090 perlustra-ns,
2319 997 2385 1065 in
2436 995 2735 1066 Thurin·

185 1086 373 1174 giam
428 1085 763 1174 pervenit,
806 1100 1121 1157 accurate
1168 1087 1531 1177 explorans
1578 1087 1839 1174 ubique
1886 1089 2103 1157 instar
2141 1086 2292 1177 apis
2342 1085 2736 1175 prudentis-

170 1174 432 1254 simae,
489 1173 610 1243 ubi
661 1173 1097 1262 postmodum
1151 1189 1464 1247 nectarea
1510 1190 1787 1247 sanctae
1835 1175 1993 1246 fidei
2031 1175 2237 1245 mella
2299 1174 2622 1264 colligere
2668 1187 2737 1244 et

179 1275 621 1352 comportare
682 1275 930 1352 posset.
985 1270 1290 1351 Cumque
1336 1265 1484 1335 dies
1542 1264 1803 1353 aliquot
1851 1266 1918 1333 in
1971 1264 2347 1353 Thuringia
2396 1263 2727 1344 haereret,

178 1372 432 1421 omnes
483 1350 754 1419 interim
802 1351 990 1422 illius
1042 1354 1430 1442 provinciae
1480 1354 1830 1444 Principes
1882 1354 2102 1423 verbis
2152 1351 2582 1442 spiritalibus
2632 1351 2733 1420 al-

178 1441 503 1526 loquenS,
557 1439 642 1507 ad
695 1462 957 1511 sacram
1009 1442 1594 1532 complectendam
1649 1442 1854 1512 fidem
1906 1455 1970 1511 et
2032 1440 2433 1531 religionem
2485 1441 2735 1509 invita-

179 1530 310 1598 vit:
355 1528 760 1597 Sacerdotes
804 1550 1099 1685 quoque,
1138 1552 1312 1617 quos
1342 1531 1549 1601 variis
1582 1530 1848 1601 deditos
1888 1530 2168 1620 flagitiis
2197 1530 2553 1619 comperit,
2593 1551 2733 1598 ser-

180 1617 521 1687 monibus
560 1621 830 1707 Evange
861 1618 986 1688 icis
1025 1618 1111 1688 ad
1166 1620 1614 1689 institutionis
1648 1620 2027 1690 Canonicae
2058 1640 2369 1688 normam
2409 1617 2723 1687 correxit.

176 1705 431 1774 Audita
467 1718 697 1775 autem
736 1706 1022 1776 Ratbodi
1072 1709 1430 1777 Frisonum
1468 1708 1647 1799 regis
1697 1720 1936 1788 morte,
1979 1708 2100 1795 qui
2166 1729 2283 1797 per
2337 1707 2403 1775 id
2455 1720 2732 1796 tempus

179 1815 516 1884 magnam
573 1795 642 1863 in
695 1794 1114 1866 Christianos
1150 1799 1690 1886 persecutionem
1733 1808 2146 1876 exercuerat,
2195 1795 2413 1865 multo
2444 1796 2732 1865 affectus

176 1883 473 1973 gaudio,
531 1883 598 1951 in
660 1883 943 1953 Frisiam
997 1884 1376 1975 navigavit,
1432 1885 1665 1972 ibique
1714 1885 1898 1954 verbi
1951 1885 2171 1953 Divini
2220 1884 2485 1954 semina
2533 1906 2730 1973 spar-

176 1994 385 2062 gens,
477 1972 812 2043 ermultos
839 1973 926 2042 ab
951 1993 1177 2042 errore
1210 1973 1633 2044 idololatriae
1664 1974 1961 2044 retraxit.
2001 1973 2249 2042 Eodem
2284 1987 2586 2063 tempore
2617 1995 2730 2042 ve-

175 2061 431 2130 nerabi
464 2061 525 2129 is
562 2058 1046 2130 willibrordus
1070 2062 1127 2139 ⁴⁵,
1173 2063 1621 2153 Trajectensis
1655 2062 1995 2133 Ecclesiae
2024 2060 2321 2151 praesul,
2359 2062 2729 2131 buccinam

173 2149 506 2219 coelestis
544 2149 895 2218 doctrinae
944 2150 1011 2218 in
1064 2151 1277 2222 Frisia
1327 2151 1623 2220 inflavit:
1676 2151 1880 2241 cujus
1918 2150 2168 2220 studiis
2214 2163 2497 2220 sanctus
2531 2148 2730 2219 Boni-

174 2237 412 2308 facius
447 2237 735 2306 mirifice
783 2238 1141 2324 gratulans
1185 2251 1250 2309 et
1295 2239 1698 2318 adhaerens,
1748 2240 2045 2308 triennio
2094 2239 2277 2329 apud
2323 2238 2520 2308 illum
2568 2237 2724 2320 suit,

173 2348 389 2395 suam
444 2325 545 2394 illi
611 2347 865 2396 navans
924 2348 1228 2417 operam,
1304 2343 1437 2397 tani
1508 2329 1574 2397 in
1629 2328 1970 2398 idolorum
2034 2328 2210 2396 sanis
2259 2326 2722 2407 destruendiS,

171 2436 395 2502 quam
438 2413 835 2483 extruendis
881 2416 1214 2496 ecclesiis,
1266 2419 1685 2505 caeterisque
1728 2417 1933 2486 rebus
1981 2416 2235 2485 divinis
2281 2415 2727 2503 exequendis.

265 2507 305 2591 ἓ
358 2510 496 2577 11.
550 2508 707 2572 Erat
755 2517 982 2574 autem
1052 2505 1533 2576 willibrordus
1594 2519 1809 2576 aetate
1857 2505 2241 2595 decrepita:
2298 2505 2732 2595 suggerenti·

172 2592 461 2679 busque
509 2592 896 2682 discipuliS,
952 2595 1281 2665 senectuti
1324 2617 1491 2665 suae
1525 2595 1764 2681 volens·
1787 2594 2064 2681 aliquod
2116 2614 2516 2682 comparare
2550 2592 2732 2661 leva—

176 2695 503 2750 mentum
536 2694 602 2749 et
648 2680 994 2758 solatium,
1033 2682 1222 2753 hunc
1256 2685 1369 2752 Dei
1410 2705 1681 2753 servum
1717 2683 1800 2751 ad
1854 2681 2374 2771 suscipiendum
2408 2681 2744 2769 Episcopi.

178 2791 475 2848 munuS,
535 2770 1052 2860 regendumque
1098 2772 1428 2861 populum
1472 2794 1637 2841 suae
1694 2793 1902 2841 curae
1952 2770 2429 2841 commissum.
2481 2768 2734 2839 obnixe

180 2858 482 2947 rogavit.
539 2863 616 2926 At
660 2858 777 2926 ille
823 2858 1179 2929 humiliter
1228 2882 1578 2940 recusans,
1634 2872 1820 2929 tanta
1869 2859 2216 2928 functione
2257 2878 2328 2927 se
2363 2857 2734 2947 indignum

188 2946 448 3031 ajebat,
511 2967 596 3014 ne
642 2946 773 3015 sibi
831 2947 1125 3016 necdum
1194 2961 1534 3018 maturam
1598 2948 1847 3038 adepto
1906 2961 2217 3026 aetatem,
2275 2958 2410 3015 tam
2472 2946 2733 3035 grande

183 3055 369 3102 onus
439 3035 844 3123 imponeret,
921 3036 1143 3107 modis
1190 3037 1517 3108 omnibus
1564 3038 1988 3115 obsecrabat,
2043 3035 2249 3106 simul
2308 3034 2617 3125 allegans
2664 3056 2737 3104 se

187 3122 495 3191 necdum
534 3123 1190 3223 quinquagesimum
1251 3126 1575 3215 implesse
1634 3126 1875 3194 aetatis
1921 3146 2210 3205 annum,
2261 3145 2465 3210 quem
2528 3146 2738 3193 cano-

186 3211 388 3279 nicae
459 3211 910 3280 institutionis
956 3211 1226 3282 decreta
1276 3214 1485 3284 hu'us
1546 3213 1807 3303 gradus
1871 3213 2162 3282 culmini
2235 3212 2731 3302 praefixissent.

188 3299 638 3369 Willibrordo
699 3311 925 3369 autem
977 3300 1252 3370 blandis
1320 3237 1519 3372 illum
1570 3303 1797 3372 verbis
1855 3302 2260 3390 increpanti,
2318 3315 2382 3369 et
2440 3300 2523 3370 ad
2575 3322 2737 3370 eum

235 3381 497 3456 tadum
567 3387 1089 3478 suscipiendum
1155 3388 1581 3471 adhortanti,
1647 3412 1807 3459 cum
1869 3390 2123 3459 multos
2181 3389 2362 3459 ultro
2430 3390 2739 3476 citroque

239 3498 319 3544 ac
374 3475 459 3544 de
511 3498 583 3545 re
631 3477 808 3545 inter
840 3499 911 3547 se
945 3500 1294 3548 sermones
1329 3478 1758 3558 habuissent,
1820 3479 1921 3546 vir
1954 3479 2348 3549 sanctusin
2402 3499 2517 3547 eas
2571 3499 2737 3547 con-

182 3564 413 3649 Jeetus
449 3565 830 3654 angustiaS,
934 3565 1158 3635 lacido
1203 3588 1319 3636 ore
1350 3567 1444 3637 ita
1491 3567 1767 3637 tandem
1811 3588 1882 3636 se
1927 3566 2314 3635 excusavit:
2358 3588 2392 3632 «
2421 3569 2609 3636 Onus
2637 3586 2738 3635 re-

194 3652 507 3739 giminis,
561 3653 745 3739 quod
795 3654 890 3722 mi
945 3654 968 3722 i
1026 3654 1313 3745 indigno
1360 3669 1594 3741 sancte
1635 3653 2293 3745 Praesulimponere
2343 3654 2465 3734 vis,
2527 3654 2593 3722 in
2629 3675 2739 3724 me

190 3741 496 3830 recipere
555 3763 689 3810 non
755 3742 999 3812 audeo.
1067 3748 1245 3812 Evan
1299 3744 1591 3814 elizandi
1653 3744 1840 3813 enim
1903 3747 2113 3813 causa
2173 3743 2428 3813 missus
2494 3764 2647 3811 sum
2698 3764 2741 3812 a

201 3827 401 3898 beato
439 3830 763 3919 Gregorio
803 3834 864 3899 11
903 3835 1085 3932 Papa
1136 3832 1202 3900 in
1312 3835 1718 3911 ermaniam,
1756 3844 1821 3901 et
1859 3854 1936 3901 ea
1979 3830 2315 3922 legatione
2346 3831 2734 3914 functurus,

196 3915 268 3984 in
320 3917 448 3986 has
497 3919 828 3988 barbaras
873 3933 1180 3990 nationes
1219 3922 1521 4002 veniam,
1566 3934 1809 4011 sponte
1842 3941 1951 3989 me
1979 3934 2141 3990 tuae
2170 3919 2411 3989 ditioni
2446 3919 2732 4008 subjeci.

192 4006 318 4073 Sed
355 4007 525 4075 tanti
567 4007 911 4076 Pontificis
947 4008 1281 4078 mandato
1334 4009 1744 4099 posthabito,
1808 4008 1995 4079 aliud
2047 4008 2338 4097 quodvis
2386 4008 2739 4098 negotium

200 4093 270 4160 in
322 4115 432 4162 me
482 4095 784 4185 recipere
833 4117 968 4165 non
1019 4118 1174 4167 sum
1213 4119 1450 4168 ausuS.
1497 4102 1734 4185 Itaque
1768 4096 2151 4167 venerande
2198 4102 2393 4167 Pater
2421 4109 2737 4187 rogatum

193 4193 260 4249 te
307 4182 540 4281 velim,
593 4197 670 4253 ut
732 4184 800 4253 in
851 4182 1008 4253 illas
1063 4186 1400 4276 regioneS,
1455 4188 1537 4255 ad
1588 4208 1765 4273 quas
1813 4186 2114 4256 Pontifex
2153 4185 2580 4277 Apostolicus
2631 4205 2739 4254 me

193 4271 421 4349 misit,
476 4293 632 4341 cum
690 4284 807 4342 tua
854 4271 1035 4342 bona
1084 4274 1280 4344 venia
1332 4274 1509 4343 mihi
1567 4274 1765 4344 liceat
1883 4274 2248 4345 rosicisci.»
2283 4275 2404 4346 His
2451 4273 2731 4353 auditis,

191 4360 260 4426 S.
298 4358 779 4430 willibrordus
816 4360 918 4430 illi
959 4360 1132 4432 bene
1181 4376 1522 4453 precatuS,
1577 4364 1798 4434 abeun
1861 4363 1874 4430 i
1920 4385 1959 4431 a
2007 4384 2077 4432 se
2119 4361 2275 4432 fecit
2306 4375 2732 4454 potestatem.

248 4483 274 4507 ⁸
302 4483 404 4525 col.
421 4484 461 4525 8,
482 4484 807 4529 willibrordns
825 4488 900 4529 die
924 4458 987 4529 v’n
1009 4497 1115 4530 nov.
