3357 4995
273 275 489 345 JUNII
541 280 622 342 43
1007 298 1084 342 mr.
1133 297 1187 342 s,
1243 296 1515 344 Ani-omo
1566 298 1604 341 A
1655 293 1859 344 panum
1913 297 2090 345 mero
2610 283 2724 346 311

274 383 478 469 eique
546 402 688 449 rem
755 392 963 449 totam
1027 383 1452 469 permittunt.
1511 382 1890 471 Episcopus
1955 382 2315 451 canonicis
2379 385 2817 465 convocatiS,

277 470 713 560 singulorum
763 490 973 558 super
1020 469 1147 538 hac
1208 492 1278 539 re
1328 470 1734 540 sententiam
1802 470 2112 557 inquirit.
2170 470 2358 539 Multi
2409 471 2822 542 videbantur

277 560 350 627 in
384 581 530 628 eam
583 558 680 625 ire
729 558 1161 638 sententiam,
1221 572 1296 628 ut
1346 559 1771 649 pauperibus
1824 559 2245 627 Dominabus
2285 581 2403 627 cor
2454 582 2539 628 us
2597 564 2823 630 sancti

276 649 403 716 viri
467 647 1010 733 relinqueretur.‘
1051 648 1350 716 Tandem
1415 648 1795 736 Episcopus
1858 670 1992 716 non
2060 646 2375 750 negligen
2435 671 2509 716 as
2569 662 2821 738 putans

270 757 514 825 preces
547 736 834 803 fratrum
878 735 1123 804 rationi
1173 749 1690 814 consentaneas,
1750 736 2178 825 magistratui
2216 736 2408 803 urbis
2460 738 2818 828 praecipit,

268 838 348 895 ut
403 825 748 894 Fratribus
798 825 864 891 in
918 824 1343 913 deportando
1392 846 1674 914 corpore
1720 847 1840 914 pro
1874 825 2138 893 viribus
2180 824 2579 914 adjumento
2616 827 2723 896 sit.

363 917 400 998 ξ
445 916 601 985 43.
663 919 922 982 [nterea
951 913 1116 981 dum
1172 913 1336 982 haec
1386 917 1746 1013 geruntur,
1793 935 1971 1002 pars⁸
2001 913 2254 981 civium
2307 913 2389 981 de
2441 915 2667 1003 pontis
2701 939 2815 992 ca-

273 1002 413 1091 pite
464 1001 656 1069 valde
706 1001 1229 1070 inflammantur
1276 1002 1616 1071 desiderio
1682 1001 2018 1070 humandi
2071 1002 2248 1070 sacri
2298 1004 2647 1091 corporiS‚
2705 1026 2824 1073 ne-

274 1089 634 1180 glectoque
694 1089 1099 1179 magistratu
1169 1090 1237 1158 in
1292 1091 1572 1159 vetitum
1648 1090 1896 1176 majori
1962 1091 2396 1160 contentione
2462 1091 2818 1174 nituntur,

273 1179 701 1265 invitantque
726 1179 1039 1278 ‚seniores
1086 1192 1151 1246 et
1197 1180 1480 1256 amicos,
1536 1192 1612 1248 ut
1645 1179 1817 1269 ipsis
1852 1179 2108 1248 auxilio
2141 1179 2299 1248 sint.
2360 1182 2661 1268 Denique
2713 1183 2821 1249 in-

275 1281 377 1334 ter
425 1289 495 1336 se
528 1281 948 1335 unanimiter
982 1279 1314 1346 statuunt,
1373 1291 1444 1336 se
1502 1290 1765 1353 suaque
1813 1269 2045 1336 omnia
2098 1269 2165 1335 in
2206 1290 2529 1356 praesens
2582 1271 2822 1339 mortis

277 1368 342 1423 et
388 1355 632 1424 excidii
693 1355 1086 1424 discrimen·
1129 1357 1467 1444 conjicere
1527 1356 1780 1445 potius,
1838 1378 2046 1442 quam
2117 1357 2373 1446 sinant>
2415 1380 2495 1424 ex
2544 1379 2622 1425 eo
2673 1358 2821 1427 loco

281 1443 425 1512 tolli
466 1467 717 1533 eorpus
753 1444 874 1512 viri
915 1445 1050 1512 Dei.
1109 1449 1182 1513 Et
1213 1444 1398 1530 qnod
1443 1445 1699 1514 mirum
1735 1445 1947 1513 videri
1997 1457 2224 1531 queat,
2265 1445 2434 1513 adeo
2470 1446 2535 1513 in
2571 1446 2697 1515 hac
2749 1469 2821 1515 re

279 1533 650 1612 fervebant,
687 1546 762 1601 ut
800 1534 1081 1619 quidam
1117 1554 1351 1602 eorum
1382 1533 1621 1603 odium
1654 1534 2102 1602 inveteratum
2138 1548 2199 1601 et
2244 1533 2421 1602 bella
2459 1535 2815 1612 intestina,

276 1621 756 1708 quibus-inter
803 1645 873 1690 se
925 1622 1140 1691 multo
1181 1635 1485 1709 tempore
1533 1623 1935 1698 saevierant,
1985 1622 2185 1711 plane
2215 1645 2295 1690 ex
2345 1624 2600 1691 animis
2634 1624 2819 1712 abje—

277 1711 454 1778 cisse
503 1710 919 1790 viderentur,
975 1724 1238 1779 tantum
1275 1724 1352 1779 ut
1392 1710 1559 1778 illud
1606 1733 1881 1780 sacrum
1922 1712 2174 1799 pignus
2205 1712 2593 1780 retinerent.
2634 1718 2709 1780 Et
2738 1735 2821 1780 ne

277 1800 692 1886 cujusquam
745 1798 985 1868 fraude
1033 1812 1152 1867 aut
1201 1799 1544 1867 machinis
1599 1799 1715 1867 illo
1764 1801 2073 1869 fortassis
2130 1801 2585 1887 privarentur.
2632 1822 2820 1869 com—

284 1889 633 1957 municato
683 1888 857 1955 inter
917 1910 986 1956 se
1035 1888 1349 1967 consilio,
1405 1887 1573 1956 illud
1630 1910 1866 1976 rapere
1920 1888 2399 1958 moliebantur.
2458 1890 2581 1958 Sed
2635 1890 2820 1976 quod

196 2047 204 2055 ,
283 1998 609 2066 praesens
683 1998 814 2044 non
866 1989 1041 2044 esset
1093 1976 1395 2044 Minister
1447 1977 1908 2065 provincialis,
1976 1976 2061 2044 ad
2112 1977 2317 2063 cujus
2371 1990 2611 2046 nutum
2670 1984 2824 2047 Fra-

283 2078 466 2133 trum
517 2066 978 2133 controversia
1074 2065 1388 2143 endebat,
1458 2065 1759 2134 seniores
1809 2066 2144 2150 quosdam
2212 2089 2246 2132 e
2313 2066 2582 2134 civibus
2626 2089 2823 2155 roga-

282 2152 446 2221 bant
501 2153 778 2232 fratreS,
840 2166 917 2221 ut
965 2087 1068 2221 δίς)
1110 2153 1298 2221 illius
1347 2154 1727 2234 adventum
1794 2152 2145 2243 paulisper
2196 2177 2231 2221 a
2285 2176 2409 2224 suo
2468 2156 2820 2243 proposito

283 2240 705 2322 desisterent,
768 2243 1054 2329 ejusque
1102 2241 1388 2310 arbitrio
1432 2242 1666 2310 omnia
1720 2242 2297 2330 permitterentur.
2370 2244 2625 2311 Placuit
2693 2243 2820 2313 hoc

282 2329 568 2408 civibus.
632 2343 695 2398 et
746 2353 988 2399 omnes
1026 2329 1125 2398 illi
1161 2330 1536 2399 sententiae
1575 2330 2014 2398 accedebant.
2071 2336 2271 2399 Nocte
2324 2332 2767 2399 incumbente
2796 2387 2812 2410 ‚

280 2417 520 2487 fratres
550 2419 823 2490 emissis
874 2419 1115 2495 turbis,
1178 2419 1514 2487 claudunt
1562 2420 1736 2488 ostia
1770 2419 2161 2496 domorum,
2208 2434 2273 2487 et
2302 2420 2666 2509 diligenter
2714 2443 2822 2488 ve-

278 2508 598 2577 ctibus-et
644 2510 816 2577 seris
854 2531 932 2579 ea
980 2509 1371 2578 obfirmant.
1429 2514 1504 2576 Et
1549 2530 1705 2576 ecce
1744 2508 1967 2576 media
2025 2522 2217 2576 nocte
2268 2509 2529 2578 elamor
2577 2511 2822 2597 ingens

275 2597 524 2677 existit,
577 2608 639 2665 et
676 2599 1071 2685 importuno
1106 2597 1448 2666 desiderio
1500 2598 1738 2665 turbae
1781 2597 2052 2664 inhiant
2108 2598 2191 2664 ad
2239 2598 2611 2666 videndum
2668 2621 2820 2668 cor-

325 2708 409 2755 us
449 2688 667 2755 sancti
719 2688 868 2755 viri.
932 2691 1166 2773 Itaque
1213 2687 1386 2755 ostia
1430 2686 1899 2775 perfringunt:
1958 2685 2073 2753 sed
2110 2708 2269 2754 cum
2315 2687 2456 2772 jam
2507 2686 2700 2755 tertio
2751 2687 2818 2755 id

274 2708 616 2853 iecissent,
660 2774 850 2843 nulla
902 2776 1161 2844 ratione
1194 2776 1262 2843 in
1300 2775 1586 2844 domum
1629 2773 1899 2864 ingredi
1940 2772 2332 2863 potuerunt,
2384 2776 2815 2861 stabantque,

277 2874 354 2931 ut
403 2864 678 2952 ipsimet
727 2862 891 2932 fassi
957 2876 1143 2944 sunt,
1211 2864 1464 2953 apertis
1513 2862 1706 2933 ostiis
1765 2863 2166 2951 stupefacti:
2236 2876 2299 2931 et
2356 2886 2511 2932 cum
2572 2863 2823 2933 domus

278 2951 483 3041 plena
530 2963 706 3021 esset
756 2952 1163 3031 luminibus,
1209 2953 1473 3021 aditum
1512 2951 1739 3020 videre
1775 2973 1908 3019 non
1948 2964 2338 3040 potuerunt.
2398 2958 2587 3020 Mane
2618 2953 2816 3032 facte,

274 3041 599 3129 permulti
653 3063 731 3109 ex
781 3042 973 3117 urbe,
1052 3041 1318 3120 castriS,
1392 3040 1588 3130 pagis
1658 3052 1724 3108 et
1786 3040 1953 3109 locis
2002 3040 2248 3108 vicinis
2297 3053 2699 3121 accurrunt,
2756 3055 2821 3109 et

270 3129 528 3214 quibus
558 3130 762 3197 datur
794 3129 893 3199 vel
926 3130 1136 3198 semel
1186 3143 1563 3215 utcumque
1612 3128 2010 3218 contingere
2038 3151 2308 3199 sacrum
2343 3150 2618 3219 corpus,
2664 3130 2820 3198 bea-

274 3231 422 3285 tum
472 3239 544 3286 se
591 3217 828 3287 credit.
894 3219 1023 3300 Qui
1071 3230 1296 3287 autem
1342 3240 1503 3307 prae
1550 3218 1750 3287 turba
1803 3228 2079 3307 tangere
2129 3240 2261 3285 non
2317 3231 2651 3307 poterant,
2709 3241 2821 3287 zo-

275 3327 423 3389 naS‚
477 3306 798 3385 annulos,
849 3306 1157 3383 monilia,
1193 3307 1417 3376 claves
1465 3318 1528 3374 et
1582 3317 1849 3375 caetera
1896 3319 2296 3374 ornamenta
2334 3328 2455 3396 per
2487 3308 2821 3376 fenestras

276 3405 342 3461 et
401 3395 575 3463 ostia
645 3395 902 3484 passim
972 3395 1435 3485 porrigebant,
1509 3408 1583 3463 ut
1638 3407 1959 3463 contactu
2007 3395 2429 3464 sanctissimi
2476 3396 2812 3484 ⁴corporis

272 3483 697 3552 sanctificata
730 3483 1110 3572 reciperent
1141 3484 1191 3548 *.

359 3574 397 3657 ξ
444 3577 592 3643 au.
650 3572 987 3641 Pendente
1054 3571 1324 3641 interim
1377 3578 1650 3662 propter
1716 3571 2005 3640 Ministri
2057 3571 2437 3640 absentiam
2494 3572 2764 3661 negotio
2792 3627 2810 3651 v.

272 3659 513 3728 fratres
546 3673 820 3750 propter
867 3661 1200 3731 aestivum
1252 3660 1550 3729 calorem
1611 3660 2019 3749 corporibus
2062 3659 2421 3739 infestum,
2489 3660 2555 3728 in
2612 3682 2824 3748 capsa

271 3748 500 3837 lignea
549 3771 821 3818 sacrum
867 3772 1118 3839 corpus
1151 3749 1532 3829 conditum,
1587 3749 1655 3816 in
1703 3748 1967 3818 foveam
2022 3748 2410 3904 deponunt,
2469 3748 2702 3818 leviter
2742 3750 2822 3818 il·-

273 3834 391 3905 lud
429 3834 631 3905 homo
670 3838 1075 3928 operientes.
1132 3843 1278 3907 Mox
1326 3858 1565 3906 rumor
1614 3839 1748 3906 exit
1799 3837 1869 3906 in
1924 3857 2112 3936 popu
2144 3860 2289 3917 um,
2346 3849 2621 3927 raptum
2668 3860 2820 3907 esse

273 3946 547 3995 sacrum
584 3948 703 3996 cor
755 3949 862 3997 us,
909 3927 1237 3996 Advolant
1268 3927 1480 4028 igitur
1527 3948 1770 4005 omnes
1803 3925 2166 3995 furibundi
2219 3927 2286 3994 in
2322 3924 2609 3996 domum
2665 3932 2823 3995 Fra-

272 4024 453 4082 trum
505 4036 665 4083 cum
736 4015 1009 4085 ustibus
1042 4029 1107 4084 et
1145 4015 1420 4106 gladiis,
1475 4036 1672 4105 sepes
1727 4026 1792 4083 et
1840 4014 2015 4084 ostia
2065 4027 2398 4093 evertunt,
2456 4018 2826 4104 properant

270 4101 357 4169 ad
400 4102 623 4172 locum
680 4104 750 4171 in
798 4125 934 4191 quo
983 4116 1125 4173 erat
1165 4125 1462 4194 corpus,
1521 4124 1644 4173 nec
1692 4115 1961 4172 cessant
2014 4126 2054 4172 a
2108 4125 2235 4172 suo
2274 4115 2547 4182 conatu,
2606 4102 2823 4172 donec

266 4212 547 4281 capsam
582 4191 773 4261 illam
814 4193 1226 4264 invenirent.
1265 4193 1391 4263 Sed
1437 4213 1558 4261 nec
1590 4193 1691 4262 sic
1724 4191 2016 4261 credunt
2059 4191 2128 4259 in
2161 4213 2240 4261 ea
2274 4192 2513 4261 haberi
2541 4212 2817 4282 corpuS,
2849 4206 2855 4213 ’

267 4346 691 4443 ηἷίεῐὶξῗέὲιιὴὴοο
719 4353 766 4391 et
795 4360 923 4401 seqq.
957 4350 1001 4402 §5
1024 4348 1313 4401 singularem
1333 4352 1380 4391 et
1399 4351 1700 4400 magnificum
1721 4346 1771 4390 in
1789 4357 1996 4399 paupere
2016 4350 2062 4390 et
2086 4349 2257 4391 humili
2282 4349 2503 4399 religioso
2523 4349 2627 4389 vlro
2649 4348 2824 4390 Sancti-

546 4413 576 4452 p
613 4413 705 4444 um.
