3357 4995
671 344 794 409 ⁴54
1383 361 1461 407 m:
1512 360 1566 408 s.
1622 358 1936 408 eunwato
1985 357 2284 407 arlscoro
2717 326 2730 338 ’
2817 341 3038 408 JUNII
3095 345 3144 409 6

576 445 868 535 gloriam
922 465 1056 514 non
1108 443 1355 525 serenS,
1402 444 1737 534 exanguis
1795 445 1863 513 in
1917 455 2167 514 terram
2208 441 2560 533 collapsus
2600 454 2722 513 est.
2773 445 3141 515 Fratribus

576 547 806 603 autem
840 533 1220 614 orantibus,
1259 534 1363 602 vir
1394 534 1508 602 Dei
1545 554 1829 602 manum
1861 532 2257 605 extendens,
2305 532 2660 611 DominuS,
2698 533 2946 619 inquit,
2991 535 3144 604 eri-

579 623 679 712 git
710 622 951 692 elisos:
1010 621 1341 693 Dominus
1392 620 1589 693 solvit
1652 622 2101 712 compeditos.
2155 619 2475 708 Ad'quas
2523 642 2721 690 voces
2760 620 2876 690 ille
2914 623 3144 692 conti-

576 733 718 781 nuo
752 710 1046 781 surrexit
1086 710 1480 790 incolumis,
1534 723 1615 778 et·
1645 732 1886 780 omnes
1937 711 2104 779 haec
2153 709 2463 778 videntes
2492 720 2698 797 atque
2729 710 3128 793 audienteS‚

578 799 665 869 ad
720 800 832 869 Dei
879 798 1364 869 celebrandam
1415 799 1706 888 gloriam
1759 798 2091 869 invitavit.
2969 817 2972 820 ·

665 890 701 976 ἓ
750 894 899 961 16.
956 888 1199 976 Mulier
1245 887 1583 974 quaedam
1642 887 1863 961 fidelis
1896 886 2117 956 filium
2155 886 2399 956 habuit
2448 907 2666 955 annos
2716 898 2955 956 natum
3008 887 3140 958 de-

576 998 751 1058 cem,
798 977 883 1046 ab
934 978 1084 1067 ipso
1138 975 1361 1067 primo
1408 988 1565 1046 ortu
1614 989 1910 1045 mutum.
1948 981 2129 1045 Haec
2179 975 2315 1044 fide
2365 975 2566 1065 plena
2596 976 2883 1044 accessit
2909 974 2993 1044 ad
3026 978 3142 1046 vi·-

578 1066 1055 1152 rum.1)eiqui
1107 1078 1250 1134 tum
1287 1064 1457 1134 forte
1497 1086 1687 1135 more
1735 1086 2052 1150 suocum
2103 1064 2433 1138 fratribus
2459 1063 2544 1132 de
2580 1064 2784 1133 rebus
2833 1063 3139 1136 utilibus

578 1153 991 1235 conferebat,
1046 1153 1350 1240 dixitque
1398 1154 1541 1223 illi:
1576 1177 1611 1220 «
1638 1157 1855 1223 Homo
1884 1153 2022 1233 Dei,
2062 1153 2205 1224 scio
2243 1156 2408 1244 quia
2438 1175 2896 1243 quaecumque
2925 1169 3141 1244 popo2

576 1246 779 1312 sceris
826 1266 870 1312 a
898 1249 1071 1324 ·De0‚
1108 1243 1292 1311 dabit
1341 1244 1463 1312 tibi
1510 1248 1705 1312 Deus.
1746 1247 1842 1310 En
1885 1242 2104 1312 habeo
2161 1241 2271 1311 hic
2335 1241 2653 1321 filiolum,
2685 1241 2832 1330 Jam
2884 1239 3134 1312 decem

580 1332 783 1401 annis
839 1330 1034 1401 nulla
1081 1331 1287 1401 verba
1335 1344 1734 1401 sonantem:
1788 1352 2046 1417 quaeso
2095 1342 2181 1410 te,
2237 1329 2561 1420 precibus
2623 1332 2762 1399 tuis
2812 1329 3141 1401 laxentur

579 1420 908 1490 diuturna
952 1419 1250 1500 vincula,
1285 1432 1361 1490 ut
1406 1433 1726 1509 erumpat
1776 1419 2012 1510 lingua
2064 1419 2131 1488 in
2185 1440 2419 1488 vocem
2456 1417 2685 1492 laudis
2744 1431 2809 1487 et
2870 1421 3136 1509 gratia-

579 1532 738 1580 rum
774 1508 1273 1580 actionis.»Res
1322 1509 1516 1579 ondit
1542 1508 1644 1577 vir
1669 1521 1976 1578 sanctus:
2000 1513 2140 1576 «Tu
2164 1501 2313 1598 ipsa
2338 1512 2549 1576 Deum
2579 1507 3132 1597 omnipotentem

578 1598 873 1668 fideliter
903 1619 1020 1667 ora
1054 1597 1172 1683 qui
1201 1619 1275 1667 so
1308 1619 1389 1666 us
1418 1610 1632 1688 potest
1656 1598 1912 1668 ‘virtute
1939 1618 2064 1668 sua
2098 1618 2341 1666 sanare
2375 1596 2599 1666 filium
2644 1609 2914 1665 tuum.»
2946 1597 3134 1671 Dixit

579 1687 708 1755 hoc
741 1687 845 1755 vir
891 1697 1196 1767 sanctus,
1237 1708 1372 1755 non
1405 1685 1588 1774 quod
1623 1707 1695 1755 se
1730 1686 1799 1754 in
1850 1685 2099 1756 Christi
2135 1686 2414 1755 nomine
2445 1684 2514 1752 id
2549 1696 2896 1776 praestare
2924 1707 3133 1774 posse

577 1774 916 1844 diffideret
962 1775 1083 1862 qui
1134 1795 1205 1844 se
1254 1775 1459 1845 sciret
1514 1776 1774 1844 ma'ora
1822 1774 2087 1856 secisse,
2149 1774 2267 1844 sed
2317 1773 2501 1861 quod
2554 1772 2783 1843 studio
2833 1773 3131 1843 humili-

577 1864 735 1934 tatis
784 1863 982 1932 vellet
1030 1884 1303 1933 omnem
1360 1798 1857 1934 miracuiorum
1918 1884 2206 1932 suorum
2257 1863 2545 1954 gloriam
2597 1863 2668 1931 in
2735 1867 2947 1931 Deum
2993 1883 3133 1933 au-

575 1967 833 2022 ctorem
895 1949 1195 2021 resundi.
1261 1957 1337 2022 At
1389 1953 1637 2022 mulier
1686 1951 1904 2043 multo
1951 1951 2158 2021 etiam
2207 1952 2685 2021 vehementius
2736 1951 2963 2039 coepit
3015 1952 3130 2026 in-

580 2055 794 2120 stare,
855 2053 934 2109 ut
981 2040 1178 2109 filioli
1225 2041 1449 2132 ipsius
1509 2042 1971 2110 misereretur.
2039 2045 2336 2110 Cernens
2385 2040 2598 2141 igitur
2643 2040 2747 2106 vir
2796 2040 2909 2108 Dei
2961 2039 3132 2110 fidei

577 2130 729 2219 ejus
778 2129 1234 2198 constantiam
1266 2183 1285 2209 ,
1342 2129 1563 2220 digito
1621 2129 1839 2220 tetigit
1888 2128 2194 2219 linguam
2250 2150 2494 2220 pueri,
2566 2142 2632 2198 et
2678 2127 2795 2196 ille
2845 2148 3001 2198 mox
3053 2130 3127 2198 in

581 2219 783 2288 verba
832 2217 1167 2308 prorupit.
2539 2215 2574 2266 ἱ

665 2310 701 2394 ἓ
747 2311 879 2379 12.
934 2308 1242 2378 Habebat
1272 2307 1766 2377 monasterium
1797 2307 1926 2376 viri
1976 2306 2091 2376 Dei
2140 2306 2377 2376 caulas
2416 2306 2646 2375 ovium
2682 2306 2940 2393 quibus
2970 2305 3148 2397 lupi

575 2395 772 2481 valde
820 2408 1015 2465 erant
1064 2395 1315 2466 infesti.
1352 2395 1612 2465 Accidit
1658 2395 1959 2482 quodam
1994 2394 2130 2473 die,
2162 2407 2237 2464 ut
2263 2416 2342 2465 ex
2375 2395 2547 2485 ipsis
2643 2416 2769 2464 ene
2799 2393 3130 2465 faucibus

576 2483 720 2576 lupi
752 2500 1006 2576 „pastor
1052 2484 1394 2556 oviculam
1443 2496 1774 2575 ereptam,
1810 2484 1895 2554 ad
1933 2483 2142 2575 pedes
2170 2484 2393 2555 sancti
2420 2484 2547 2553 viri
2626 2496 2950 2573 eponeret
2966 2485 3125 2575 jam

576 2573 1059 2664 praefocatam.
1101 2574 1221 2643 Ille
1260 2595 1413 2643 mox
1453 2573 1538 2643 ad
1582 2573 2009 2665 precandum
2066 2573 2433 2644 Dominum
2484 2595 2884 2655 conversu8‚
2919 2595 3130 2664 prece

574 2663 912 2743 absoluta,
952 2661 1317 2753 pastoralis
1366 2663 1595 2753 virgae
1627 2674 1929 2733 extrema
1963 2673 2153 2754 parte
2181 2662 2400 2753 tangit
2432 2683 2650 2743 ovem,
2686 2674 2751 2731 et
2779 2661 2932 2753 ipso
2957 2684 3131 2732 con-

574 2764 756 2821 tactu
807 2751 1075 2821 reducit
1122 2752 1208 2820 ad
1259 2752 1491 2820 vitam.
1528 2757 1716 2835 Quae
1762 2773 1925 2820 cum
1975 2750 2062 2821 ad
2113 2773 2321 2821 suum
2352 2771 2628 2842 gregem
2679 2751 2951 2820 cunctis
2989 2753 3129 2821 mi-

574 2841 891 2910 rantibus
940 2840 1243 2931 abiisset,
1296 2841 1511 2910 oravit
1548 2841 1662 2915 ‚vir
1711 2852 1992 2911 sanctus
2055 2840 2451 2921 Dominum,
2489 2852 2564 2908 ut
2614 2839 2860 2928 lupum
2916 2837 3126 2908 illum

566 2929 840 3018 juberet
878 2928 965 2997 ad
1015 2950 1086 2998 se
1136 2950 1211 2997 ve
1273 2928 1285 2940 '
1330 2951 1388 2998 e.
1422 2934 1497 2997 Et
1530 2951 1687 2998 ecce
1720 2928 2039 2997 adventat
2065 2928 2277 3019 lupus
2304 2927 2680 2998 domestico
2719 2948 2891 2996 cane
2918 2926 3128 2997 blan-

573 3017 747 3098 dior,
795 3017 1085 3086 recentis
1133 2951 1692 3174 adfflffraedae
1741 3017 2079 3108 sanguine
2120 3016 2439 3097 infectus»,
2474 3030 2540 3086 et
2580 3014 2760 3084 male
2793 3015 2926 3086 sibi
2958 3038 3131 3086 con-

571 3105 783 3185 scius,
821 3105 917 3174 ad⁴
962 3104 1167 3194 pedes
1217 3107 1304 3176 ho
1412 3106 1520 3177 nis
1562 3107 1676 3175 Dei
1711 3127 1780 3176 se
1831 3106 2223 3195 prosternit,
2264 3118 2592 3193 tanquam
2625 3126 2747 3194 pro
2778 3103 3129 3175 maleficio

540 3194 1075 3272 satisfacturus.
1119 3198 1407 3284 Stupent
1454 3206 1847 3284 praesentes
1877 3212 2141 3275 omneS,
2185 3207 2250 3263 et
2296 3194 2540 3265 erectis
2565 3193 2632 3262 in
2672 3191 2941 3262 coelum
2971 3215 3129 3263 ma-

572 3283 804 3363 nibus,
861 3288 1073 3375 Deum
1127 3282 1331 3352 laude
1386 3295 1451 3351 et
1500 3282 2007 3372 praedicatione
2053 3283 2369 3353 efferunt.
2425 3288 2594 3352 Tum
2646 3281 2750 3350 vir
2791 3295 3122 3353 sanctus:

572 3371 876 3453 Recede,
950 3370 1218 3458 inquit,
1293 3385 1579 3441 cruenta
1625 3372 1841 3441 bestia
1873 3426 1888 3453 ‚
1941 3384 2006 3440 et
2052 3371 2290 3441 desine
2337 3392 2489 3441 esse
2536 3369 2827 3441 infestus
2875 3370 3127 3441 ovibus

572 3461 848 3530 nostris.
906 3459 1069 3529 Ilico
1105 3459 1314 3550 lupus
1367 3473 1692 3547 tanquam
1727 3460 1796 3529 in
1824 3481 2017 3529 ovem
2049 3466 2355 3547 mutatus
2389 3458 2641 3530 recedit
2683 3470 3120 3542 mansuetuS‚

569 3562 635 3618 et
731 3549 803 3618 ui
852 3550 1047 3640 prius
1088 3571 1247 3618 oves
1286 3547 1694 3639 diripuerat,
1726 3550 1873 3639 Jam
1928 3548 2067 3619 illis
2100 3548 2176 3618 fit
2235 3547 2579 3640 praesidio
2626 3560 2866 3617 contra
2916 3547 3126 3638 lupos

569 3652 635 3707 et
681 3571 861 3707 fferas
911 3637 1198 3718 belluas,
1254 3636 1514 3707 sortiter
1562 3637 1717 3707 illas
1781 3659 2255 3729 propugnans.
2322 3638 2548 3707 Alium
2599 3635 2806 3706 etiam
2869 3636 3123 3725 lupum

568 3727 674 3795 vir
722 3739 1005 3796 sanctus
1053 3725 1124 3794 in
1177 3748 1341 3815 agro
1373 3726 1543 3796 vidit
1589 3726 1968 3817 aegerrime
1998 3726 2450 3796 incedentem.
2506 3725 2823 3796 Misertus
2861 3724 3126 3795 bestiae

567 3814 1048 3886 sciscitabatur
1076 3835 1156 3883 ex
1188 3836 1266 3884 eo
1293 3814 1430 3884 alta
1480 3837 1662 3896 voce,
1718 3814 1884 3903 quid
1926 3815 2059 3905 ipsi
2090 3815 2255 3885 mali
2283 3814 2670 3884 accidisset.
2705 3818 2939 3971 [υξυε
2966 3827 3125 3883 tan-

565 3925 776 3990 quam
827 3904 979 3992 ejus
1022 3903 1225 3972 verba
1257 3917 1434 3974 esset
1464 3918 1847 3983 assecutus,
1884 3916 1961 3975 ut
2035 3904 2796 3979 otuitaccessit,venera
2849 3902 3116 3984 undus,

567 3992 954 4082 pedemque
1002 3992 1207 4082 spina
1234 4006 1733 4083 compunctum
1763 4005 1951 4062 osten
2009 4014 2155 4073 enS‚
2192 3991 2555 4062 videbatur
2580 4011 2778 4081 opem
2811 4013 3119 4081 poscere.

564 4086 732 4150 Tum
786 4081 889 4150 vir
930 4082 1042 4150 Dei
1096 4081 1349 4172 pedum
1402 4080 2167 4172 admovens-pedieJuS,
2202 4102 2340 4167 quo
2390 4102 2585 4151 ovem
2626 4079 2978 4160 excitarat,
3020 4082 3122 4151 ait

565 4170 650 4239 ad
704 4169 1115 4239 Dominum:
1169 4170 1501 4240 Homines
1549 4182 1612 4239 et
1650 4170 1971 4260 jumenta
2004 4169 2306 4240 salvabis
2332 4168 2655 4239 Domine:
2700 4179 2765 4238 et
2791 4168 3127 4260 evestigio

528 4273 854 4335 ,sanatus
902 4272 1004 4328 est
1052 4259 1287 4349 lupus,
1322 4258 1541 4329 ‚Iussit
1589 4270 1820 4328 autem
1864 4258 1968 4327 vir
1997 4258 2136 4338 Dei,
2168 4270 2244 4327 ut
2272 4257 2538 4328 nullam
2568 4256 2896 4348 deinceps
2926 4280 3126 4328 crea-

565 4359 790 4417 turam
846 4346 1234 4417 infestaret:
1275 4347 1530 4417 victum
1573 4347 1710 4418 sibi
1756 4360 2030 4438 caperet
2076 4368 2156 4416 ex
2196 4346 2408 4417 foeno
2443 4360 2508 4416 et
2556 4346 2855 4434 siliquiS,
2910 4360 3127 4433 atque

573 4437 664 4506 ita
713 4450 975 4507 servata
1044 4436 1479 4517 innocentia,
1544 4436 1849 4505 tenderet
1914 4435 2000 4505 ad
2073 4438 2444 4505 commu'ne
2503 4436 2743 4505 mortis
2806 4434 3121 4505 debitum
