3357 4995
202 345 389 410 JUNII
437 347 476 409 5
851 364 928 410 ns
977 364 1035 411 5.
1088 362 1422 411 aomrAmo
1470 362 1669 412 nerse.
1723 364 1798 410 m·
1847 363 2035 410 mar.
2505 347 2618 411 1141

210 460 275 515 ut
325 448 397 518 ad
444 449 598 549 ejus
646 448 1115 536 exequendam
1177 449 1598 519 voluntatem
1651 449 1786 539 ipsi
1837 447 2046 517 velint
2093 447 2494 537 adjumento
2542 472 2712 519 esse.

212 537 542 608 Pei-multis
590 551 823 607 autem
874 559 1019 609 sese
1083 537 1367 607 adeam
1440 560 1580 607 rem
1638 537 2193 627 promptissimos
2241 537 2711 618 offerentibus,

211 625 382 713 elegit
423 648 505 695 ex
552 627 654 695 eis
718 627 936 716 magis
1008 625 1336 707 idoneos,
1395 628 1719 713 misitque
1768 626 2019 715 partim
2074 625 2411 706 navibus,
2469 629 2717 716 partim
2791 649 2806 662 ·

210 715 373 799 equis
420 715 783 784 subvectos
842 715 964 801 qui
1026 717 1246 785 sancti
1296 716 1424 786 viri
1471 738 1727 806 corpus
1774 736 1813 783 a
1861 714 2413 804 'trajectensibus
2465 728 2723 804 repete-

208 816 348 871 rent.
384 804 509 874 Sed
546 825 707 872 cum
757 804 1219 893 Trajectenses
1255 804 1532 873 illorum
1567 803 1842 905 cognito
1890 803 2189 872 adventu
2237 825 2384 872 sese
2433 803 2572 873 illis
2604 826 2724 893 op-

205 905 530 979 ponerent,
598 913 722 963 nec
786 904 1009 962 tamen
1062 905 1288 962 tantae
1341 893 1770 963 multitudini
1821 914 1892 961 se
1941 913 2142 982 pares
2189 913 2338 961 esse
2371 891 2717 972 viderent,

198 982 529 1134 protestati
581 994 765 1061 sunt,
820 1004 859 1050 a
911 981 1152 1071 Pipino
1200 1004 1358 1072 rege
1406 983 1691 1071 jussum
1739 1002 1911 1080 esse,
1960 1002 2045 1050 ne
2092 1002 2346 1070 corpus
2395 985 2461 1050 S.
2522 982 2724 1050 Boni-

219 1070 329 1137 acii
382 1071 547 1138 inde
606 1069 979 1140 tolleretur.
1035 1070 1227 1152 Quod
1280 1093 1439 1140 cum
1492 1070 1553 1140 le
1606 1071 1696 1139 ati
1748 1070 2301 1139 commentitium
2373 1082 2716 1172 putarent,

196 1159 331 1228 totis
364 1159 636 1228 viribus
677 1158 744 1226 id
795 1160 1105 1248 aggressi
1153 1172 1317 1229 sunt
1364 1160 1450 1229 ad
1500 1182 1536 1229 e
1591 1172 1816 1229 ectum
1848 1158 2246 1248 perducere,
2282 1180 2487 1247 quus
2511 1162 2724 1228 causa

192 1267 259 1314 eo
297 1260 645 1324 venerant,
682 1247 931 1316 virtute
979 1247 1216 1316 divina
1253 1270 1370 1318 eos
1417 1248 1896 1340 confirmante,
1936 1260 2014 1316 ut
2055 1248 2164 1316 sui
2208 1247 2339 1316 voti
2373 1260 2724 1348 compotes

193 1334 437 1405 fierent.
516 1336 797 1405 Interim
851 1336 1098 1407 decor
1148 1359 1265 1406 ore
1312 1359 1506 1408 sacro
1554 1337 1883 1423 utrinque
1935 1334 2071 1404 illis
2117 1336 2717 1413 contendentibus,

193 1446 521 1514 campana
568 1424 916 1505 ecclesiae,
976 1424 1093 1496 nul
1129 1448 1166 1494 o
1210 1439 1544 1498 movente,
1588 1425 1922 1495 insonuit.
1961 1424 2153 1506 Quod
2206 1424 2567 1496 audientes
2616 1426 2723 1492 in-

193 1513 361 1582 colae
386 1515 513 1600 qui
564 1513 651 1581 ad
703 1535 1006 1604 pugnam
1043 1537 1114 1584 se
1149 1528 1578 1604 paraverant,
1622 1527 1796 1584 nutu
1831 1513 2062 1581 divino
2101 1513 2463 1602 perterriti,
2503 1514 2723 1582 sancti

194 1601 305 1669 viri
338 1624 597 1692 corpus
650 1602 1035 1691 petentibus
1069 1603 1497 1673 reddendum
1549 1614 1995 1673 censuerunt.
2036 1605 2249 1687 Atque
2299 1601 2392 1671 ita
2439 1624 2724 1671 venera-

192 1688 351 1760 biles
388 1691 495 1760 illi
549 1690 754 1781 legati
787 1713 1061 1761 sacrum
1098 1714 1351 1782 corpus
1386 1691 1764 1762 honorifice
1809 1703 1873 1760 et
1922 1691 2072 1759 sine
2103 1690 2595 1780 remigantium
2626 1689 2725 1760 la-

193 1777 341 1848 bore
374 1780 729 1849 tricesimo
777 1780 863 1849 ab
910 1780 1105 1852 obitu
1133 1784 1284 1872 ejus
1333 1782 1444 1850 die
1495 1781 1915 1871 Moguntiam
1946 1778 2361 1849 attulerunt:
2402 1779 2486 1849 ad
2519 1801 2723 1866 quem

194 1866 388 1948 diem,
431 1868 722 1959 perinde
769 1869 910 1938 acsi
961 1869 1124 1939 huic
1181 1871 1276 1939 rei
1337 1870 1784 1960 praestitutus
1833 1867 2099 1948 fuisset,
2134 1868 2334 1937 multi
2365 1870 2727 1955 utriusque

193 1977 381 2028 sexus
428 1957 641 2026 etiam
680 1957 918 2046 procul
968 1956 1316 2048 degentes,
1369 1960 1844 2028 confluxerant
1903 1978 1983 2025 eo
2032 1957 2289 2037 animo,
2348 1970 2425 2026 ut
2469 1957 2724 2046 legatos

190 2058 638 2135 expectarent,
694 2044 795 2114 vel
831 2060 1269 2117 occurrerent
1310 2048 1768 2126 venientibuS,
1810 2044 1984 2114 nihil
2026 2046 2357 2134 comperti
2394 2046 2726 2115 habentes

191 2134 266 2202 de
302 2135 525 2204 sancti
578 2135 886 2222 corporis
933 2135 1253 2205 adventu.
1296 2137 1551 2206 Pariter
1597 2136 1804 2205 etiam
1844 2157 1882 2203 e
1930 2135 2118 2224 regia
2166 2135 2402 2204 chorte
2450 2135 2727 2203 advenit

192 2224 618 2293 venerandus
664 2223 935 2312 praesul
1005 2225 1261 2302 Lullus,
1321 2225 1477 2296 licet
1526 2225 1874 2325 ignoraret
1931 2224 2288 2292 revertisse
2355 2244 2519 2292 suos
2567 2244 2726 2293 cum

190 2333 374 2381 sacro
437 2313 750 2402 pignore.
821 2317 1100 2382 Factum
1166 2327 1267 2383 est
1332 2316 1457 2383 hoc
1514 2313 1790 2382 divinae
1841 2311 2313 2402 providentiae
2360 2312 2727 2402 dispensa-

192 2401 384 2480 tione,
424 2414 505 2471 ut
559 2401 813 2490 pariter
843 2403 1321 2472 convenientes
1377 2402 1503 2483 illi,
1545 2401 1808 2488 quibus
1855 2401 2138 2470 amissio
2188 2400 2357 2469 tanti
2409 2400 2620 2489 patris
2666 2412 2731 2468 et

192 2487 482 2560 doctoris
549 2511 879 2579 magnum
933 2513 1313 2561 moerorem
1362 2490 1708 2572 attulerat,
1756 2490 2113 2561 communi
2160 2511 2436 2576 quoque
2477 2487 2732 2558 laetitia

193 2579 768 2667 perfunderentur
813 2579 999 2667 quod
1048 2602 1207 2650 eum
1249 2593 1657 2671 perpetuum
1712 2579 1898 2670 apud
1955 2584 2163 2649 Deum
2225 2592 2591 2669 patronum
2625 2599 2732 2645 es-

195 2680 330 2737 sent
364 2667 701 2739 habituri.

272 2758 307 2843 ξ
352 2763 508 2830 12.
564 2757 758 2825 Tanti
809 2756 1021 2847 igitur
1069 2757 1373 2827 thesauri
1477 2758 1715 2847 ignore
1743 2768 2047 2846 accepte,
2097 2754 2424 2846 permulti
2451 2761 2735 2855 Mogun-

201 2844 490 2915 tinenses
525 2845 899 2914 censebant
947 2844 1090 2914 illic
1140 2845 1400 2915 human
1456 2867 1576 2916 um
1607 2867 1780 2926 esse,
1819 2846 1940 2916 ubi
1975 2846 2078 2913 vir
2125 2858 2408 2915 sanctus
2458 2850 2735 2934 Episco—

205 2952 351 3020 pum
394 2934 676 3024 egisset.
730 2934 1011 3021 Ajebant
1044 2935 1111 3003 id
1153 2936 1274 3023 jus
1322 2958 1472 3005 esse
1530 2936 1846 3004 omnium
1888 2934 2369 3013 ecclesiarum,
2424 2947 2500 3003 ut
2548 2957 2587 3001 a
2642 2932 2735 3000 ud

202 3022 415 3091 sedem
471 3044 670 3092 suam
734 3021 1125 3095 condantur
1171 3025 1531 3093 antistites.
1588 3029 1666 3093 Et
1714 3024 1995 3109 quidem
2048 3022 2443 3109 usqueadeo
2506 3023 2594 3093 ist
2650 3044 2736 3090 uc

201 3108 687 3179 affirmantium
739 3112 1074 3180 sententia
1174 3111 1527 3192 raeva‘luit‚
1575 3126 1647 3181 ut
1699 3112 2202 3202 propemodum
2236 3112 2441 3181 etiam
2478 3116 2542 3180 S.
2577 3111 2737 3180 Lul-

204 3194 301 3268 lus
349 3198 524 3288 ipsis
583 3200 969 3269 consentire
1037 3201 1401 3281 vieretur.
1459 3200 1585 3270 Sed
1650 3201 1928 3270 cuidam
2000 3200 2374 3269 venerabili
2439 3201 2737 3269 Diacono

204 3287 461 3357 Otberto
512 3292 579 3355 S.
650 3286 1040 3358 Bonifacius
1092 3310 1211 3379 per
1259 3290 1482 3361 visum
1554 3310 1943 3379 apparenS,
2016 3289 2149 3357 ait:
2226 3291 2339 3358 Dic
2400 3290 2738 3378 Episcopo

207 3374 406 3456 Lullo,
461 3388 538 3445 ut
592 3376 740 3446 sine
789 3375 933 3447 ulla
982 3378 1430 3448 haesitatione
1478 3399 1735 3469 corpus
1802 3399 2036 3447 meum
2102 3377 2189 3446 ad
2242 3377 2739 3446 monasterium

205 3482 421 3533 meum
473 3464 861 3553 transferat.
916 3465 1145 3534 Multis
1194 3480 1422 3537 autem
1477 3467 1641 3536 huic
1688 3466 1940 3537 visioni
1990 3465 2196 3535 fidem
2242 3488 2378 3535 non
2431 3486 2741 3535 commo-

205 3548 543 3633 dantibus,
603 3553 841 3625 Lullus
889 3554 1271 3645 Episcopus
1319 3555 1405 3625 ad
1457 3568 1855 3625 sanctorum
1909 3553 2236 3642 reliquias
2263 3553 2476 3624 voluit
2505 3553 2772 3623 Other--

207 3650 338 3709 tum
372 3642 636 3729 jurare,
680 3664 751 3711 se
800 3664 935 3712 non
990 3644 1126 3712 nisi
1175 3666 1330 3713 vera
1380 3644 1592 3731 loqui.
1645 3642 1837 3726 Quod
1883 3666 2043 3713 cum
2098 3641 2214 3712 ille
2262 3643 2743 3712 incunctanter

209 3725 483 3812 fecisset,
522 3751 761 3799 omnes
811 3753 967 3801 mox
1014 3733 1085 3801 in
1134 3754 1284 3801 eam
1337 3734 1474 3802 iere
1505 3732 1939 3812 sententiam,
1977 3744 2052 3801 ut
2101 3731 2187 3800 ad
2241 3732 2742 3802 monasterium

210 3819 699 3888 transferretur.
747 3824 982 3905 Itaque
1031 3821 1148 3889 alii
1201 3843 1406 3890 naves
1445 3820 1911 3901 adducebant,
1947 3820 2205 3907 quibus
2256 3841 2533 3890 sacrum
2588 3841 2740 3889 cor-

212 3924 329 3993 pus
376 3908 762 3988 veheretur,
807 3907 925 3976 alii
989 3921 1308 3978 sanctum
1376 3908 1587 3978 funus
1645 3909 1922 3990 litania,
1981 3908 2394 3998 psalmodia,
2449 3909 2743 3996 aliisque

212 3995 417 4064 sacris
459 3996 895 4066 carminibus
952 4010 1017 4066 et
1077 3998 1366 4067 canticis
1417 3997 2036 4087 prosequebantur.
2099 4002 2311 4084 Atque
2359 3997 2515 4068 aliis
2564 3998 2744 4066 rece'·

211 4079 545 4165 dentibus,
592 4084 710 4154 alii
740 4106 819 4169 ex
870 4085 1116 4155 vicinis
1149 4086 1316 4155 locis
1347 4086 1832 4166 succedebant,
1866 4085 2199 4156 laetantes
2227 4108 2296 4155 se
2327 4085 2516 4156 illius
2547 4107 2746 4155 sacro

213 4174 472 4261 corpori
521 4194 722 4273 posse
769 4174 1087 4244 exhibere
1126 4174 1436 4255 comiteS,
1494 4197 1700 4262 quem
1746 4196 1881 4244 non
1933 4174 2331 4245 dubitarent
2383 4173 2568 4265 apud
2622 4178 2748 4243 Do-

215 4260 472 4330 minum
523 4263 696 4351 ipsis
753 4263 1142 4365 suffragari.
1183 4268 1368 4346 Quae
1406 4276 1563 4334 ver‘o
1613 4263 1868 4333 laetitia
1922 4276 1987 4333 et
2035 4264 2250 4333 animi
2300 4263 2746 4364 compunctio

214 4344 289 4413 de
320 4350 503 4445 ‚tanti
553 4350 680 4419 viri
780 4353 1109 4422 atrocinio
1161 4350 1526 4443 permultis
1574 4353 1813 4422 oborta
1861 4352 1971 4433 sit,
2032 4373 2159 4422 nos
2220 4373 2344 4442 pro
2412 4352 2746 4452 dignitate

215 4450 455 4526 scripto
520 4460 723 4530 comp
754 4441 884 4511 ecti
928 4463 1060 4510 non
1113 4441 1445 4512 valemus.
1492 4447 1567 4511 Et
1615 4453 1795 4512 certe
1854 4441 2114 4529 aliquot
2163 4440 2355 4522 locis,
2408 4440 2530 4511 ub1
2578 4461 2740 4510 cum
