3357 4995
710 339 791 403 54
1170 355 1510 420 mansur.
1566 356 1657 403 SS.
1714 356 1826 404 mu.
1883 357 2063 404 parm
2109 356 2185 403 ar
2232 353 2608 404 mancam-im
2853 337 3073 403 JUNII
3122 337 3167 401 2

620 439 729 511 his
780 439 987 521 horiS,
1039 440 1295 527 quibus
1344 439 1459 509 ille
1508 439 1804 511 febrium
1840 441 2146 511 aestibus
2197 440 2579 521 tenebatur,
2622 439 2750 511 iter
2788 461 2990 531 agere
3023 460 3165 509 non

621 540 1012 619 potuerunt.
1063 533 1271 599 Erant
1315 530 1501 598 enim
1562 530 1789 619 pauci,
1852 552 1932 599 ac
1980 552 2100 621 per
2153 530 2283 600 hoc
2348 531 2436 600 ab
2497 529 2794 600 invicem
2854 528 3170 618 separari

622 616 964 688 nolebant.
1013 621 1320 704 Cumque
1367 617 1497 687 hoc
1544 618 1987 690 incommodo
2034 619 2162 688 iter
2210 617 2492 688 illorum
2542 639 2679 688 non
2726 616 3168 688 mediocriter

620 706 862 777 fuisset
923 705 1386 786 retardatum,
1444 704 1546 775 illi
1599 718 1825 776 tamen
1895 721 2099 798 prout
2159 719 2473 797 poterant
2532 706 2707 776 illud
2779 706 3167 789 accelerare

619 794 1128 869 contenderent.
1183 794 1408 865 tribus
1454 792 1702 866 diebus
1750 797 2161 886 priusquam
2208 794 2296 865 ad
2339 795 2589 865 Urbem
2653 795 2988 877 venirent,
3039 815 3168 884 ap-

621 885 851 974 paruit
896 885 969 954 in
1018 884 1173 974 visu
1200 882 1305 952 illi
1335 883 1753 953 febricitanti
1806 884 2102 972 quidam,
2159 884 2366 954 homo
2414 884 2486 953 in
2548 883 2796 975 habitu
2850 883 3159 964 Diaconi‚

619 973 1027 1062 perquirens
1074 973 1162 1042 ab
1208 993 1312 1052 eo,
1358 976 1577 1059 'quam
1626 973 1715 1042 ob
1765 995 1908 1043 rem
1947 973 2278 1043 dominus
2317 995 2490 1044 suus
2523 977 2810 1043 Romam
2848 972 2946 1042 ire
2977 970 3169 1041 festi-

617 1065 862 1131 naret?
908 1061 1029 1132 Cui
1078 1081 1239 1130 cum
1275 1058 1392 1129 ille
1438 1071 1502 1130 et
1585 1061 1882 1132 romissa
1931 1062 2209 1131 Diaconi
2255 1061 2341 1131 de
2390 1060 2701 1162 reliquiis
2752 1065 3165 1131 Sanctorum

618 1151 793 1219 mihi
841 1148 1220 1230 mittendis,
1293 1160 1358 1219 et
1405 1147 1491 1218 de
1598 1150 1657 1219 is
1704 1172 1885 1238 quae
1931 1150 2255 1220 Hildoino
2312 1150 2554 1220 Abbati
2602 1149 2956 1251 pollicitus
3009 1159 3160 1230 est,
3216 1184 3222 1189 ·

618 1252 822 1396 prout
868 1239 971 1307 illi
1020 1249 1371 1327 comperta
1415 1251 1633 1320 erant,
1683 1250 2085 1341 exponeret:
2153 1243 2297 1309 Non
2346 1239 2464 1320 ita,
2531 1250 2684 1320 erit,
2736 1237 2985 1326 inquit,
3041 1238 3165 1308 sed

646 1350 822 1419 onge
868 1326 1093 1407 aliter:
1132 1348 1211 1395 ac
1259 1347 1378 1396 vos
1424 1326 1853 1409 existimatis,
1907 1349 2278 1399 causarum
2315 1339 2595 1419 propter
2639 1348 2813 1415 quas
2869 1326 3161 1397 venistis

613 1418 835 1487 exitus
881 1414 1397 1506 adimplebitur.
1452 1420 1617 1485 Nam
1669 1417 2013 1487 Diaconus
2058 1416 2209 1497 iste,
2253 1415 2375 1504 qui
2424 1438 2544 1487 vos
2593 1421 2880 1487 Romam
2930 1414 3166 1485 venire

616 1505 903 1596 rogavit,
954 1516 1075 1574 aut
1115 1525 1361 1595 parum
1398 1517 1519 1573 aut
1550 1504 1725 1575 nihil
1776 1504 1861 1575 de
1910 1505 2042 1586 his,
2087 1526 2265 1593 quae
2304 1504 2497 1576 vobis
2551 1503 2891 1594 promisit,
2944 1503 3167 1574 factu-

617 1617 736 1663 rus
783 1607 921 1665 est:
976 1615 1055 1663 ac
1105 1591 1396 1683 proinde
1424 1591 1576 1662 volo
1624 1594 1939 1681 sequaris
1987 1615 2119 1675 me,
2159 1605 2363 1681 atque
2408 1615 2490 1667 ea
2535 1614 2714 1681 quae
2762 1592 2887 1662 tibi
2936 1605 3166 1664 osten-

618 1704 825 1752 surus
863 1694 1067 1769 atque
1112 1680 1429 1769 dicturus
1462 1702 1643 1762 sum,
1697 1695 1924 1752 mente
1963 1682 2229 1753 solicita
2276 1703 2478 1753 cures
2524 1682 2896 1752 advertere.
2999 1727 3018 1746 .
3122 1687 3126 1692 ’

703 1774 737 1859 ξ
787 1776 891 1844 1:
925 1776 1115 1841 Tunc
1137 1791 1352 1839 manu
1372 1770 1978 1861 comprehensum.
2006 1784 2082 1841 ut
2104 1770 2232 1843 sibi
2265 1769 2649 1852 videbatur,
2687 1770 2942 1840 montis
2965 1790 3167 1859 prae-

615 1859 780 1930 celsi
809 1880 1139 1929 cacumen
1183 1880 1420 1928 secum
1469 1859 1932 1930 conscendere
1964 1858 2158 1930 fecit:
2204 1860 2275 1929 in
2314 1881 2453 1947 quo
2490 1881 2649 1929 cum
2692 1857 2906 1928 simul
2955 1858 3165 1949 positi

615 1949 1089 2019 consisterent:
1137 1952 1557 2029 Convertere,
1610 1948 1862 2036 inquit,
1914 1947 2002 2018 ad
2051 1949 2422 2030 Orientem,
2459 1959 2526 2019 et
2557 1947 2905 2038 subJectos
2937 1946 3167 2017 oeulis

618 2039 754 2107 tuis
803 2059 1088 2126 campos
1142 2037 1434 2105 intuere.
1489 2037 1684 2119 Quod
1726 2060 1889 2107 cum
1939 2036 2233 2118 fecisset,
2295 2050 2361 2107 et
2407 2058 2715 2126 campOS,
2768 2035 2855 2107 de
2900 2035 3166 2123 quibus

617 2127 752 2195 sibi
788 2126 1072 2206 dixerat,
1106 2123 1349 2196 fuisset
1369 2125 1689 2219 intuitus,
1723 2125 2002 2195 videtin
2032 2126 2133 2195 eis
2167 2125 2370 2197 molis
2408 2125 2791 2195 immensae
2830 2123 3160 2204 fabricas,

616 2216 682 2283 in
738 2213 1022 2285 niodum
1066 2234 1359 2304 magnae
1403 2214 1772 2303 cujusdam
1823 2213 2119 2285 civitatis
2165 2226 2540 2285 extructas:
2595 2225 2662 2283 et
2691 2213 3167 2303 interrogatus

615 2305 701 2373 ab
748 2325 852 2385 eo,
906 2303 966 2373 si
1014 2302 1218 2372 sciret
1263 2301 1430 2389 quid
1467 2303 1597 2372 hoc
1643 2307 1867 2374 esset?
1905 2325 1977 2373 se
2026 2302 2291 2374 nescire
2338 2301 2716 2393 respondit.
2772 2307 2944 2371 Tum
2995 2301 3158 2370 llle:

618 2397 834 2463 Roma
880 2404 1017 2472 est,
1069 2391 1317 2478 inquit,
1373 2391 1558 2479 quod
1616 2391 1830 2473 vides,
1884 2392 2253 2479 statimque
2299 2391 2589 2471 addidit,
2645 2391 2783 2460 Diri
2836 2411 2876 2459 e
2922 2390 3167 2461 oculos

614 2482 685 2551 in
737 2481 1064 2553 ulteriora
1121 2480 1437 2562 civitatis,
1491 2492 1556 2550 et
1603 2480 2070 2572 contemplare
2132 2481 2191 2550 si
2237 2480 2473 2569 aliqua
2510 2478 2637 2551 tibi
2687 2480 2756 2550 in
2870 2478 2927 2551 is
2990 2478 3165 2553 locis

614 2584 944 2661 appareat
967 2569 1282 2641 ecclesia.
1311 2574 1477 2640 Cum
1528 2591 1619 2640 ue
1647 2570 1782 2640 sibi
1802 2569 2178 2657 quamdam
2201 2570 2676 2659 ecclesiamap
2731 2570 2923 2638 arere
2948 2566 3168 2640 dixis-

614 2673 749 2732 set:
803 2659 1020 2740 Vade,
1074 2659 1204 2739 ait,
1258 2670 1323 2728 et
1372 2664 1498 2730 Rat
1526 2659 1673 2729 eico
1722 2658 2007 2740 nuntia,
2060 2659 2513 2745 quoniam.in
2562 2658 2875 2736 eccesia,
2943 2678 3164 2744 quam

614 2750 816 2819 modo
867 2749 1122 2829 vidisti,
1166 2747 1287 2817 illa
1321 2770 1429 2817 res
1475 2760 1578 2818 est
1610 2746 1986 2828 recondita,
2024 2769 2232 2834 quam
2282 2746 2401 2816 ille
2439 2745 2722 2817 domino
2783 2766 2911 2817 suo
2959 2744 3169 2817 debet

612 2837 910 2907 adferre:
963 2849 1028 2907 et
1077 2836 1230 2907 ideo
1264 2835 1378 2907 det
1406 2858 1713 2927 operam,
1766 2848 1845 2906 ut
1890 2857 2040 2906 eam
2085 2849 2345 2923 quanto
2378 2835 2675 2906 celerius
2708 2834 2859 2904 fieri
2907 2847 3161 2923 potest,

613 2927 926 3082 accigiat,
980 2939 1045 2996 et
1099 2925 1186 2994 ad
1234 2924 1603 2996 dominum
1645 2947 1851 2995 suum
1896 2936 2294 2995 revertatur.
2356 2928 2663 3011 Cumque
2710 2922 3159 3004 ille.diceret,

610 3036 747 3101 quo
833 3036 1031 3084 nemo
1065 3013 1152 3084 de
1198 3013 1331 3095 his,
1383 3015 1520 3101 qui·
1560 3035 1794 3083 secum
1847 3025 2195 3093 venerant,
2242 3013 2311 3082 in
2366 3011 2768 3100 hujusmodi
2817 3033 2890 3081 re
2948 3011 3164 3082 fidem

613 3104 817 3174 dictis
879 3103 1025 3173 suis
1086 3113 1264 3172 esset
1312 3103 1704 3183 habiturus,
1761 3102 2115 3193 respondit
2160 3114 2225 3171 et
2272 3100 2481 3172 dixit:
2535 3106 2634 3170 Tu
2690 3101 2917 3182 nosti,
2970 3101 3163 3188 quod

613 3213 852 3260 omnes
893 3192 1035 3283 *qui
1110 3201 1337 3260 tecum
1388 3192 1519 3261 hoc
1566 3192 1694 3261 iter
1740 3203 1982 3283 agunt,
2039 3191 2163 3261 tibi
2208 3190 2470 3261 conscii
2517 3202 2702 3280 sunt,
2755 3189 2920 3276 quia
2968 3210 3164 3259 com-

614 3280 849 3369 plures
896 3279 1044 3349 dies
1094 3280 1164 3348 in
1199 3277 1387 3349 febre
1419 3279 1709 3349 tertiana
1746 3279 2096 3360 laborasti,
2149 3290 2214 3349 et
2253 3279 2562 3349 nondum
2617 3292 2679 3349 te
2727 3277 2834 3347 ab-
2863 3277 3002 3348 illis
3048 3278 3164 3348 ul-

615 3380 750 3438 lam
790 3368 1117 3438 babuisse
1147 3369 1648 3438 remissionem.
1706 3372 1783 3437 Et
1820 3367 1960 3448 ille,
2018 3373 2119 3438 Ita
2164 3380 2289 3450 est,
2326 3367 2575 3455 inquit,
2618 3380 2698 3437 ut
2736 3366 2937 3437 dicis.
2974 3370 3162 3449 Qua-

617 3469 917 3547 propter,
982 3456 1101 3537 ait,
1154 3456 1305 3526 volo
1358 3469 1438 3527 ut
1492 3478 1616 3547 pro
1683 3457 1883 3547 signo
1933 3456 2057 3527 tibi
2108 3457 2217 3537 sit,
2272 3469 2476 3544 atque
2525 3455 2636 3525 his
2666 3456 2925 3543 quibus
2952 3456 3165 3546 verba

610 3567 787 3633 quae
835 3544 978 3615 dixi
1026 3544 1371 3618 relaturus
1409 3567 1483 3615 es
1529 3546 1862 3633 quoniam
1910 3567 1993 3614 ex
2047 3545 2176 3614 hac
2232 3545 2426 3626 hora,
2495 3543 2706 3626 febre,
2743 3543 2898 3633 ‚qua
2935 3566 3163 3632 usque

614 3634 816 3703 modo
865 3633 1308 3714 detinebariS‚
1361 3635 1461 3705 sic
1504 3656 1634 3726 per
1670 3634 1784 3704 Dei
1818 3633 2362 3718 misericordiam
2407 3633 2755 3703 cariturus
2802 3655 2899 3714 eS,
2973 3646 3051 3702 ut
3099 3647 3164 3703 te

611 3721 905 3793 ulterius
954 3722 1027 3791 in
1077 3722 1206 3792 hoc
1256 3723 1496 3794 itinere
1543 3745 1680 3794 non
1732 3724 2109 3813 contingat.
2149 3722 2272 3792 His
2319 3721 2547 3804 dictis,
2612 3743 2690 3792 ex
2744 3720 3157 3813 ergefactUS‚

610 3812 868 3891 omnia,
921 3832 1099 3898 quae
1145 3812 1280 3882 sibi
1339 3811 1593 3883 vidisse
1651 3812 1753 3881 vel
1803 3810 2081 3881 audisse
2128 3811 2512 3892 videbatur,
2566 3815 2693 3881 Rat
2722 3811 2867 3882 eico
2908 3808 3164 3880 referre

611 3900 898 3971 curavit.
973 3905 1162 3983 Quae
1204 3923 1365 3971 cum
1418 3900 1767 3972 Ratleicus
1816 3899 2213 3991 presbytero
2271 3921 2507 3970 secum
2580 3899 2889 3990 pergenti
2953 3920 3163 3989 expo-

610 3991 892 4071 suisset,
938 3990 1163 4060 visum
1195 4002 1298 4060 est
1333 3989 1698 4072 ambobuS,
1743 4001 1822 4058 ut
1875 3988 2423 4079 experimentum
2485 3989 2713 4061 somni
2758 4010 2839 4060 ex
2876 3987 3163 4059 veritate

574 4079 992 4169 spromissae
1051 4079 1364 4149 sanitatis
1412 4101 1451 4148 a
1506 4078 1900 4168 probarent.
1966 4081 2134 4147 Nam
2182 4077 2424 4148 eadem
2473 4077 2585 4147 die
2613 4079 2812 4168 Juxta
2858 4076 3161 4166 qualita-

609 4181 742 4236 tem
784 4168 1111 4249 febrium,
1150 4167 1407 4255 quibus
1482 4166 1768 4236 aborare
1814 4178 2289 4260 consueverat,
2338 4165 2726 4237 febricitare
2758 4165 3052 4237 debebat
3099 4167 3160 4236 is

607 4257 729 4342 qui
766 4255 1442 4326 somniumviderat.
1498 4260 1575 4325 Et
1620 4266 1699 4324 ut
1737 4275 1873 4323 non
1906 4276 2084 4324 vana
2131 4254 2391 4337 illusio,
2445 4254 2561 4327 sed
2604 4255 2833 4345 potius
2867 4274 3025 4323 vera
3056 4276 3161 4323 re-

608 4344 851 4414 velatio
898 4344 1113 4417 fuisse
1159 4343 1655 4425 ostenderetur,
1704 4363 1928 4431 neque
1967 4342 2088 4412 illa
2145 4341 2280 4425 die,
2351 4364 2573 4431 neque
2618 4341 2925 4423 caeteris,
2978 4363 3158 4442 quae

609 4432 796 4502 illam
834 4447 1108 4506 secutae
1155 4445 1341 4513 sunt,
1380 4430 1604 4502 ullum
1656 4427 1726 4501 in
1790 4452 2077 4522 corpore
2123 4453 2252 4502 suo
2300 4444 2793 4504 consuetarum
2855 4429 3156 4502 febrium
