<?xml version="1.0" encoding="UTF-8"?>
<!DOCTYPE html PUBLIC "-//W3C//DTD XHTML 1.0 Transitional//EN"
    "http://www.w3.org/TR/xhtml1/DTD/xhtml1-transitional.dtd">
<html xmlns="http://www.w3.org/1999/xhtml" xml:lang="en" lang="en">
 <head>
  <title>
</title>
<meta http-equiv="Content-Type" content="text/html;charset=utf-8" />
  <meta name='ocr-system' content='tesseract 3.04.00' />
  <meta name='ocr-capabilities' content='ocr_page ocr_carea ocr_par ocr_line ocrx_word'/>
</head>
<body>
  <div class='ocr_page' id='page_1' title='image "./historiaeseuvit02lippgoog_0545.png"; bbox 0 0 3357 4995; ppageno 0'>
   <div class='ocr_carea' id='block_1_1' title="bbox 183 303 2643 401">
    <p class='ocr_par' dir='ltr' id='par_1_1' title="bbox 183 303 2643 401">
     <span class='ocr_line' id='line_1_1' title="bbox 183 303 2643 401; baseline 0.001 -2"><span class='ocrx_word' id='word_1_1' title='bbox 183 334 223 399; x_wconf 88' lang='lat' dir='ltr'>J</span> <span class='ocrx_word' id='word_1_2' title='bbox 232 333 405 400; x_wconf 90' lang='lat' dir='ltr'><strong>UNII</strong></span> <span class='ocrx_word' id='word_1_3' title='bbox 451 332 533 398; x_wconf 72' lang='lat'><strong>24</strong></span> <span class='ocrx_word' id='word_1_4' title='bbox 1024 351 1102 398; x_wconf 77' lang='lat' dir='ltr'><strong>nii</strong></span> <span class='ocrx_word' id='word_1_5' title='bbox 1150 351 1207 398; x_wconf 89' lang='lat' dir='ltr'><strong>S.</strong></span> <span class='ocrx_word' id='word_1_6' title='bbox 1261 349 1573 399; x_wconf 79' lang='lat' dir='ltr'><strong>Siiirmcio</strong></span> <span class='ocrx_word' id='word_1_7' title='bbox 1621 347 1918 397; x_wconf 69' lang='lat' dir='ltr'><strong>triscoro</strong></span> <span class='ocrx_word' id='word_1_8' title='bbox 2489 303 2643 401; x_wconf 75' lang='lat'><strong>&#39;529</strong></span> 
     </span>
    </p>
   </div>
   <div class='ocr_carea' id='block_1_2' title="bbox 181 433 2749 4506">
    <p class='ocr_par' dir='ltr' id='par_1_2' title="bbox 181 433 2739 2655">
     <span class='ocr_line' id='line_1_2' title="bbox 184 433 2726 529; baseline 0.002 -25"><span class='ocrx_word' id='word_1_9' title='bbox 184 457 321 504; x_wconf 91' lang='lat' dir='ltr'><strong>non</strong></span> <span class='ocrx_word' id='word_1_10' title='bbox 391 457 592 524; x_wconf 90' lang='lat' dir='ltr'><strong>passa</strong></span> <span class='ocrx_word' id='word_1_11' title='bbox 652 445 755 505; x_wconf 93' lang='lat' dir='ltr'><strong>est</strong></span> <span class='ocrx_word' id='word_1_12' title='bbox 801 458 841 505; x_wconf 99' lang='lat' dir='ltr'><strong>a</strong></span> <span class='ocrx_word' id='word_1_13' title='bbox 888 444 1109 505; x_wconf 89' lang='lat' dir='ltr'><strong>stratu</strong></span> <span class='ocrx_word' id='word_1_14' title='bbox 1179 435 1526 526; x_wconf 85' lang='lat' dir='ltr'><strong>pontificis</strong></span> <span class='ocrx_word' id='word_1_15' title='bbox 1604 433 2039 506; x_wconf 80' lang='lat' dir='ltr'><strong>submoveri=</strong></span> <span class='ocrx_word' id='word_1_16' title='bbox 2091 435 2209 505; x_wconf 90' lang='lat' dir='ltr'><strong>sed</strong></span> <span class='ocrx_word' id='word_1_17' title='bbox 2286 435 2358 505; x_wconf 92' lang='lat' dir='ltr'><strong>in</strong></span> <span class='ocrx_word' id='word_1_18' title='bbox 2406 436 2525 508; x_wconf 94' lang='lat' dir='ltr'><strong>illa</strong></span> <span class='ocrx_word' id='word_1_19' title='bbox 2595 461 2726 529; x_wconf 91' lang='lat' dir='ltr'><strong>pu-</strong></span> 
     </span>
     <span class='ocr_line' id='line_1_3' title="bbox 185 523 2733 614; baseline 0.003 -22"><span class='ocrx_word' id='word_1_20' title='bbox 185 523 407 594; x_wconf 81' lang='lat' dir='ltr'><strong>ritatis</strong></span> <span class='ocrx_word' id='word_1_21' title='bbox 443 523 787 606; x_wconf 89' lang='lat' dir='ltr'><strong>castitate,</strong></span> <span class='ocrx_word' id='word_1_22' title='bbox 839 546 978 611; x_wconf 90' lang='lat' dir='ltr'><strong>qua</strong></span> <span class='ocrx_word' id='word_1_23' title='bbox 1024 523 1255 614; x_wconf 80' lang='lat' dir='ltr'><strong>priuS‚</strong></span> <span class='ocrx_word' id='word_1_24' title='bbox 1307 524 1435 593; x_wconf 89' lang='lat' dir='ltr'><strong>viri</strong></span> <span class='ocrx_word' id='word_1_25' title='bbox 1474 523 1848 595; x_wconf 83' lang='lat' dir='ltr'><strong>castissimi</strong></span> <span class='ocrx_word' id='word_1_26' title='bbox 1891 535 2114 593; x_wconf 90' lang='lat' dir='ltr'><strong>torum</strong></span> <span class='ocrx_word' id='word_1_27' title='bbox 2160 523 2433 607; x_wconf 91' lang='lat' dir='ltr'><strong>adibat,</strong></span> <span class='ocrx_word' id='word_1_28' title='bbox 2487 548 2733 599; x_wconf 87' lang='lat' dir='ltr'><strong>secura</strong></span> 
     </span>
     <span class='ocr_line' id='line_1_4' title="bbox 187 610 2733 703; baseline 0.002 -23"><span class='ocrx_word' id='word_1_29' title='bbox 187 612 272 681; x_wconf 92' lang='lat' dir='ltr'><strong>de</strong></span> <span class='ocrx_word' id='word_1_30' title='bbox 305 612 723 684; x_wconf 86' lang='lat' dir='ltr'><strong>conscientia</strong></span> <span class='ocrx_word' id='word_1_31' title='bbox 772 612 1020 682; x_wconf 92' lang='lat' dir='ltr'><strong>mentis</strong></span> <span class='ocrx_word' id='word_1_32' title='bbox 1054 624 1354 694; x_wconf 88' lang='lat' dir='ltr'><strong>sanctae,</strong></span> <span class='ocrx_word' id='word_1_33' title='bbox 1394 612 1621 683; x_wconf 87' lang='lat' dir='ltr'><strong>sciens</strong></span> <span class='ocrx_word' id='word_1_34' title='bbox 1659 634 1735 684; x_wconf 90' lang='lat' dir='ltr'><strong>se</strong></span> <span class='ocrx_word' id='word_1_35' title='bbox 1770 610 1882 681; x_wconf 90' lang='lat' dir='ltr'><strong>uri</strong></span> <span class='ocrx_word' id='word_1_36' title='bbox 1921 633 2060 682; x_wconf 91' lang='lat' dir='ltr'><strong>non</strong></span> <span class='ocrx_word' id='word_1_37' title='bbox 2111 635 2313 703; x_wconf 91' lang='lat' dir='ltr'><strong>posse</strong></span> <span class='ocrx_word' id='word_1_38' title='bbox 2357 613 2445 684; x_wconf 91' lang='lat' dir='ltr'><strong>ab</strong></span> <span class='ocrx_word' id='word_1_39' title='bbox 2496 615 2733 687; x_wconf 90' lang='lat' dir='ltr'><strong>incen-</strong></span> 
     </span>
     <span class='ocr_line' id='line_1_5' title="bbox 187 700 2736 792; baseline 0.002 -22"><span class='ocrx_word' id='word_1_40' title='bbox 187 700 308 770; x_wconf 82' lang='lat' dir='ltr'><strong>tivi</strong></span> <span class='ocrx_word' id='word_1_41' title='bbox 360 701 537 792; x_wconf 87' lang='lat' dir='ltr'><strong>ignis</strong></span> <span class='ocrx_word' id='word_1_42' title='bbox 576 701 841 771; x_wconf 91' lang='lat' dir='ltr'><strong>ardore.</strong></span> <span class='ocrx_word' id='word_1_43' title='bbox 897 700 1026 771; x_wconf 93' lang='lat' dir='ltr'><strong>Sed</strong></span> <span class='ocrx_word' id='word_1_44' title='bbox 1076 723 1278 773; x_wconf 87' lang='lat' dir='ltr'><strong>saeva</strong></span> <span class='ocrx_word' id='word_1_45' title='bbox 1326 701 1685 771; x_wconf 91' lang='lat' dir='ltr'><strong>daemonis</strong></span> <span class='ocrx_word' id='word_1_46' title='bbox 1724 700 1987 770; x_wconf 91' lang='lat' dir='ltr'><strong>invidia</strong></span> <span class='ocrx_word' id='word_1_47' title='bbox 2024 713 2264 772; x_wconf 91' lang='lat' dir='ltr'><strong>contra</strong></span> <span class='ocrx_word' id='word_1_48' title='bbox 2311 715 2583 775; x_wconf 86' lang='lat' dir='ltr'><strong>sanctos</strong></span> <span class='ocrx_word' id='word_1_49' title='bbox 2616 705 2736 776; x_wconf 92' lang='lat' dir='ltr'><strong>Dei</strong></span> 
     </span>
     <span class='ocr_line' id='line_1_6' title="bbox 188 788 2729 883; baseline 0.002 -25"><span class='ocrx_word' id='word_1_50' title='bbox 188 788 521 880; x_wconf 88' lang='lat' dir='ltr'><strong>probrosa</strong></span> <span class='ocrx_word' id='word_1_51' title='bbox 566 790 812 861; x_wconf 89' lang='lat' dir='ltr'><strong>excitat</strong></span> <span class='ocrx_word' id='word_1_52' title='bbox 842 788 1046 872; x_wconf 92' lang='lat' dir='ltr'><strong>bella,</strong></span> <span class='ocrx_word' id='word_1_53' title='bbox 1075 801 1140 860; x_wconf 93' lang='lat' dir='ltr'><strong>et</strong></span> <span class='ocrx_word' id='word_1_54' title='bbox 1171 812 1348 878; x_wconf 91' lang='lat' dir='ltr'><strong>quae</strong></span> <span class='ocrx_word' id='word_1_55' title='bbox 1396 790 1730 861; x_wconf 91' lang='lat' dir='ltr'><strong>instinctu</strong></span> <span class='ocrx_word' id='word_1_56' title='bbox 1756 810 1883 860; x_wconf 92' lang='lat' dir='ltr'><strong>suo</strong></span> <span class='ocrx_word' id='word_1_57' title='bbox 1911 790 2265 861; x_wconf 88' lang='lat' dir='ltr'><strong>destruere</strong></span> <span class='ocrx_word' id='word_1_58' title='bbox 2314 812 2452 862; x_wconf 91' lang='lat' dir='ltr'><strong>non</strong></span> <span class='ocrx_word' id='word_1_59' title='bbox 2484 794 2729 883; x_wconf 91' lang='lat' dir='ltr'><strong>potuit,</strong></span> 
     </span>
     <span class='ocr_line' id='line_1_7' title="bbox 190 877 2736 969; baseline 0.002 -22"><span class='ocrx_word' id='word_1_60' title='bbox 190 878 432 948; x_wconf 91' lang='lat' dir='ltr'><strong>nititur</strong></span> <span class='ocrx_word' id='word_1_61' title='bbox 477 879 707 948; x_wconf 86' lang='lat' dir='ltr'><strong>verbis</strong></span> <span class='ocrx_word' id='word_1_62' title='bbox 750 878 1063 950; x_wconf 91' lang='lat' dir='ltr'><strong>subdolis</strong></span> <span class='ocrx_word' id='word_1_63' title='bbox 1133 878 1493 949; x_wconf 81' lang='lat' dir='ltr'><strong>infamare.</strong></span> <span class='ocrx_word' id='word_1_64' title='bbox 1554 878 1731 962; x_wconf 85' lang='lat' dir='ltr'><strong>Quid</strong></span> <span class='ocrx_word' id='word_1_65' title='bbox 1783 877 2042 969; x_wconf 79' lang='lat' dir='ltr'><strong>plura?</strong></span> <span class='ocrx_word' id='word_1_66' title='bbox 2091 884 2169 948; x_wconf 92' lang='lat' dir='ltr'><strong>In</strong></span> <span class='ocrx_word' id='word_1_67' title='bbox 2228 878 2347 949; x_wconf 91' lang='lat' dir='ltr'><strong>illo</strong></span> <span class='ocrx_word' id='word_1_68' title='bbox 2397 882 2736 952; x_wconf 91' lang='lat' dir='ltr'><strong>Dominici</strong></span> 
     </span>
     <span class='ocr_line' id='line_1_8' title="bbox 190 966 2737 1072; baseline 0.002 -37"><span class='ocrx_word' id='word_1_69' title='bbox 190 967 440 1038; x_wconf 84' lang='lat' dir='ltr'><strong>natalis</strong></span> <span class='ocrx_word' id='word_1_70' title='bbox 468 967 579 1037; x_wconf 93' lang='lat' dir='ltr'><strong>die</strong></span> <span class='ocrx_word' id='word_1_71' title='bbox 610 979 1129 1038; x_wconf 81' lang='lat' dir='ltr'>commoventur</span> <span class='ocrx_word' id='word_1_72' title='bbox 1158 968 1341 1038; x_wconf 88' lang='lat' dir='ltr'><strong>cives</strong></span> <span class='ocrx_word' id='word_1_73' title='bbox 1375 968 1446 1037; x_wconf 92' lang='lat' dir='ltr'><strong>in</strong></span> <span class='ocrx_word' id='word_1_74' title='bbox 1497 966 1933 1049; x_wconf 86' lang='lat' dir='ltr'><strong>scandalum,</strong></span> <span class='ocrx_word' id='word_1_75' title='bbox 1986 978 2054 1038; x_wconf 91' lang='lat' dir='ltr'><strong>et</strong></span> <span class='ocrx_word' id='word_1_76' title='bbox 2089 967 2174 1037; x_wconf 91' lang='lat' dir='ltr'><strong>ad</strong></span> <span class='ocrx_word' id='word_1_77' title='bbox 2207 968 2477 1039; x_wconf 86' lang='lat' dir='ltr'><strong>beatam</strong></span> <span class='ocrx_word' id='word_1_78' title='bbox 2531 970 2737 1072; x_wconf 88' lang='lat' dir='ltr'><strong>virgi-</strong></span> 
     </span>
     <span class='ocr_line' id='line_1_9' title="bbox 187 1055 2736 1148; baseline 0.002 -24"><span class='ocrx_word' id='word_1_79' title='bbox 187 1077 348 1125; x_wconf 86' lang='lat' dir='ltr'><strong>nem</strong></span> <span class='ocrx_word' id='word_1_80' title='bbox 389 1055 634 1148; x_wconf 90' lang='lat' dir='ltr'><strong>rapido</strong></span> <span class='ocrx_word' id='word_1_81' title='bbox 681 1078 893 1126; x_wconf 86' lang='lat' dir='ltr'><strong>cursu</strong></span> <span class='ocrx_word' id='word_1_82' title='bbox 941 1069 1390 1138; x_wconf 86' lang='lat' dir='ltr'><strong>concurrunt,</strong></span> <span class='ocrx_word' id='word_1_83' title='bbox 1443 1056 1787 1127; x_wconf 74' lang='lat' dir='ltr'><strong>dicentesz</strong></span> <span class='ocrx_word' id='word_1_84' title='bbox 1854 1055 2270 1126; x_wconf 83' lang='lat' dir='ltr'><strong>Incredibile</strong></span> <span class='ocrx_word' id='word_1_85' title='bbox 2315 1069 2445 1138; x_wconf 91' lang='lat' dir='ltr'><strong>est,</strong></span> <span class='ocrx_word' id='word_1_86' title='bbox 2489 1058 2736 1129; x_wconf 89' lang='lat' dir='ltr'><strong>mulie-</strong></span> 
     </span>
     <span class='ocr_line' id='line_1_10' title="bbox 182 1144 2735 1236; baseline 0.002 -22"><span class='ocrx_word' id='word_1_87' title='bbox 182 1166 333 1214; x_wconf 88' lang='lat' dir='ltr'><strong>rem</strong></span> <span class='ocrx_word' id='word_1_88' title='bbox 386 1145 529 1226; x_wconf 83' lang='lat' dir='ltr'><strong>viro</strong></span> <span class='ocrx_word' id='word_1_89' title='bbox 567 1147 911 1235; x_wconf 82' lang='lat' dir='ltr'><strong>junctam,</strong></span> <span class='ocrx_word' id='word_1_90' title='bbox 965 1144 1183 1236; x_wconf 90' lang='lat' dir='ltr'><strong>pollui</strong></span> <span class='ocrx_word' id='word_1_91' title='bbox 1232 1167 1369 1216; x_wconf 91' lang='lat' dir='ltr'><strong>non</strong></span> <span class='ocrx_word' id='word_1_92' title='bbox 1422 1167 1662 1235; x_wconf 91' lang='lat' dir='ltr'><strong>posse:</strong></span> <span class='ocrx_word' id='word_1_93' title='bbox 1701 1144 1816 1216; x_wconf 95' lang='lat' dir='ltr'><strong>sed</strong></span> <span class='ocrx_word' id='word_1_94' title='bbox 1854 1167 1978 1215; x_wconf 92' lang='lat' dir='ltr'><strong>nec</strong></span> <span class='ocrx_word' id='word_1_95' title='bbox 2020 1146 2124 1215; x_wconf 92' lang='lat' dir='ltr'><strong>vir</strong></span> <span class='ocrx_word' id='word_1_96' title='bbox 2171 1148 2417 1236; x_wconf 89' lang='lat' dir='ltr'><strong>poterit</strong></span> <span class='ocrx_word' id='word_1_97' title='bbox 2446 1146 2735 1218; x_wconf 87' lang='lat' dir='ltr'><strong>artubus</strong></span> 
     </span>
     <span class='ocr_line' id='line_1_11' title="bbox 184 1232 2736 1326; baseline 0.002 -24"><span class='ocrx_word' id='word_1_98' title='bbox 184 1232 505 1305; x_wconf 90' lang='lat' dir='ltr'><strong>mulieris</strong></span> <span class='ocrx_word' id='word_1_99' title='bbox 543 1235 868 1326; x_wconf 85' lang='lat' dir='ltr'><strong>junctus,</strong></span> <span class='ocrx_word' id='word_1_100' title='bbox 921 1257 964 1303; x_wconf 90' lang='lat' dir='ltr'><strong>a</strong></span> <span class='ocrx_word' id='word_1_101' title='bbox 1013 1234 1201 1304; x_wconf 89' lang='lat' dir='ltr'><strong>coitu</strong></span> <span class='ocrx_word' id='word_1_102' title='bbox 1246 1234 1612 1306; x_wconf 89' lang='lat' dir='ltr'><strong>abstinere.</strong></span> <span class='ocrx_word' id='word_1_103' title='bbox 1669 1234 1778 1304; x_wconf 90' lang='lat' dir='ltr'><strong>Sic</strong></span> <span class='ocrx_word' id='word_1_104' title='bbox 1843 1234 2096 1304; x_wconf 87' lang='lat' dir='ltr'><strong>etenim</strong></span> <span class='ocrx_word' id='word_1_105' title='bbox 2147 1236 2533 1306; x_wconf 90' lang='lat' dir='ltr'><strong>Salomonis</strong></span> <span class='ocrx_word' id='word_1_106' title='bbox 2579 1241 2736 1307; x_wconf 88' lang='lat' dir='ltr'><strong>Pro-</strong></span> 
     </span>
     <span class='ocr_line' id='line_1_12' title="bbox 181 1321 2730 1415; baseline 0.002 -26"><span class='ocrx_word' id='word_1_107' title='bbox 181 1322 422 1392; x_wconf 88' lang='lat' dir='ltr'><strong>verbia</strong></span> <span class='ocrx_word' id='word_1_108' title='bbox 472 1321 847 1414; x_wconf 87' lang='lat' dir='ltr'><strong>proferunt:</strong></span> <span class='ocrx_word' id='word_1_109' title='bbox 877 1327 1108 1404; x_wconf 89' lang='lat' dir='ltr'><strong>Nemo,</strong></span> <span class='ocrx_word' id='word_1_110' title='bbox 1144 1324 1262 1404; x_wconf 91' lang='lat' dir='ltr'><strong>ait,</strong></span> <span class='ocrx_word' id='word_1_111' title='bbox 1304 1338 1591 1415; x_wconf 91' lang='lat' dir='ltr'><strong>tangens</strong></span> <span class='ocrx_word' id='word_1_112' title='bbox 1634 1323 1882 1414; x_wconf 86' lang='lat' dir='ltr'><strong>picem,</strong></span> <span class='ocrx_word' id='word_1_113' title='bbox 1937 1322 2242 1393; x_wconf 92' lang='lat' dir='ltr'><strong>mundus</strong></span> <span class='ocrx_word' id='word_1_114' title='bbox 2278 1324 2525 1412; x_wconf 88' lang='lat' dir='ltr'><strong>poterit</strong></span> <span class='ocrx_word' id='word_1_115' title='bbox 2558 1346 2730 1395; x_wconf 90' lang='lat' dir='ltr'><strong>esse.</strong></span> 
     </span>
     <span class='ocr_line' id='line_1_13' title="bbox 186 1411 2736 1505; baseline 0.002 -25"><span class='ocrx_word' id='word_1_116' title='bbox 186 1415 421 1498; x_wconf 86' lang='lat' dir='ltr'><strong>Neque</strong></span> <span class='ocrx_word' id='word_1_117' title='bbox 469 1413 652 1482; x_wconf 91' lang='lat' dir='ltr'><strong>enim</strong></span> <span class='ocrx_word' id='word_1_118' title='bbox 703 1412 774 1480; x_wconf 90' lang='lat' dir='ltr'><strong>in</strong></span> <span class='ocrx_word' id='word_1_119' title='bbox 817 1411 978 1481; x_wconf 92' lang='lat' dir='ltr'><strong>sinu</strong></span> <span class='ocrx_word' id='word_1_120' title='bbox 1008 1411 1239 1502; x_wconf 88' lang='lat' dir='ltr'><strong>ignem</strong></span> <span class='ocrx_word' id='word_1_121' title='bbox 1273 1412 1432 1499; x_wconf 91' lang='lat' dir='ltr'><strong>quis</strong></span> <span class='ocrx_word' id='word_1_122' title='bbox 1478 1424 1779 1504; x_wconf 86' lang='lat' dir='ltr'><strong>gestans,</strong></span> <span class='ocrx_word' id='word_1_123' title='bbox 1833 1433 1969 1483; x_wconf 92' lang='lat' dir='ltr'><strong>non</strong></span> <span class='ocrx_word' id='word_1_124' title='bbox 2010 1412 2431 1483; x_wconf 82' lang='lat' dir='ltr'><strong>cremabitur</strong></span> <span class='ocrx_word' id='word_1_125' title='bbox 2465 1416 2517 1482; x_wconf 78' lang='grc'><strong>“.</strong></span> <span class='ocrx_word' id='word_1_126' title='bbox 2560 1419 2736 1505; x_wconf 91' lang='lat' dir='ltr'><strong>Ergo</strong></span> 
     </span>
     <span class='ocr_line' id='line_1_14' title="bbox 186 1499 2736 1592; baseline 0.002 -24"><span class='ocrx_word' id='word_1_127' title='bbox 186 1499 502 1571; x_wconf 92' lang='lat' dir='ltr'><strong>videmus</strong></span> <span class='ocrx_word' id='word_1_128' title='bbox 538 1523 653 1570; x_wconf 93' lang='lat' dir='ltr'><strong>vos</strong></span> <span class='ocrx_word' id='word_1_129' title='bbox 686 1521 827 1570; x_wconf 92' lang='lat' dir='ltr'><strong>uno</strong></span> <span class='ocrx_word' id='word_1_130' title='bbox 875 1501 942 1568; x_wconf 92' lang='lat' dir='ltr'><strong>in</strong></span> <span class='ocrx_word' id='word_1_131' title='bbox 977 1512 1123 1570; x_wconf 90' lang='lat' dir='ltr'><strong>toro</strong></span> <span class='ocrx_word' id='word_1_132' title='bbox 1158 1502 1580 1583; x_wconf 87' lang='lat' dir='ltr'><strong>recumbere,</strong></span> <span class='ocrx_word' id='word_1_133' title='bbox 1635 1512 1700 1571; x_wconf 92' lang='lat' dir='ltr'><strong>et</strong></span> <span class='ocrx_word' id='word_1_134' title='bbox 1747 1501 2089 1592; x_wconf 90' lang='lat' dir='ltr'><strong>suspicari</strong></span> <span class='ocrx_word' id='word_1_135' title='bbox 2141 1499 2330 1571; x_wconf 91' lang='lat' dir='ltr'><strong>aliud</strong></span> <span class='ocrx_word' id='word_1_136' title='bbox 2384 1522 2521 1570; x_wconf 92' lang='lat' dir='ltr'><strong>non</strong></span> <span class='ocrx_word' id='word_1_137' title='bbox 2574 1523 2736 1592; x_wconf 90' lang='lat' dir='ltr'><strong>pos-</strong></span> 
     </span>
     <span class='ocr_line' id='line_1_15' title="bbox 189 1588 2737 1680; baseline 0.001 -23"><span class='ocrx_word' id='word_1_138' title='bbox 189 1610 461 1672; x_wconf 88' lang='lat' dir='ltr'><strong>sumus,</strong></span> <span class='ocrx_word' id='word_1_139' title='bbox 515 1589 651 1658; x_wconf 87' lang='lat' dir='ltr'><strong>nisi</strong></span> <span class='ocrx_word' id='word_1_140' title='bbox 696 1588 883 1676; x_wconf 93' lang='lat' dir='ltr'><strong>quod</strong></span> <span class='ocrx_word' id='word_1_141' title='bbox 933 1589 1367 1659; x_wconf 87' lang='lat' dir='ltr'><strong>misceamini</strong></span> <span class='ocrx_word' id='word_1_142' title='bbox 1401 1589 1635 1660; x_wconf 91' lang='lat' dir='ltr'><strong>simul.</strong></span> <span class='ocrx_word' id='word_1_143' title='bbox 1674 1589 1796 1659; x_wconf 87' lang='lat' dir='ltr'><strong>His</strong></span> <span class='ocrx_word' id='word_1_144' title='bbox 1843 1601 2185 1659; x_wconf 89' lang='lat' dir='ltr'><strong>commota</strong></span> <span class='ocrx_word' id='word_1_145' title='bbox 2219 1590 2409 1680; x_wconf 91' lang='lat' dir='ltr'><strong>virgo</strong></span> <span class='ocrx_word' id='word_1_146' title='bbox 2441 1590 2737 1660; x_wconf 88' lang='lat' dir='ltr'><strong>sanctis-</strong></span> 
     </span>
     <span class='ocr_line' id='line_1_16' title="bbox 187 1677 2739 1769; baseline 0.001 -24"><span class='ocrx_word' id='word_1_147' title='bbox 187 1677 390 1759; x_wconf 90' lang='lat' dir='ltr'><strong>sima,</strong></span> <span class='ocrx_word' id='word_1_148' title='bbox 431 1678 829 1769; x_wconf 83' lang='lat' dir='ltr'><strong>aggreditur</strong></span> <span class='ocrx_word' id='word_1_149' title='bbox 859 1677 1253 1768; x_wconf 88' lang='lat' dir='ltr'><strong>pontificem</strong></span> <span class='ocrx_word' id='word_1_150' title='bbox 1288 1677 1504 1748; x_wconf 90' lang='lat' dir='ltr'><strong>simili</strong></span> <span class='ocrx_word' id='word_1_151' title='bbox 1552 1679 1862 1748; x_wconf 86' lang='lat' dir='ltr'><strong>castitate</strong></span> <span class='ocrx_word' id='word_1_152' title='bbox 1911 1678 2306 1769; x_wconf 84' lang='lat' dir='ltr'><strong>pollentem,</strong></span> <span class='ocrx_word' id='word_1_153' title='bbox 2352 1678 2739 1769; x_wconf 87' lang='lat' dir='ltr'><strong>replicatis-</strong></span> 
     </span>
     <span class='ocr_line' id='line_1_17' title="bbox 188 1766 2736 1857; baseline 0 -22"><span class='ocrx_word' id='word_1_154' title='bbox 188 1786 323 1854; x_wconf 90' lang='lat' dir='ltr'><strong>que</strong></span> <span class='ocrx_word' id='word_1_155' title='bbox 363 1789 596 1837; x_wconf 88' lang='lat' dir='ltr'><strong>ooram</strong></span> <span class='ocrx_word' id='word_1_156' title='bbox 665 1767 856 1836; x_wconf 93' lang='lat' dir='ltr'><strong>omni</strong></span> <span class='ocrx_word' id='word_1_157' title='bbox 905 1766 1162 1857; x_wconf 93' lang='lat' dir='ltr'><strong>populo</strong></span> <span class='ocrx_word' id='word_1_158' title='bbox 1236 1767 1712 1848; x_wconf 88' lang='lat' dir='ltr'><strong>sermonibus,</strong></span> <span class='ocrx_word' id='word_1_159' title='bbox 1783 1789 1957 1854; x_wconf 87' lang='lat' dir='ltr'><strong>quos</strong></span> <span class='ocrx_word' id='word_1_160' title='bbox 2004 1767 2317 1836; x_wconf 86' lang='lat' dir='ltr'><strong>audierat</strong></span> <span class='ocrx_word' id='word_1_161' title='bbox 2361 1766 2736 1856; x_wconf 81' lang='lat' dir='ltr'><strong>(Arculam</strong></span> 
     </span>
     <span class='ocr_line' id='line_1_18' title="bbox 190 1855 2738 1946; baseline 0.002 -24"><span class='ocrx_word' id='word_1_162' title='bbox 190 1855 426 1944; x_wconf 91' lang='lat' dir='ltr'><strong>puella</strong></span> <span class='ocrx_word' id='word_1_163' title='bbox 474 1868 638 1926; x_wconf 91' lang='lat' dir='ltr'><strong>tunc</strong></span> <span class='ocrx_word' id='word_1_164' title='bbox 684 1855 986 1946; x_wconf 86' lang='lat' dir='ltr'><strong>plenam,</strong></span> <span class='ocrx_word' id='word_1_165' title='bbox 1038 1866 1114 1925; x_wconf 92' lang='lat' dir='ltr'><strong>ut</strong></span> <span class='ocrx_word' id='word_1_166' title='bbox 1162 1855 1412 1927; x_wconf 88' lang='lat' dir='ltr'><strong>assolet</strong></span> <span class='ocrx_word' id='word_1_167' title='bbox 1459 1877 1584 1946; x_wconf 90' lang='lat' dir='ltr'><strong>pro</strong></span> <span class='ocrx_word' id='word_1_168' title='bbox 1630 1855 1886 1944; x_wconf 90' lang='lat' dir='ltr'><strong>injuria</strong></span> <span class='ocrx_word' id='word_1_169' title='bbox 1937 1855 2228 1944; x_wconf 77' lang='lat' dir='ltr'><strong>hyemiS,</strong></span> <span class='ocrx_word' id='word_1_170' title='bbox 2285 1878 2445 1926; x_wconf 88' lang='lat' dir='ltr'><strong>cum</strong></span> <span class='ocrx_word' id='word_1_171' title='bbox 2496 1857 2738 1927; x_wconf 89' lang='lat' dir='ltr'><strong>carbo-</strong></span> 
     </span>
     <span class='ocr_line' id='line_1_19' title="bbox 191 1942 2739 2035; baseline 0.002 -23"><span class='ocrx_word' id='word_1_172' title='bbox 191 1942 401 2014; x_wconf 89' lang='lat' dir='ltr'><strong>nibus</strong></span> <span class='ocrx_word' id='word_1_173' title='bbox 450 1944 872 2029; x_wconf 89' lang='lat' dir='ltr'><strong>retinebat),</strong></span> <span class='ocrx_word' id='word_1_174' title='bbox 927 1956 1118 2014; x_wconf 88' lang='lat' dir='ltr'><strong>vocat</strong></span> <span class='ocrx_word' id='word_1_175' title='bbox 1167 1944 1498 2034; x_wconf 87' lang='lat' dir='ltr'><strong>puellam,</strong></span> <span class='ocrx_word' id='word_1_176' title='bbox 1554 1966 1996 2034; x_wconf 82' lang='lat' dir='ltr'><strong>expansoque</strong></span> <span class='ocrx_word' id='word_1_177' title='bbox 2055 1942 2266 2035; x_wconf 90' lang='lat' dir='ltr'><strong>pallio</strong></span> <span class='ocrx_word' id='word_1_178' title='bbox 2316 1967 2578 2035; x_wconf 90' lang='lat' dir='ltr'><strong>prunas</strong></span> <span class='ocrx_word' id='word_1_179' title='bbox 2627 1968 2739 2016; x_wconf 89' lang='lat' dir='ltr'><strong>ar-</strong></span> 
     </span>
     <span class='ocr_line' id='line_1_20' title="bbox 190 2031 2734 2123; baseline 0.001 -22"><span class='ocrx_word' id='word_1_180' title='bbox 190 2031 430 2103; x_wconf 87' lang='lat' dir='ltr'><strong>dentes</strong></span> <span class='ocrx_word' id='word_1_181' title='bbox 485 2033 798 2123; x_wconf 89' lang='lat' dir='ltr'><strong>suscipit,</strong></span> <span class='ocrx_word' id='word_1_182' title='bbox 854 2044 919 2102; x_wconf 93' lang='lat' dir='ltr'><strong>et</strong></span> <span class='ocrx_word' id='word_1_183' title='bbox 966 2033 1105 2103; x_wconf 84' lang='lat' dir='ltr'><strong>fere</strong></span> <span class='ocrx_word' id='word_1_184' title='bbox 1150 2033 1359 2103; x_wconf 87' lang='lat' dir='ltr'><strong>horae</strong></span> <span class='ocrx_word' id='word_1_185' title='bbox 1408 2033 1619 2104; x_wconf 91' lang='lat' dir='ltr'><strong>unius</strong></span> <span class='ocrx_word' id='word_1_186' title='bbox 1685 2034 1908 2123; x_wconf 90' lang='lat' dir='ltr'><strong>spatio</strong></span> <span class='ocrx_word' id='word_1_187' title='bbox 1959 2047 2237 2113; x_wconf 81' lang='lat' dir='ltr'><strong>tenenS‚</strong></span> <span class='ocrx_word' id='word_1_188' title='bbox 2310 2034 2734 2104; x_wconf 89' lang='lat' dir='ltr'><strong>sacerdotem</strong></span> 
     </span>
     <span class='ocr_line' id='line_1_21' title="bbox 191 2120 2739 2213; baseline 0.001 -23"><span class='ocrx_word' id='word_1_189' title='bbox 191 2123 450 2202; x_wconf 79' lang='lat' dir='ltr'><strong>evocat,</strong></span> <span class='ocrx_word' id='word_1_190' title='bbox 503 2121 781 2192; x_wconf 85' lang='lat' dir='ltr'><strong>dicens:</strong></span> <span class='ocrx_word' id='word_1_191' title='bbox 846 2122 1090 2213; x_wconf 81' lang='lat' dir='ltr'><strong>Accipe</strong></span> <span class='ocrx_word' id='word_1_192' title='bbox 1152 2122 1492 2191; x_wconf 90' lang='lat' dir='ltr'><strong>mitiorem</strong></span> <span class='ocrx_word' id='word_1_193' title='bbox 1545 2120 1743 2191; x_wconf 91' lang='lat' dir='ltr'><strong>solito</strong></span> <span class='ocrx_word' id='word_1_194' title='bbox 1794 2121 2050 2212; x_wconf 88' lang='lat' dir='ltr'><strong>ignem,</strong></span> <span class='ocrx_word' id='word_1_195' title='bbox 2107 2143 2548 2210; x_wconf 87' lang='lat' dir='ltr'><strong>nequaquam</strong></span> <span class='ocrx_word' id='word_1_196' title='bbox 2602 2123 2739 2193; x_wconf 92' lang='lat' dir='ltr'><strong>tuis</strong></span> 
     </span>
     <span class='ocr_line' id='line_1_22' title="bbox 190 2209 2737 2293; baseline 0.001 -15"><span class='ocrx_word' id='word_1_197' title='bbox 190 2209 656 2280; x_wconf 89' lang='lat' dir='ltr'><strong>velaminibus</strong></span> <span class='ocrx_word' id='word_1_198' title='bbox 703 2211 1123 2293; x_wconf 90' lang='lat' dir='ltr'><strong>nociturum,</strong></span> <span class='ocrx_word' id='word_1_199' title='bbox 1176 2223 1254 2281; x_wconf 93' lang='lat' dir='ltr'><strong>ut</strong></span> <span class='ocrx_word' id='word_1_200' title='bbox 1300 2212 1663 2280; x_wconf 87' lang='lat' dir='ltr'><strong>ostendant</strong></span> <span class='ocrx_word' id='word_1_201' title='bbox 1705 2210 1773 2278; x_wconf 91' lang='lat' dir='ltr'><strong>in</strong></span> <span class='ocrx_word' id='word_1_202' title='bbox 1836 2210 2035 2280; x_wconf 88' lang='lat' dir='ltr'><strong>nobis</strong></span> <span class='ocrx_word' id='word_1_203' title='bbox 2083 2209 2213 2280; x_wconf 89' lang='lat' dir='ltr'><strong>hae</strong></span> <span class='ocrx_word' id='word_1_204' title='bbox 2261 2211 2581 2280; x_wconf 88' lang='lat' dir='ltr'><strong>flammae</strong></span> <span class='ocrx_word' id='word_1_205' title='bbox 2622 2232 2737 2280; x_wconf 85' lang='lat' dir='ltr'><strong>ex-</strong></span> 
     </span>
     <span class='ocr_line' id='line_1_23' title="bbox 191 2297 2732 2388; baseline -0 -20"><span class='ocrx_word' id='word_1_206' title='bbox 191 2300 439 2369; x_wconf 87' lang='lat' dir='ltr'><strong>tinctas</strong></span> <span class='ocrx_word' id='word_1_207' title='bbox 478 2299 796 2369; x_wconf 88' lang='lat' dir='ltr'><strong>flammas</strong></span> <span class='ocrx_word' id='word_1_208' title='bbox 843 2321 992 2370; x_wconf 91' lang='lat' dir='ltr'><strong>esse</strong></span> <span class='ocrx_word' id='word_1_209' title='bbox 1024 2300 1359 2369; x_wconf 83' lang='lat' dir='ltr'><strong>luxuriae.</strong></span> <span class='ocrx_word' id='word_1_210' title='bbox 1428 2298 1856 2388; x_wconf 89' lang='lat' dir='ltr'><strong>Suscipiente</strong></span> <span class='ocrx_word' id='word_1_211' title='bbox 1915 2320 2069 2368; x_wconf 93' lang='lat' dir='ltr'><strong>vero</strong></span> <span class='ocrx_word' id='word_1_212' title='bbox 2136 2297 2498 2388; x_wconf 88' lang='lat' dir='ltr'><strong>pontifice,</strong></span> <span class='ocrx_word' id='word_1_213' title='bbox 2556 2298 2732 2367; x_wconf 88' lang='lat' dir='ltr'><strong>nihil</strong></span> 
     </span>
     <span class='ocr_line' id='line_1_24' title="bbox 190 2386 2733 2487; baseline -0.001 -29"><span class='ocrx_word' id='word_1_214' title='bbox 190 2387 500 2458; x_wconf 90' lang='lat' dir='ltr'><strong>nocitum</strong></span> <span class='ocrx_word' id='word_1_215' title='bbox 548 2398 649 2458; x_wconf 88' lang='lat' dir='ltr'><strong>est</strong></span> <span class='ocrx_word' id='word_1_216' title='bbox 694 2386 1004 2458; x_wconf 90' lang='lat' dir='ltr'><strong>velamen</strong></span> <span class='ocrx_word' id='word_1_217' title='bbox 1053 2388 1203 2478; x_wconf 89' lang='lat' dir='ltr'><strong>ejus</strong></span> <span class='ocrx_word' id='word_1_218' title='bbox 1250 2388 1336 2457; x_wconf 92' lang='lat' dir='ltr'><strong>ab</strong></span> <span class='ocrx_word' id='word_1_219' title='bbox 1386 2388 1568 2478; x_wconf 85' lang='lat' dir='ltr'><strong>igne.</strong></span> <span class='ocrx_word' id='word_1_220' title='bbox 1618 2392 1762 2457; x_wconf 87' lang='lat' dir='ltr'><strong>Hoc</strong></span> <span class='ocrx_word' id='word_1_221' title='bbox 1828 2386 2161 2457; x_wconf 88' lang='lat' dir='ltr'><strong>miraculo</strong></span> <span class='ocrx_word' id='word_1_222' title='bbox 2218 2387 2555 2478; x_wconf 80' lang='lat' dir='ltr'><strong>populuS,</strong></span> <span class='ocrx_word' id='word_1_223' title='bbox 2610 2387 2733 2487; x_wconf 87' lang='lat' dir='ltr'><strong>qui</strong></span> 
     </span>
     <span class='ocr_line' id='line_1_25' title="bbox 197 2474 2739 2577; baseline -0.001 -29"><span class='ocrx_word' id='word_1_224' title='bbox 197 2490 342 2548; x_wconf 90' lang='lat' dir='ltr'><strong>erat</strong></span> <span class='ocrx_word' id='word_1_225' title='bbox 377 2489 540 2547; x_wconf 88' lang='lat' dir='ltr'><strong>tunc</strong></span> <span class='ocrx_word' id='word_1_226' title='bbox 602 2475 1026 2557; x_wconf 89' lang='lat' dir='ltr'><strong>incredulus,</strong></span> <span class='ocrx_word' id='word_1_227' title='bbox 1061 2476 1351 2548; x_wconf 82' lang='lat' dir='ltr'><strong>credidit</strong></span> <span class='ocrx_word' id='word_1_228' title='bbox 1391 2481 1548 2557; x_wconf 89' lang='lat' dir='ltr'><strong>Deo,</strong></span> <span class='ocrx_word' id='word_1_229' title='bbox 1594 2489 1659 2546; x_wconf 92' lang='lat' dir='ltr'><strong>et</strong></span> <span class='ocrx_word' id='word_1_230' title='bbox 1709 2476 1885 2545; x_wconf 90' lang='lat' dir='ltr'><strong>inter</strong></span> <span class='ocrx_word' id='word_1_231' title='bbox 1931 2489 2188 2577; x_wconf 91' lang='lat' dir='ltr'><strong>septem</strong></span> <span class='ocrx_word' id='word_1_232' title='bbox 2233 2475 2382 2546; x_wconf 93' lang='lat' dir='ltr'><strong>dies</strong></span> <span class='ocrx_word' id='word_1_233' title='bbox 2435 2474 2739 2567; x_wconf 91' lang='lat' dir='ltr'><strong>amplius</strong></span> 
     </span>
     <span class='ocr_line' id='line_1_26' title="bbox 198 2564 2506 2655; baseline -0.001 -19"><span class='ocrx_word' id='word_1_234' title='bbox 198 2588 411 2655; x_wconf 90' lang='lat' dir='ltr'><strong>quam</strong></span> <span class='ocrx_word' id='word_1_235' title='bbox 450 2564 639 2636; x_wconf 92' lang='lat' dir='ltr'><strong>mille</strong></span> <span class='ocrx_word' id='word_1_236' title='bbox 678 2565 1016 2647; x_wconf 90' lang='lat' dir='ltr'><strong>homines,</strong></span> <span class='ocrx_word' id='word_1_237' title='bbox 1056 2566 1234 2635; x_wconf 89' lang='lat' dir='ltr'><strong>sacri</strong></span> <span class='ocrx_word' id='word_1_238' title='bbox 1284 2564 1720 2636; x_wconf 89' lang='lat' dir='ltr'><strong>innovatione</strong></span> <span class='ocrx_word' id='word_1_239' title='bbox 1770 2564 2023 2634; x_wconf 88' lang='lat' dir='ltr'><strong>lavacri</strong></span> <span class='ocrx_word' id='word_1_240' title='bbox 2066 2577 2228 2637; x_wconf 92' lang='lat' dir='ltr'><strong>sunt</strong></span> <span class='ocrx_word' id='word_1_241' title='bbox 2261 2566 2506 2634; x_wconf 87' lang='lat' dir='ltr'><strong>renati.</strong></span> 
     </span>
    </p>

    <p class='ocr_par' dir='ltr' id='par_1_3' title="bbox 193 2653 2749 4431">
     <span class='ocr_line' id='line_1_27' title="bbox 282 2653 2732 2742; baseline -0.001 -17"><span class='ocrx_word' id='word_1_242' title='bbox 282 2658 320 2742; x_wconf 69' lang='grc' dir='ltr'>ἓ</span> <span class='ocrx_word' id='word_1_243' title='bbox 362 2660 451 2725; x_wconf 64' lang='lat'><strong>2.</strong></span> <span class='ocrx_word' id='word_1_244' title='bbox 492 2661 742 2725; x_wconf 89' lang='lat' dir='ltr'><strong>Ferunt</strong></span> <span class='ocrx_word' id='word_1_245' title='bbox 769 2654 974 2724; x_wconf 93' lang='lat' dir='ltr'><strong>etiam</strong></span> <span class='ocrx_word' id='word_1_246' title='bbox 1004 2654 1075 2722; x_wconf 92' lang='lat' dir='ltr'><strong>in</strong></span> <span class='ocrx_word' id='word_1_247' title='bbox 1110 2655 1239 2724; x_wconf 88' lang='lat' dir='ltr'><strong>hac</strong></span> <span class='ocrx_word' id='word_1_248' title='bbox 1273 2655 1443 2724; x_wconf 91' lang='lat' dir='ltr'><strong>urbe</strong></span> <span class='ocrx_word' id='word_1_249' title='bbox 1484 2654 1935 2724; x_wconf 90' lang='lat' dir='ltr'><strong>simulacrum</strong></span> <span class='ocrx_word' id='word_1_250' title='bbox 1969 2653 2181 2724; x_wconf 83' lang='lat' dir='ltr'><strong>fuisse</strong></span> <span class='ocrx_word' id='word_1_251' title='bbox 2219 2659 2424 2723; x_wconf 87' lang='lat' dir='ltr'><strong>Berec</strong></span> <span class='ocrx_word' id='word_1_252' title='bbox 2477 2653 2732 2735; x_wconf 88' lang='lat' dir='ltr'><strong>ntliiae‚</strong></span> 
     </span>
     <span class='ocr_line' id='line_1_28' title="bbox 194 2742 2733 2833; baseline -0.001 -20"><span class='ocrx_word' id='word_1_253' title='bbox 194 2744 375 2814; x_wconf 89' lang='lat' dir='ltr'><strong>sicut</strong></span> <span class='ocrx_word' id='word_1_254' title='bbox 438 2743 656 2814; x_wconf 89' lang='lat' dir='ltr'><strong>sancti</strong></span> <span class='ocrx_word' id='word_1_255' title='bbox 715 2743 1037 2832; x_wconf 82' lang='lat' dir='ltr'><strong>martyris</strong></span> <span class='ocrx_word' id='word_1_256' title='bbox 1104 2742 1592 2833; x_wconf 84' lang='lat' dir='ltr'><strong>Symphoriani</strong></span> <span class='ocrx_word' id='word_1_257' title='bbox 1653 2742 1998 2833; x_wconf 90' lang='lat' dir='ltr'><strong>passionis</strong></span> <span class='ocrx_word' id='word_1_258' title='bbox 2060 2742 2362 2813; x_wconf 88' lang='lat' dir='ltr'><strong>declarat</strong></span> <span class='ocrx_word' id='word_1_259' title='bbox 2476 2742 2733 2812; x_wconf 92' lang='lat' dir='ltr'><strong>istoria.</strong></span> 
     </span>
     <span class='ocr_line' id='line_1_29' title="bbox 193 2831 2738 2933; baseline -0.001 -32"><span class='ocrx_word' id='word_1_260' title='bbox 193 2837 385 2901; x_wconf 88' lang='lat' dir='ltr'><strong>Hanc</strong></span> <span class='ocrx_word' id='word_1_261' title='bbox 434 2855 593 2904; x_wconf 85' lang='lat' dir='ltr'><strong>curn</strong></span> <span class='ocrx_word' id='word_1_262' title='bbox 644 2831 714 2900; x_wconf 91' lang='lat' dir='ltr'><strong>in</strong></span> <span class='ocrx_word' id='word_1_263' title='bbox 758 2836 1089 2933; x_wconf 86' lang='lat' dir='ltr'><strong>Carpento</strong></span> <span class='ocrx_word' id='word_1_264' title='bbox 1123 2854 1246 2923; x_wconf 90' lang='lat' dir='ltr'><strong>pro</strong></span> <span class='ocrx_word' id='word_1_265' title='bbox 1280 2831 1654 2902; x_wconf 85' lang='lat' dir='ltr'><strong>salvatione</strong></span> <span class='ocrx_word' id='word_1_266' title='bbox 1683 2853 2007 2922; x_wconf 90' lang='lat' dir='ltr'><strong>agrorum</strong></span> <span class='ocrx_word' id='word_1_267' title='bbox 2060 2853 2138 2900; x_wconf 88' lang='lat' dir='ltr'><strong>ac</strong></span> <span class='ocrx_word' id='word_1_268' title='bbox 2187 2831 2543 2900; x_wconf 90' lang='lat' dir='ltr'><strong>vinearum</strong></span> <span class='ocrx_word' id='word_1_269' title='bbox 2582 2853 2738 2901; x_wconf 92' lang='lat' dir='ltr'><strong>sua-</strong></span> 
     </span>
     <span class='ocr_line' id='line_1_30' title="bbox 194 2919 2742 3010; baseline -0 -20"><span class='ocrx_word' id='word_1_270' title='bbox 194 2943 378 2998; x_wconf 88' lang='lat' dir='ltr'><strong>rum.</strong></span> <span class='ocrx_word' id='word_1_271' title='bbox 433 2922 685 2991; x_wconf 89' lang='lat' dir='ltr'><strong>misero</strong></span> <span class='ocrx_word' id='word_1_272' title='bbox 718 2919 1119 3010; x_wconf 85' lang='lat' dir='ltr'><strong>gentilitatis</strong></span> <span class='ocrx_word' id='word_1_273' title='bbox 1167 2941 1352 2990; x_wconf 91' lang='lat' dir='ltr'><strong>more</strong></span> <span class='ocrx_word' id='word_1_274' title='bbox 1401 2920 1763 3001; x_wconf 86' lang='lat' dir='ltr'><strong>deferrent,</strong></span> <span class='ocrx_word' id='word_1_275' title='bbox 1817 2920 2038 2990; x_wconf 90' lang='lat' dir='ltr'><strong>adfuit</strong></span> <span class='ocrx_word' id='word_1_276' title='bbox 2085 2920 2527 3010; x_wconf 89' lang='lat' dir='ltr'><strong>supradictus</strong></span> <span class='ocrx_word' id='word_1_277' title='bbox 2568 2919 2742 2989; x_wconf 89' lang='lat' dir='ltr'><strong>Sim-</strong></span> 
     </span>
     <span class='ocr_line' id='line_1_31' title="bbox 199 3007 2737 3100; baseline -0.001 -22"><span class='ocrx_word' id='word_1_278' title='bbox 199 3010 455 3098; x_wconf 91' lang='lat' dir='ltr'><strong>plicius</strong></span> <span class='ocrx_word' id='word_1_279' title='bbox 488 3010 890 3100; x_wconf 90' lang='lat' dir='ltr'><strong>Episcopus,</strong></span> <span class='ocrx_word' id='word_1_280' title='bbox 937 3008 1122 3079; x_wconf 91' lang='lat' dir='ltr'><strong>haud</strong></span> <span class='ocrx_word' id='word_1_281' title='bbox 1160 3009 1398 3099; x_wconf 90' lang='lat' dir='ltr'><strong>procul</strong></span> <span class='ocrx_word' id='word_1_282' title='bbox 1435 3009 1779 3100; x_wconf 89' lang='lat' dir='ltr'><strong>aspiciens</strong></span> <span class='ocrx_word' id='word_1_283' title='bbox 1807 3020 2163 3079; x_wconf 88' lang='lat' dir='ltr'><strong>cantantes</strong></span> <span class='ocrx_word' id='word_1_284' title='bbox 2200 3020 2404 3095; x_wconf 92' lang='lat' dir='ltr'><strong>atque</strong></span> <span class='ocrx_word' id='word_1_285' title='bbox 2438 3007 2737 3098; x_wconf 90' lang='lat' dir='ltr'><strong>psallen-</strong></span> 
     </span>
     <span class='ocr_line' id='line_1_32' title="bbox 198 3096 2741 3189; baseline -0 -23"><span class='ocrx_word' id='word_1_286' title='bbox 198 3110 298 3167; x_wconf 90' lang='lat' dir='ltr'><strong>tes</strong></span> <span class='ocrx_word' id='word_1_287' title='bbox 327 3110 484 3167; x_wconf 88' lang='lat' dir='ltr'><strong>ante</strong></span> <span class='ocrx_word' id='word_1_288' title='bbox 517 3099 645 3168; x_wconf 87' lang='lat' dir='ltr'><strong>hoc</strong></span> <span class='ocrx_word' id='word_1_289' title='bbox 670 3099 1147 3180; x_wconf 90' lang='lat' dir='ltr'><strong>simulacrum,</strong></span> <span class='ocrx_word' id='word_1_290' title='bbox 1180 3097 1652 3187; x_wconf 90' lang='lat' dir='ltr'><strong>gemitumque</strong></span> <span class='ocrx_word' id='word_1_291' title='bbox 1685 3119 1806 3188; x_wconf 91' lang='lat' dir='ltr'><strong>pro</strong></span> <span class='ocrx_word' id='word_1_292' title='bbox 1839 3097 2127 3167; x_wconf 88' lang='lat' dir='ltr'><strong>stultitia</strong></span> <span class='ocrx_word' id='word_1_293' title='bbox 2152 3098 2373 3189; x_wconf 92' lang='lat' dir='ltr'><strong>plebis</strong></span> <span class='ocrx_word' id='word_1_294' title='bbox 2405 3096 2491 3166; x_wconf 93' lang='lat' dir='ltr'><strong>ad</strong></span> <span class='ocrx_word' id='word_1_295' title='bbox 2527 3102 2741 3166; x_wconf 91' lang='lat' dir='ltr'><strong>Deum</strong></span> 
     </span>
     <span class='ocr_line' id='line_1_33' title="bbox 200 3183 2736 3276; baseline -0.001 -22"><span class='ocrx_word' id='word_1_296' title='bbox 200 3188 541 3268; x_wconf 89' lang='lat' dir='ltr'><strong>emittens,</strong></span> <span class='ocrx_word' id='word_1_297' title='bbox 595 3186 724 3256; x_wconf 87' lang='lat' dir='ltr'><strong>ait:</strong></span> <span class='ocrx_word' id='word_1_298' title='bbox 761 3210 796 3252; x_wconf 87' lang='lat'>«</span> <span class='ocrx_word' id='word_1_299' title='bbox 834 3185 1186 3267; x_wconf 92' lang='lat' dir='ltr'><strong>Illumina,</strong></span> <span class='ocrx_word' id='word_1_300' title='bbox 1238 3208 1517 3273; x_wconf 91' lang='lat' dir='ltr'><strong>quaes0,</strong></span> <span class='ocrx_word' id='word_1_301' title='bbox 1573 3187 1882 3267; x_wconf 87' lang='lat' dir='ltr'><strong>Domine,</strong></span> <span class='ocrx_word' id='word_1_302' title='bbox 1936 3187 2173 3257; x_wconf 88' lang='lat' dir='ltr'><strong>oculos</strong></span> <span class='ocrx_word' id='word_1_303' title='bbox 2206 3186 2421 3275; x_wconf 88' lang='lat' dir='ltr'><strong>hujus</strong></span> <span class='ocrx_word' id='word_1_304' title='bbox 2474 3183 2736 3276; x_wconf 92' lang='lat' dir='ltr'><strong>populi,</strong></span> 
     </span>
     <span class='ocr_line' id='line_1_34' title="bbox 199 3274 2744 3366; baseline -0.001 -22"><span class='ocrx_word' id='word_1_305' title='bbox 199 3286 275 3344; x_wconf 92' lang='lat' dir='ltr'><strong>ut</strong></span> <span class='ocrx_word' id='word_1_306' title='bbox 304 3288 695 3366; x_wconf 88' lang='lat' dir='ltr'><strong>cognoscat,</strong></span> <span class='ocrx_word' id='word_1_307' title='bbox 729 3276 894 3363; x_wconf 92' lang='lat' dir='ltr'><strong>quia</strong></span> <span class='ocrx_word' id='word_1_308' title='bbox 926 3274 1379 3345; x_wconf 88' lang='lat' dir='ltr'><strong>simulacrum</strong></span> <span class='ocrx_word' id='word_1_309' title='bbox 1432 3275 1920 3364; x_wconf 77' lang='lat' dir='ltr'><strong>Berecynthiae</strong></span> <span class='ocrx_word' id='word_1_310' title='bbox 1969 3274 2142 3343; x_wconf 89' lang='lat' dir='ltr'><strong>nihil</strong></span> <span class='ocrx_word' id='word_1_311' title='bbox 2192 3286 2320 3355; x_wconf 90' lang='lat' dir='ltr'><strong>est;</strong></span> <span class='ocrx_word' id='word_1_312' title='bbox 2360 3298 2396 3340; x_wconf 89' lang='lat'>»</span> <span class='ocrx_word' id='word_1_313' title='bbox 2450 3286 2517 3343; x_wconf 92' lang='lat' dir='ltr'><strong>et</strong></span> <span class='ocrx_word' id='word_1_314' title='bbox 2568 3274 2744 3343; x_wconf 85' lang='lat' dir='ltr'><strong>facto</strong></span> 
     </span>
     <span class='ocr_line' id='line_1_35' title="bbox 203 3362 2744 3454; baseline 0 -24"><span class='ocrx_word' id='word_1_315' title='bbox 203 3362 401 3453; x_wconf 92' lang='lat' dir='ltr'><strong>signo</strong></span> <span class='ocrx_word' id='word_1_316' title='bbox 436 3364 672 3435; x_wconf 85' lang='lat' dir='ltr'><strong>Crucis</strong></span> <span class='ocrx_word' id='word_1_317' title='bbox 704 3375 963 3444; x_wconf 88' lang='lat' dir='ltr'><strong>contra,</strong></span> <span class='ocrx_word' id='word_1_318' title='bbox 1018 3364 1333 3454; x_wconf 88' lang='lat' dir='ltr'><strong>protinus</strong></span> <span class='ocrx_word' id='word_1_319' title='bbox 1374 3364 1832 3433; x_wconf 89' lang='lat' dir='ltr'><strong>simulacrum</strong></span> <span class='ocrx_word' id='word_1_320' title='bbox 1872 3364 1938 3431; x_wconf 91' lang='lat' dir='ltr'><strong>in</strong></span> <span class='ocrx_word' id='word_1_321' title='bbox 1993 3375 2242 3433; x_wconf 89' lang='lat' dir='ltr'><strong>terram</strong></span> <span class='ocrx_word' id='word_1_322' title='bbox 2282 3364 2444 3444; x_wconf 86' lang='lat' dir='ltr'><strong>ruit,</strong></span> <span class='ocrx_word' id='word_1_323' title='bbox 2499 3384 2576 3431; x_wconf 90' lang='lat' dir='ltr'><strong>ac</strong></span> <span class='ocrx_word' id='word_1_324' title='bbox 2625 3362 2744 3431; x_wconf 91' lang='lat' dir='ltr'><strong>de-</strong></span> 
     </span>
     <span class='ocr_line' id='line_1_36' title="bbox 202 3450 2744 3541; baseline 0 -23"><span class='ocrx_word' id='word_1_325' title='bbox 202 3450 339 3520; x_wconf 87' lang='lat' dir='ltr'><strong>fixa</strong></span> <span class='ocrx_word' id='word_1_326' title='bbox 397 3453 543 3522; x_wconf 91' lang='lat' dir='ltr'><strong>solo</strong></span> <span class='ocrx_word' id='word_1_327' title='bbox 589 3453 958 3534; x_wconf 89' lang='lat' dir='ltr'><strong>animalia,</strong></span> <span class='ocrx_word' id='word_1_328' title='bbox 1012 3474 1186 3539; x_wconf 91' lang='lat' dir='ltr'><strong>quae</strong></span> <span class='ocrx_word' id='word_1_329' title='bbox 1234 3451 1660 3541; x_wconf 88' lang='lat' dir='ltr'><strong>plaustrum,</strong></span> <span class='ocrx_word' id='word_1_330' title='bbox 1699 3474 1835 3539; x_wconf 91' lang='lat' dir='ltr'><strong>quo</strong></span> <span class='ocrx_word' id='word_1_331' title='bbox 1884 3451 2013 3522; x_wconf 87' lang='lat' dir='ltr'><strong>hoc</strong></span> <span class='ocrx_word' id='word_1_332' title='bbox 2060 3452 2458 3531; x_wconf 89' lang='lat' dir='ltr'><strong>vehebatur,</strong></span> <span class='ocrx_word' id='word_1_333' title='bbox 2517 3450 2744 3520; x_wconf 89' lang='lat' dir='ltr'><strong>trahe-</strong></span> 
     </span>
     <span class='ocr_line' id='line_1_37' title="bbox 201 3539 2741 3631; baseline -0.001 -22"><span class='ocrx_word' id='word_1_334' title='bbox 201 3539 388 3622; x_wconf 88' lang='lat' dir='ltr'><strong>bant,</strong></span> <span class='ocrx_word' id='word_1_335' title='bbox 443 3542 704 3611; x_wconf 87' lang='lat' dir='ltr'><strong>moveri</strong></span> <span class='ocrx_word' id='word_1_336' title='bbox 751 3563 887 3610; x_wconf 92' lang='lat' dir='ltr'><strong>non</strong></span> <span class='ocrx_word' id='word_1_337' title='bbox 940 3552 1268 3631; x_wconf 85' lang='lat' dir='ltr'><strong>poterant.</strong></span> <span class='ocrx_word' id='word_1_338' title='bbox 1324 3545 1563 3631; x_wconf 91' lang='lat' dir='ltr'><strong>Stupet</strong></span> <span class='ocrx_word' id='word_1_339' title='bbox 1608 3540 1725 3609; x_wconf 92' lang='lat' dir='ltr'><strong>vul</strong></span> <span class='ocrx_word' id='word_1_340' title='bbox 1779 3562 1864 3609; x_wconf 90' lang='lat' dir='ltr'><strong>us</strong></span> <span class='ocrx_word' id='word_1_341' title='bbox 1912 3541 2387 3621; x_wconf 88' lang='lat' dir='ltr'><strong>innumerum,</strong></span> <span class='ocrx_word' id='word_1_342' title='bbox 2422 3551 2487 3608; x_wconf 93' lang='lat' dir='ltr'><strong>et</strong></span> <span class='ocrx_word' id='word_1_343' title='bbox 2540 3539 2741 3608; x_wconf 93' lang='lat' dir='ltr'><strong>deam</strong></span> 
     </span>
     <span class='ocr_line' id='line_1_38' title="bbox 205 3625 2745 3709; baseline 0.001 -16"><span class='ocrx_word' id='word_1_344' title='bbox 205 3625 459 3701; x_wconf 88' lang='lat' dir='ltr'><strong>laesam</strong></span> <span class='ocrx_word' id='word_1_345' title='bbox 497 3630 726 3699; x_wconf 92' lang='lat' dir='ltr'><strong>omnis</strong></span> <span class='ocrx_word' id='word_1_346' title='bbox 772 3641 1038 3699; x_wconf 88' lang='lat' dir='ltr'><strong>caterva</strong></span> <span class='ocrx_word' id='word_1_347' title='bbox 1063 3628 1485 3699; x_wconf 80' lang='lat' dir='ltr'><strong>conclamat:</strong></span> <span class='ocrx_word' id='word_1_348' title='bbox 1542 3629 1753 3697; x_wconf 90' lang='lat' dir='ltr'><strong>immo</strong></span> <span class='ocrx_word' id='word_1_349' title='bbox 1786 3640 1992 3698; x_wconf 92' lang='lat' dir='ltr'><strong>antur</strong></span> <span class='ocrx_word' id='word_1_350' title='bbox 2022 3630 2362 3709; x_wconf 87' lang='lat' dir='ltr'><strong>victimae,</strong></span> <span class='ocrx_word' id='word_1_351' title='bbox 2416 3627 2745 3697; x_wconf 89' lang='lat' dir='ltr'><strong>animalia</strong></span> 
     </span>
     <span class='ocr_line' id='line_1_39' title="bbox 202 3714 2749 3808; baseline 0.001 -27"><span class='ocrx_word' id='word_1_352' title='bbox 202 3719 675 3799; x_wconf 88' lang='lat' dir='ltr'><strong>verberantur,</strong></span> <span class='ocrx_word' id='word_1_353' title='bbox 730 3718 846 3787; x_wconf 89' lang='lat' dir='ltr'><strong>sed</strong></span> <span class='ocrx_word' id='word_1_354' title='bbox 898 3719 1150 3788; x_wconf 90' lang='lat' dir='ltr'><strong>moveri</strong></span> <span class='ocrx_word' id='word_1_355' title='bbox 1188 3739 1321 3786; x_wconf 92' lang='lat' dir='ltr'><strong>non</strong></span> <span class='ocrx_word' id='word_1_356' title='bbox 1376 3729 1687 3808; x_wconf 89' lang='lat' dir='ltr'><strong>possunt.</strong></span> <span class='ocrx_word' id='word_1_357' title='bbox 1743 3723 1933 3787; x_wconf 87' lang='lat' dir='ltr'><strong>Tunc</strong></span> <span class='ocrx_word' id='word_1_358' title='bbox 1981 3717 2285 3804; x_wconf 90' lang='lat' dir='ltr'><strong>quadrin</strong></span> <span class='ocrx_word' id='word_1_359' title='bbox 2340 3716 2480 3786; x_wconf 90' lang='lat' dir='ltr'><strong>enti</strong></span> <span class='ocrx_word' id='word_1_360' title='bbox 2512 3716 2596 3786; x_wconf 93' lang='lat' dir='ltr'><strong>de</strong></span> <span class='ocrx_word' id='word_1_361' title='bbox 2628 3714 2749 3785; x_wconf 91' lang='lat' dir='ltr'><strong>illa</strong></span> 
     </span>
     <span class='ocr_line' id='line_1_40' title="bbox 207 3803 2740 3897; baseline 0.001 -28"><span class='ocrx_word' id='word_1_362' title='bbox 207 3805 414 3876; x_wconf 88' lang='lat' dir='ltr'><strong>stulta</strong></span> <span class='ocrx_word' id='word_1_363' title='bbox 451 3807 899 3877; x_wconf 86' lang='lat' dir='ltr'><strong>multitudine</strong></span> <span class='ocrx_word' id='word_1_364' title='bbox 925 3807 1120 3897; x_wconf 85' lang='lat' dir='ltr'><strong>ajunt</strong></span> <span class='ocrx_word' id='word_1_365' title='bbox 1152 3806 1237 3876; x_wconf 93' lang='lat' dir='ltr'><strong>ad</strong></span> <span class='ocrx_word' id='word_1_366' title='bbox 1265 3806 1558 3876; x_wconf 91' lang='lat' dir='ltr'><strong>invicem</strong></span> <span class='ocrx_word' id='word_1_367' title='bbox 1587 3829 1601 3873; x_wconf 93' lang='lat'>:</span> <span class='ocrx_word' id='word_1_368' title='bbox 1636 3806 1705 3875; x_wconf 90' lang='lat' dir='ltr'><strong>Si</strong></span> <span class='ocrx_word' id='word_1_369' title='bbox 1735 3806 1954 3876; x_wconf 91' lang='lat' dir='ltr'><strong>virtus</strong></span> <span class='ocrx_word' id='word_1_370' title='bbox 1974 3806 2247 3876; x_wconf 90' lang='lat' dir='ltr'><strong>estulla</strong></span> <span class='ocrx_word' id='word_1_371' title='bbox 2327 3805 2574 3887; x_wconf 90' lang='lat' dir='ltr'><strong>eitatis,</strong></span> <span class='ocrx_word' id='word_1_372' title='bbox 2605 3803 2740 3873; x_wconf 86' lang='lat' dir='ltr'><strong>eri-</strong></span> 
     </span>
     <span class='ocr_line' id='line_1_41' title="bbox 210 3893 2743 3997; baseline 0 -38"><span class='ocrx_word' id='word_1_373' title='bbox 210 3903 405 3977; x_wconf 85' lang='lat' dir='ltr'><strong>gatur</strong></span> <span class='ocrx_word' id='word_1_374' title='bbox 430 3908 694 3997; x_wconf 90' lang='lat' dir='ltr'><strong>sponte,</strong></span> <span class='ocrx_word' id='word_1_375' title='bbox 728 3896 1111 3986; x_wconf 90' lang='lat' dir='ltr'><strong>jubeatque</strong></span> <span class='ocrx_word' id='word_1_376' title='bbox 1135 3896 1362 3975; x_wconf 91' lang='lat' dir='ltr'><strong>boves,</strong></span> <span class='ocrx_word' id='word_1_377' title='bbox 1394 3895 1516 3983; x_wconf 92' lang='lat' dir='ltr'><strong>qui</strong></span> <span class='ocrx_word' id='word_1_378' title='bbox 1551 3893 1776 3964; x_wconf 80' lang='lat' dir='ltr'><strong>telluri</strong></span> <span class='ocrx_word' id='word_1_379' title='bbox 1811 3905 1973 3964; x_wconf 89' lang='lat' dir='ltr'><strong>sunt</strong></span> <span class='ocrx_word' id='word_1_380' title='bbox 2006 3894 2323 3978; x_wconf 91' lang='lat' dir='ltr'><strong>stabiliti,</strong></span> <span class='ocrx_word' id='word_1_381' title='bbox 2354 3894 2743 3984; x_wconf 88' lang='lat' dir='ltr'><strong>procedere.</strong></span> 
     </span>
     <span class='ocr_line' id='line_1_42' title="bbox 215 3981 2742 4072; baseline 0.002 -28"><span class='ocrx_word' id='word_1_382' title='bbox 215 3981 396 4050; x_wconf 83' lang='lat' dir='ltr'><strong>Certe</strong></span> <span class='ocrx_word' id='word_1_383' title='bbox 429 4008 486 4055; x_wconf 87' lang='lat' dir='ltr'><strong>si</strong></span> <span class='ocrx_word' id='word_1_384' title='bbox 538 3985 792 4054; x_wconf 89' lang='lat' dir='ltr'><strong>moveri</strong></span> <span class='ocrx_word' id='word_1_385' title='bbox 821 3985 1079 4072; x_wconf 91' lang='lat' dir='ltr'><strong>nequit,</strong></span> <span class='ocrx_word' id='word_1_386' title='bbox 1110 3983 1548 4054; x_wconf 82' lang='lat' dir='ltr'><strong>manifestum</strong></span> <span class='ocrx_word' id='word_1_387' title='bbox 1582 3997 1707 4064; x_wconf 92' lang='lat' dir='ltr'><strong>est,</strong></span> <span class='ocrx_word' id='word_1_388' title='bbox 1738 3982 1914 4053; x_wconf 91' lang='lat' dir='ltr'><strong>nihil</strong></span> <span class='ocrx_word' id='word_1_389' title='bbox 1948 4005 2096 4054; x_wconf 89' lang='lat' dir='ltr'><strong>esse</strong></span> <span class='ocrx_word' id='word_1_390' title='bbox 2130 3984 2518 4053; x_wconf 89' lang='lat' dir='ltr'><strong>divinitatis</strong></span> <span class='ocrx_word' id='word_1_391' title='bbox 2545 3983 2613 4051; x_wconf 93' lang='lat' dir='ltr'><strong>in</strong></span> <span class='ocrx_word' id='word_1_392' title='bbox 2641 4003 2742 4051; x_wconf 86' lang='lat' dir='ltr'><strong>ea.</strong></span> 
     </span>
     <span class='ocr_line' id='line_1_43' title="bbox 212 4067 2748 4163; baseline 0.003 -31"><span class='ocrx_word' id='word_1_393' title='bbox 212 4067 396 4139; x_wconf 88' lang='lat' dir='ltr'><strong>Tunc</strong></span> <span class='ocrx_word' id='word_1_394' title='bbox 442 4075 838 4144; x_wconf 89' lang='lat' dir='ltr'><strong>accedentes</strong></span> <span class='ocrx_word' id='word_1_395' title='bbox 877 4086 942 4143; x_wconf 92' lang='lat' dir='ltr'><strong>et</strong></span> <span class='ocrx_word' id='word_1_396' title='bbox 988 4072 1424 4143; x_wconf 88' lang='lat' dir='ltr'><strong>immolantes</strong></span> <span class='ocrx_word' id='word_1_397' title='bbox 1449 4093 1668 4142; x_wconf 90' lang='lat' dir='ltr'><strong>unum</strong></span> <span class='ocrx_word' id='word_1_398' title='bbox 1703 4073 1788 4141; x_wconf 91' lang='lat' dir='ltr'><strong>de</strong></span> <span class='ocrx_word' id='word_1_399' title='bbox 1822 4074 2212 4163; x_wconf 84' lang='lat' dir='ltr'><strong>pecoribus,</strong></span> <span class='ocrx_word' id='word_1_400' title='bbox 2252 4096 2412 4143; x_wconf 87' lang='lat' dir='ltr'><strong>cum</strong></span> <span class='ocrx_word' id='word_1_401' title='bbox 2441 4071 2748 4141; x_wconf 90' lang='lat' dir='ltr'><strong>viderent</strong></span> 
     </span>
     <span class='ocr_line' id='line_1_44' title="bbox 213 4150 2735 4259; baseline -0.001 -29"><span class='ocrx_word' id='word_1_402' title='bbox 213 4150 406 4257; x_wconf 77' lang='lat' dir='ltr'><strong>deam</strong></span> <span class='ocrx_word' id='word_1_403' title='bbox 455 4183 667 4259; x_wconf 31' lang='lat' dir='ltr'><strong>„suam</strong></span> <span class='ocrx_word' id='word_1_404' title='bbox 728 4162 1126 4232; x_wconf 74' lang='lat' dir='ltr'><strong>nullatenus</strong></span> <span class='ocrx_word' id='word_1_405' title='bbox 1182 4183 1383 4253; x_wconf 91' lang='lat' dir='ltr'><strong>posse</strong></span> <span class='ocrx_word' id='word_1_406' title='bbox 1462 4161 1745 4243; x_wconf 90' lang='lat' dir='ltr'><strong>moveri,</strong></span> <span class='ocrx_word' id='word_1_407' title='bbox 1777 4160 2010 4232; x_wconf 91' lang='lat' dir='ltr'><strong>relicto</strong></span> <span class='ocrx_word' id='word_1_408' title='bbox 2038 4161 2438 4253; x_wconf 89' lang='lat' dir='ltr'><strong>gentilitatis</strong></span> <span class='ocrx_word' id='word_1_409' title='bbox 2484 4182 2735 4239; x_wconf 90' lang='lat' dir='ltr'><strong>errore,</strong></span> 
     </span>
     <span class='ocr_line' id='line_1_45' title="bbox 216 4250 2748 4346; baseline 0.002 -34"><span class='ocrx_word' id='word_1_410' title='bbox 216 4261 675 4336; x_wconf 75' lang='lat' dir='ltr'><strong>inquisitoque</strong></span> <span class='ocrx_word' id='word_1_411' title='bbox 703 4251 1012 4323; x_wconf 81' lang='lat' dir='ltr'><strong>Antistite</strong></span> <span class='ocrx_word' id='word_1_412' title='bbox 1053 4251 1209 4332; x_wconf 91' lang='lat' dir='ltr'><strong>loci,</strong></span> <span class='ocrx_word' id='word_1_413' title='bbox 1260 4250 1569 4321; x_wconf 88' lang='lat' dir='ltr'><strong>conversi</strong></span> <span class='ocrx_word' id='word_1_414' title='bbox 1603 4250 1689 4320; x_wconf 92' lang='lat' dir='ltr'><strong>ad</strong></span> <span class='ocrx_word' id='word_1_415' title='bbox 1724 4250 2054 4320; x_wconf 89' lang='lat' dir='ltr'><strong>unitatem</strong></span> <span class='ocrx_word' id='word_1_416' title='bbox 2097 4250 2465 4330; x_wconf 90' lang='lat' dir='ltr'><strong>Ecclesiae,</strong></span> <span class='ocrx_word' id='word_1_417' title='bbox 2497 4270 2748 4346; x_wconf 82' lang='lat' dir='ltr'><strong>cogno-</strong></span> 
     </span>
     <span class='ocr_line' id='line_1_46' title="bbox 216 4339 2739 4431; baseline 0.003 -35"><span class='ocrx_word' id='word_1_418' title='bbox 216 4344 478 4406; x_wconf 86' lang='lat' dir='ltr'><strong>scentes</strong></span> <span class='ocrx_word' id='word_1_419' title='bbox 504 4339 639 4407; x_wconf 89' lang='lat' dir='ltr'><strong>veri</strong></span> <span class='ocrx_word' id='word_1_420' title='bbox 668 4340 782 4409; x_wconf 92' lang='lat' dir='ltr'><strong>Dei</strong></span> <span class='ocrx_word' id='word_1_421' title='bbox 816 4340 1392 4431; x_wconf 90' lang='lat' dir='ltr'><strong>magnitudinem,</strong></span> <span class='ocrx_word' id='word_1_422' title='bbox 1425 4352 1660 4410; x_wconf 91' lang='lat' dir='ltr'><strong>sancto</strong></span> <span class='ocrx_word' id='word_1_423' title='bbox 1700 4351 1863 4409; x_wconf 90' lang='lat' dir='ltr'><strong>sunt</strong></span> <span class='ocrx_word' id='word_1_424' title='bbox 1895 4340 2306 4431; x_wconf 90' lang='lat' dir='ltr'><strong>baptismate</strong></span> <span class='ocrx_word' id='word_1_425' title='bbox 2341 4347 2739 4411; x_wconf 87' lang='lat' dir='ltr'><strong>consecrati.</strong></span> 
     </span>
    </p>

    <p class='ocr_par' dir='ltr' id='par_1_4' title="bbox 267 4446 1128 4506">
     <span class='ocr_line' id='line_1_47' title="bbox 267 4446 1128 4506; baseline 0.012 -16"><span class='ocrx_word' id='word_1_426' title='bbox 267 4446 291 4472; x_wconf 70' lang='lat'><strong>¹·</strong></span> <span class='ocrx_word' id='word_1_427' title='bbox 322 4448 436 4491; x_wconf 80' lang='lat' dir='ltr'><strong>Vide</strong></span> <span class='ocrx_word' id='word_1_428' title='bbox 457 4452 566 4496; x_wconf 61' lang='lat' dir='ltr'><strong>stez.</strong></span> <span class='ocrx_word' id='word_1_429' title='bbox 588 4466 671 4498; x_wconf 82' lang='lat' dir='ltr'><strong>xiii</strong></span> <span class='ocrx_word' id='word_1_430' title='bbox 693 4459 737 4498; x_wconf 82' lang='lat' dir='ltr'><strong>et</strong></span> <span class='ocrx_word' id='word_1_431' title='bbox 758 4460 961 4499; x_wconf 77' lang='lat' dir='ltr'><strong>Promb.</strong></span> <span class='ocrx_word' id='word_1_432' title='bbox 983 4467 1044 4506; x_wconf 79' lang='lat' dir='ltr'><strong>vt,</strong></span> <span class='ocrx_word' id='word_1_433' title='bbox 1062 4460 1128 4501; x_wconf 77' lang='lat'><strong>2&#39;1.</strong></span> 
     </span>
    </p>
   </div>
   <div class='ocr_carea' id='block_1_3' title="bbox 374 4538 2582 4606">
    <p class='ocr_par' dir='ltr' id='par_1_5' title="bbox 374 4538 2582 4606">
     <span class='ocr_line' id='line_1_48' title="bbox 374 4538 2582 4606; baseline 0.011 -12"><span class='ocrx_word' id='word_1_434' title='bbox 374 4539 615 4601; x_wconf 72' lang='lat' dir='ltr'><strong>surius</strong></span> <span class='ocrx_word' id='word_1_435' title='bbox 647 4575 667 4587; x_wconf 88' lang='lat'><em>-</em></span> <span class='ocrx_word' id='word_1_436' title='bbox 708 4544 867 4603; x_wconf 69' lang='lat' dir='ltr'><strong>Vuae</strong></span> <span class='ocrx_word' id='word_1_437' title='bbox 908 4543 1012 4605; x_wconf 80' lang='lat' dir='ltr'><strong>ss,</strong></span> <span class='ocrx_word' id='word_1_438' title='bbox 1040 4544 1166 4605; x_wconf 87' lang='lat' dir='ltr'><strong>voi.</strong></span> <span class='ocrx_word' id='word_1_439' title='bbox 1194 4576 1218 4589; x_wconf 93' lang='lat'>-</span> <span class='ocrx_word' id='word_1_440' title='bbox 1248 4544 1344 4606; x_wconf 85' lang='lat' dir='ltr'><strong>vi.</strong></span> <span class='ocrx_word' id='word_1_441' title='bbox 2510 4538 2582 4597; x_wconf 74' lang='grc'><strong>34</strong></span> 
     </span>
    </p>
   </div>
  </div>
 </body>
</html>
