3357 4995
721 306 849 369 658
1502 320 1579 365 nn
1627 320 1683 365 s,
1739 317 1939 365 rAuLo
1987 318 2301 366 APOSTOLO
2825 304 2860 366 J
2875 302 3048 368 UNII
3100 305 3188 368 29

718 410 754 494 ξ
800 409 973 478 8⁰.
1027 398 1205 487 Quid
1236 404 1303 472 in
1343 403 1588 473 mundi
1638 403 1857 493 gloria
1889 415 1991 473 est
2019 403 2398 473 Alexandro
2429 403 2827 494 gloriosius,
2858 417 2979 474 aut
3007 407 3181 492 quid

630 494 1049 566 sublimius?
1073 498 1213 562 Non
1253 492 1447 561 vivus
1475 491 1696 562 multa
1718 514 1968 582 magna
1997 493 2209 582 gessit
2236 506 2301 562 et
2337 492 2720 583 praeclara?
2742 498 2884 561 Non
2911 508 2976 562 et
3006 516 3180 583 gen-

630 598 753 665 tes,
784 595 850 653 et
888 583 1096 653 urbes
1123 581 1418 681 subegit,
1452 593 1517 650 et
1550 580 1731 651 bella
1781 580 2002 650 multa
2036 581 2197 650 vicit
2239 595 2304 650 et
2335 582 2617 672 praelia,
2679 596 2745 650 et
2776 582 2993 651 erexit
3042 596 3181 653 tro-

629 673 899 762 phaea?
945 677 1086 741 Non
1138 670 1570 740 existimatus
1627 684 1729 740 est
1786 691 1935 740 esse
1984 675 2161 740 Deus
2224 671 2781 740 tertiusdecimus
2831 694 2866 739 a
2930 685 3180 741 senatu

629 763 1133 832 Romanorum?
1149 758 1275 827 Sed
1310 780 1447 845 quo
1482 759 1676 828 vivus
1705 758 1986 845 quidem
2013 758 2196 829 bella
2228 770 2406 828 recte
2431 771 2716 850 gereret,
2755 773 2820 828 et
2853 759 3184 832 victorias

628 851 987 929 obtineret,
1039 869 1200 917 cum
1250 860 1315 916 et
1361 851 1500 916 Rex
1546 861 1747 926 esset,
1802 862 1868 916 et
1913 847 2253 917 exercitus
2307 848 2611 930 haberet,
2670 847 2844 916 nihil
2885 849 3175 918 mirum.

629 944 784 1010 Post
817 950 1102 1008 mortem
1152 949 1381 1006 autem
1419 947 1486 1005 et
1517 936 1971 1025 sepulturam,
2003 936 2263 1022 ubique
2292 950 2356 1006 et
2405 938 2475 1005 in
2526 951 2701 1006 terra
2750 948 2815 1007 et
2849 936 2918 1005 in
2959 938 3168 1017 mari,

628 1027 934 1115 quotidie
961 1038 1095 1095 tam
1151 1024 1367 1094 multa
1402 1024 1644 1105 facere,
1686 1025 1813 1094 hoc
1847 1036 1971 1106 est,
2001 1024 2182 1112 quod
2231 1026 2598 1095 maximam
2643 1025 2836 1095 affert
2866 1025 3180 1095 admira-

628 1117 909 1186 tionem.
946 1115 1071 1184 Ubi
1118 1114 1302 1181 enim
1339 1127 1441 1183 est
1485 1113 1629 1202 (dic
1682 1113 1885 1202 mihi)
1932 1135 2185 1203 corpus
2219 1113 2631 1183 Alexandri?
2667 1114 2949 1184 ostende
2992 1115 3167 1184 mihi

630 1218 696 1276 et
748 1204 861 1276 dic
915 1203 1123 1283 diem,
1177 1203 1246 1271 in
1297 1223 1434 1288 quo
1494 1201 1810 1272 decessit.
1866 1202 1991 1271 Sed
2044 1224 2179 1271 non
2222 1205 2571 1292 potueris3
2632 1203 2822 1272 Pauli
2870 1203 3057 1272 enim
3112 1217 3181 1273 et

628 1293 1062 1385 praeclarum
1098 1312 1354 1380 corpus
1406 1288 1672 1369 viderit,
1712 1290 1832 1376 qui
1866 1290 1953 1359 ad
1990 1291 2286 1360 maxime
2317 1292 2577 1382 regiam
2629 1292 2887 1362 venerit
2925 1292 3174 1362 civita-

630 1397 792 1465 tem,
830 1394 895 1452 et
920 1380 1260 1450 illustrem
1295 1378 1446 1465 ejus
1473 1380 1715 1448 mortis
1741 1378 1924 1448 diem
1961 1380 2325 1449 universus
2354 1382 2543 1450 orbis
2594 1393 2810 1449 terrae
2844 1379 3171 1451 celebrat.

630 1477 708 1541 Et
759 1493 867 1540 res
913 1468 1193 1557 quidem
1246 1467 1461 1547 illius,
1506 1467 1711 1537 etiam
1749 1468 1856 1536 sui
1893 1469 2247 1558 ignorant:
2285 1492 2393 1539 res
2419 1483 2648 1538 autem
2685 1470 2895 1559 hujus
2942 1470 3180 1539 sciunt

629 1560 836 1629 etiam
885 1557 1208 1628 barbari:
1262 1571 1328 1625 et
1376 1556 1625 1625 Christi
1659 1557 1833 1626 servi
1885 1557 2336 1647 sepulchrum
2378 1570 2479 1627 est
2509 1559 2690 1648 regis
2721 1559 2913 1627 atriis
2939 1559 3182 1648 splen-

629 1647 888 1717 didius.
942 1652 1109 1715 Nam
1160 1645 1307 1735 ipse
1338 1667 1637 1732 quoque,
1692 1646 1813 1732 qui
1860 1660 1962 1714 est
2012 1646 2298 1716 indutus
2332 1648 2666 1747 purpura,
2709 1646 2892 1717 vadit
2920 1659 3201 1736 corpus

632 1737 824 1807 illius
857 1732 1371 1825 complexurus,
1434 1746 1498 1802 et
1547 1732 1730 1803 fastu
1770 1735 2102 1823 deposit0,
2157 1735 2471 1804 confflstit
2519 1758 2725 1804 orans
2775 1750 3170 1813 mortuum,

632 1838 712 1896 ut
755 1824 910 1912 ejus
956 1845 1195 1892 curam
1246 1835 1436 1914 gerat
1483 1823 1667 1922 apud
1722 1828 1960 1892 Deum.
2030 1828 2106 1892 Et
2154 1823 2753 1894 tabernaculorum
2806 1825 3175 1906 effectori8‚

628 1927 696 1984 et
742 1913 1129 2004 piscatoris,
1173 1924 1238 1981 et
1287 1924 1583 1991 mortui,
1633 1924 1962 1998 tanquam
2013 1911 2396 1982 defensoris
2439 1928 2590 2003 eget
2635 1914 2692 1981 is
2739 1913 2862 1999 qui
2912 1926 3015 1982 est
3075 1936 3183 1981 re-

631 2002 919 2072 dimitus
968 2000 1376 2070 diademate.
1446 2000 1659 2087 quue
1711 2001 1961 2069 videris
2033 2023 2168 2071 non
2223 2001 2449 2072 solum
2502 2007 2756 2071 Rornae
2804 2002 2997 2080 fieri,
3057 2002 3178 2073 sed

629 2091 834 2161 etiam
872 2089 1479 2180 Constantinopoli.
1526 2089 1791 2158 Etenim
1829 2089 1940 2158 hic
1965 2111 2240 2176 quoque
2271 2111 2603 2181 magnum
2641 2092 3179 2161 Constantinum

633 2202 703 2250 se
744 2201 997 2280 magno
1029 2178 1287 2248 honore
1333 2200 1481 2248 esse
1530 2179 1935 2247 effecturum
1987 2178 2402 2248 existimavit
2431 2179 2641 2260 filius,
2674 2181 2731 2249 si
2772 2201 2933 2248 eum
2966 2179 3184 2268 depo-

633 2282 822 2338 neret
868 2290 936 2336 1n
981 2266 1337 2337 vestibulis
1372 2268 1754 2357 piscatoris,
1793 2272 1869 2336 Et
1898 2266 2082 2354 quod
2116 2281 2281 2336 sunt
2318 2269 2653 2357 janitores
2705 2269 2771 2336 in
2813 2291 2881 2337 re
2938 2268 2998 2336 ia
3033 2273 3181 2337 Im-

631 2356 1089 2448 peratoribu5‚
1144 2356 1273 2424 hoc
1321 2369 1484 2425 sunt
1522 2357 1589 2425 in
1652 2377 1938 2446 corpore
1980 2357 2184 2446 Regis
2234 2356 2713 2446 piscatoribus.
2771 2362 2848 2425 Et
2948 2358 2965 2425 i
3017 2357 3184 2443 qui-

630 2446 811 2528 dem,
846 2458 1172 2532 tanquam
1226 2445 1356 2515 loci
1396 2444 1684 2525 domini,
1728 2458 1956 2514 tenent
2004 2446 2367 2516 interiora:
2423 2445 2524 2517 illi
2555 2458 2781 2516 autem
2839 2459 3178 2533 tanquam

630 2534 903 2606 accolae
949 2549 1014 2603 et
1052 2534 1283 2614 vicini,
1323 2534 1490 2603 satis
1541 2534 1957 2615 habuerunt,
2010 2536 2070 2604 si
2106 2536 2328 2624 janua
2375 2535 2574 2606 aulae
2608 2536 2710 2605 eis
2762 2535 3178 2605 attribuere·

630 2637 767 2694 tur.
806 2629 882 2693 Et
915 2628 1131 2713 Reges
1178 2623 1458 2709 quidem
1520 2623 1994 2693 ministrorum
2037 2638 2102 2692 et
2147 2623 2604 2695 famulorum:
2656 2625 2778 2711 qui
2830 2638 2990 2694 sunt
3040 2646 3173 2693 au-

634 2725 766 2783 tem
817 2712 1134 2801 subjecti,
1191 2725 1422 2780 tenent
1453 2711 1682 2780 locum
1721 2716 2011 2802 Regum.
2347 2772 2352 2778 .

720 2804 756 2888 §
802 2805 950 2874 81.
1005 2800 1172 2883 Quis
1222 2822 1408 2870 nunc
1439 2801 1612 2869 mihi
1639 2799 1925 2880 dederit,
1962 2813 2039 2871 ut
2075 2801 2269 2870 Pauli
2301 2801 2827 2871 circumfundar
2865 2802 3161 2891 corpori,

631 2902 696 2960 et
725 2888 1041 2980 sepulcro
1073 2890 1337 2979 afligar,
1392 2903 1458 2959 et
1492 2889 1756 2958 videam
1809 2889 2159 2980 pulverem
2203 2889 2392 2959 illius
2432 2891 2764 2980 corporis,
2827 2913 2946 2980 per
2979 2888 3162 2975 quod

632 2978 926 3068 pervasit
951 2979 1350 3048 universum
1375 2978 1607 3048 orbem
1647 2983 1910 3048 terrae?
1938 2977 2122 3065 quod
2153 3000 2329 3065 quae
2363 2979 2668 3058 deerant,
2703 2979 2966 3049 Christo
2996 3000 3175 3066 sup-

630 3066 880 3158 plevit?
925 3067 1108 3154 quod
1159 3066 1478 3157 stigmata
1515 3067 1847 3157 portavit?
1901 3067 2083 3155 quod
2136 3067 2714 3157 praedicationem
2754 3068 3011 3154 ubique
3063 3088 3173 3135 se-

629 3156 964 3225 minavit?
1010 3155 1359 3225 Pulverem
1397 3157 1727 3246 corporiS‚
1786 3177 1904 3245 per
1950 3155 2132 3242 quod
2184 3155 2493 3226 Christus
2543 3168 2644 3226 est
2694 3157 2987 3237 locutuS,
3052 3154 3171 3224 lux

630 3243 858 3313 illuxit
902 3243 1145 3331 quovis
1183 3243 1449 3334 fulgore
1485 3244 1820 3314 lucidior?
1864 3257 1930 3314 et
1978 3267 2100 3313 vox
2148 3244 2375 3313 illuxit
2423 3245 2667 3332 quovis
2720 3246 2976 3314 tonitru
3003 3243 3167 3311 dae-

631 3333 957 3403 monibus
1006 3332 1420 3402 terribilior?
1478 3338 1706 3420 Neque
1762 3333 1945 3402 enim
2021 3333 2278 3402 tonitru
2335 3347 2435 3402 est
2507 3347 2643 3403 tam
2708 3334 2906 3404 nobis
2970 3331 3166 3402 terri-

633 3421 810 3503 bile,
861 3443 1070 3508 quam
1129 3422 1252 3491 illa
1301 3444 1422 3491 vox
1479 3420 1609 3491 suit
1653 3421 2133 3493 daemonibus.
2190 3423 2255 3490 Si
2319 3423 2500 3492 enim
2574 3422 2940 3492 horrebant
3005 3419 3171 3506 ejus

631 3524 871 3592 vesteS,
925 3532 1155 3580 vocem
1211 3532 1487 3598 quoque
1543 3509 1762 3581 multo
1822 3511 2068 3601 magis.
2131 3511 2356 3600 Hujus
2429 3511 2568 3581 oris
2631 3511 2871 3580 vellem
2932 3508 3172 3578 videre

633 3598 1008 3690 pulverem,
1065 3621 1183 3688 per
1241 3599 1423 3686 quod
1493 3599 1803 3670 Christus
1854 3621 2102 3689 magna
2162 3599 2433 3669 locutus
2481 3612 2604 3680 est,
2657 3613 2724 3669 et
2771 3621 3048 3678 arcana,
3104 3612 3174 3667 et

633 3688 918 3778 majora,
955 3709 1163 3775 quam
1223 3710 1343 3778 per
1389 3688 1734 3778 seipsum:
1778 3710 1897 3778 per
1956 3687 2139 3774 quod
2183 3687 2459 3758 beatum
2511 3688 2684 3757 illud
2731 3689 3013 3758 verbum
3068 3700 3175 3756 est

630 3775 926 3857 locutuS‚
982 3775 1229 3846 Vellem
1280 3799 1430 3848 esse
1459 3777 1827 3846 anathema
1875 3797 1998 3865 pro
2051 3776 2220 3846 meis
2268 3776 2638 3848 fratribus:
2678 3799 2799 3867 per
2846 3775 3028 3863 quod
3073 3776 3170 3846 lo-

629 3877 835 3935 cutus
892 3877 993 3936 est
1040 3887 1271 3936 coram
1322 3866 1649 3957 Regibus,
1715 3878 1780 3933 et
1827 3887 1962 3935 non
2021 3866 2361 3936 erubuitt·
2396 3888 2515 3956 per
2575 3867 2755 3952 quod
2808 3864 3170 3954 fugiebant

628 3952 1025 4034 daemoneS,
1055 3975 1191 4023 non
1245 3953 1469 4025 solum
1499 3954 1890 4042 loquentem
1926 3954 2308 4037 audientes,
2342 3955 2458 4024 sed
2492 3956 2694 4025 etiam
2726 3976 2885 4023 cum
2926 3954 3166 4042 procul

627 4055 893 4113 essent:
933 4064 1055 4134 per
1085 4042 1265 4130 quod
1300 4043 1692 4134 composuit
1739 4042 1969 4113 omnia
2002 4064 2179 4130 quae
2227 4045 2481 4113 suntin
2528 4059 2728 4124 terra,
2781 4042 3161 4129 quinetiam

627 4154 706 4202 ea
744 4153 922 4220 quae
969 4144 1132 4202 sunt
1163 4131 1232 4199 in
1280 4131 1490 4203 coelis
1527 4131 1876 4220 quomodo
1927 4131 2140 4202 voluit
2201 4132 2728 4212 administravit,
2767 4132 2911 4202 illic
2944 4131 3166 4221 ligans

626 4233 692 4290 et
717 4220 987 4291 solvens
1016 4242 1191 4308 quos
1238 4220 1526 4302 volebat,
1562 4243 1684 4311 pro
1733 4222 1868 4290 sibi
1900 4220 2060 4290 data
2097 4233 2444 4313 potestate.

715 4313 752 4399 ξ
811 4314 974 4382 82.
1050 4309 1217 4392 Quis
1290 4309 1461 4379 mihi
1533 4309 1905 4379 ostenderit
1977 4309 2324 4401 pulverem
2383 4309 2571 4378 Pauli
2642 4308 2912 4386 cordis,
2980 4306 3164 4393 quod

626 4398 695 4467 in
749 4420 1164 4485 unoquoque
1202 4420 1439 4468 eorum
1473 4453 1488 4480 ,
1541 4398 1663 4485 qui
1701 4398 2037 4488 peribant,
2084 4398 2666 4479 inflammabatur,
2734 4410 2798 4466 et
2864 4394 3160 4465 infantes
