3357 4995
240 349 464 415 JUNII
520 348 600 412 47
1093 366 1171 410 DE
1220 368 1275 411 s.
1331 364 1516 412 Avrro
1566 363 1959 412 PRESBYTERO
2582 348 2714 412 449

243 451 676 541 colleginiu5‚
699 449 1054 528 succincti,
1096 471 1177 517 ne
1209 451 1691 538 mysteriorum
1721 450 2056 520 solemnia
2092 450 2161 517 in
2191 471 2541 540 vesperam
2579 472 2807 538 usque

249 540 758 632 protrahamus.

338 633 374 717 ξ
424 634 577 701 10.
634 627 927 709 Quidam
954 651 1035 696 ex
1082 629 1385 697 Dunensi
1436 629 1739 710 caste110‚
1795 651 1918 719 pro
1950 629 2102 717 ejus
2139 626 2546 716 plebeculae
2591 627 2814 698 salute

249 719 766 808 deprecaturuS,
806 716 1168 804 ablegatus
1214 730 1315 786 est
1354 716 1440 785 ad
1479 723 1543 785 S.
1600 719 1890 788 Avitum.
1929 716 2200 786 Accedit
2231 717 2530 785 devotus
2579 717 2663 785 ad
2716 719 2816 787 vi-

252 830 404 876 rum
463 807 595 886 Dei,
635 808 968 886 obsecrat,
1026 818 1100 874 ut
1146 829 1398 895 corpus
1444 830 1646 875 suum
1695 829 1817 898 pro
1864 805 2127 875 castelli
2185 805 2335 894 ejus
2391 805 2808 889 munimine,

252 896 432 985 apud
488 895 675 985 ipsos
712 894 1015 985 patiatur
1065 909 1213 983 post
1245 895 1508 964 obitum
1553 919 1758 965 suum
1795 895 2106 964 humari:
2155 894 2522 984 pollicetur
2572 917 2811 964 eorum

252 984 493 1063 verbis,
552 983 897 1074 egregiam
960 982 1289 1052 fabricam
1353 985 1576 1073 ipsius
1631 985 1892 1053 nomini
1944 1007 2012 1055 se
2055 983 2533 1078 dedicaturos.
2586 990 2663 1054 At
2712 986 2816 1055 vir

251 1086 565 1142 sanctus:
610 1096 644 1138 «
681 1071 830 1139 Indi
890 1094 1054 1140 num
1108 1085 1231 1150 est,
1288 1073 1531 1160 inquit,
1574 1073 1927 1142 hominem
1979 1086 2402 1163 peccatorem
2455 1086 2521 1141 et
2573 1073 2815 1143 multis

248 1162 663 1231 criminibus
698 1162 855 1228 invo
888 1174 1110 1242 utum,
1150 1162 1326 1230 intra
1378 1162 1714 1253 templum
1765 1162 2134 1232 tumulari:
2190 1162 2459 1250 campis
2513 1164 2806 1250 patenti-

250 1252 383 1319 bus
434 1251 515 1319 ad
570 1250 872 1318 futuram
925 1250 1536 1330 examinationem,
1593 1274 1748 1321 ossa
1805 1251 2171 1320 humiliata
2233 1250 2300 1317 in
2359 1249 2544 1319 fossa
2599 1251 2813 1321 humo

249 1339 442 1407 decet
483 1339 787 1407 recondi.
831 1339 956 1407 Sed
995 1352 1218 1408 tamen
1271 1354 1346 1407 ut
1398 1354 1616 1409 vestro
1671 1340 1962 1409 satisfiat
2010 1338 2375 1418 desiderio,
2413 1339 2472 1408 si
2517 1339 2588 1408 in
2655 1363 2815 1430 pro·-

253 1429 471 1517 posito
508 1429 947 1518 permanetiS‚
1008 1428 1337 1517 templum
1393 1428 1459 1495 in
1514 1429 1628 1496 Dei
1691 1430 1967 1497 nomine
2028 1443 2104 1498 ut
2143 1441 2614 1509 construatur,
2673 1452 2809 1500 non

251 1538 491 1586 recuso
596 1523 814 1585 Meum
870 1539 1024 1584 vero
1073 1539 1327 1604 corpus
1377 1517 1457 1584 ad
1534 1516 2054 1588 Aurelianorum
2107 1519 2350 1586 urbem
2408 1539 2486 1585 ex
2541 1519 2656 1586 Dei
2704 1541 2817 1588 vo-

250 1605 509 1674 luntate
558 1606 914 1675 condetur.
973 1606 1039 1673 Si
1088 1606 1253 1690 quid
1319 1620 1541 1674 tamen
1581 1622 2050 1696 opportunum
2115 1619 2335 1674 vestro
2390 1604 2539 1675 loco
2581 1608 2818 1678 existi-

251 1695 494 1774 matis,
560 1695 737 1764 inter
801 1695 1032 1763 futura
1092 1717 1243 1762 mox
1284 1694 1543 1784 jurgia,
1625 1718 1705 1763 ex
1755 1697 2049 1765 abeunte
2098 1695 2425 1785 indignas
2477 1718 2691 1778 meas,
2751 1698 2811 1765 si

254 1783 557 1871 poscitis,
592 1785 920 1870 reliquias
948 1783 1305 1872 capietis»
1336 1784 1525 1865 Quod
1563 1784 1655 1852 ita
1689 1806 1964 1871 quoque
2001 1784 2251 1852 factum
2293 1797 2419 1851 est.
2476 1784 2600 1855 Illo
2630 1786 2818 1855 enim

246 1872 315 1940 in
372 1873 517 1941 loco
568 1873 772 1942 hodie
809 1895 1058 1962 magna
1087 1872 1274 1962 degit
1321 1875 1763 1963 congregatio
1814 1875 2203 1952 hominum,
2247 1877 2376 1940 Deo
2411 1894 2608 1942 sacra
2655 1874 2807 1945 offi-

250 1961 354 2030 cia
389 1963 535 2031 sine
585 1962 1097 2030 intermissione
1149 1962 1610 2031 reddentium.

337 2053 373 2136 ξ
423 2057 553 2123 11.
612 2057 739 2119 Nec
792 2050 1006 2120 multo
1042 2065 1191 2140 post
1226 2052 1328 2119 vir
1363 2053 1599 2120 beatus
1639 2051 2039 2120 certaminis
2071 2052 2180 2120 sui
2233 2051 2445 2118 finem
2484 2051 2814 2133 obtinuit,

254 2153 709 2226 sanctumque
758 2141 966 2208 coelis
1017 2139 1334 2228 spiritum
1395 2140 1716 2208 reddidit.
1780 2140 1902 2207 Ubi
1954 2163 2108 2208 vero
2166 2140 2702 2211 Aurelianenses
2751 2153 2817 2209 et

254 2229 666 2297 Dunenses*
699 2230 783 2296 de
830 2230 980 2318 eJus
1022 2229 1215 2297 obitu
1262 2229 1583 2297 certiores
1614 2228 1768 2297 facti
1813 2244 1997 2309 sunt,
2044 2241 2318 2318 propter
2353 2251 2626 2296 sacrum
2655 2252 2809 2298 cor-

254 2339 385 2407 pus
412 2318 543 2385 sibi
579 2318 1087 2386 vendicandum
1125 2318 1447 2404 utrinque
1489 2340 1680 2385 arma
1714 2332 2107 2406 capessunt.
2149 2324 2501 2385 Dunenses
2532 2317 2807 2387 Abbatis

253 2406 360 2474 sui
393 2429 644 2496 corpus
695 2420 1020 2493 tanquam
1056 2406 1355 2492 quodam
1409 2429 1534 2474 suo
1571 2406 1930 2495 privilegio
1971 2407 2448 2494 reposcebant:
2506 2406 2808 2473 Aurelia-

252 2518 499 2565 nenses
552 2496 965 2577 monachum
1004 2495 1481 2563 Miccianensis
1517 2495 1909 2563 monasterii
1964 2495 2097 2564 sibi
2148 2494 2384 2564 deberi
2439 2493 2809 2563 contende-

251 2586 439 2654 bant.
496 2590 661 2653 Cum
696 2599 921 2655 autem
978 2585 1511 2664 monasterium,
1576 2585 1643 2652 in
1703 2607 1840 2671 quo
1885 2585 1986 2651 vir
2035 2585 2148 2652 Dei
2204 2584 2609 2661 decesserat,
2668 2588 2802 2652 Du-

254 2674 588 2742 nensibus
621 2687 796 2744 esset
840 2674 1320 2763 propinquius,
1367 2672 1675 2740 celeriter
1710 2695 1950 2742 omnes
1985 2696 2063 2741 eo
2103 2673 2452 2749 advolant,
2507 2671 2816 2742 defuncti

253 2785 506 2852 corpus
537 2775 859 2849 tanquam
898 2762 1231 2831 instructa
1266 2762 1411 2830 acie
1444 2763 1746 2850 rapiunt,
1789 2762 2283 2849 sublatumque
2309 2761 2392 2829 ad
2428 2773 2809 2829 extructam

252 2852 611 2920 basilicam
662 2852 1060 2940 absportare
1112 2853 1447 2920 nituntur.
1513 2851 1639 2920 Sed
1707 2873 1842 2919 non
1906 2874 2150 2940 segnes
2201 2849 2589 2930 Aureliani,
2658 2850 2821 2920 licet

255 2940 608 3027 aliquanto
660 2941 1043 3030 posterius,
1113 2941 1326 3010 armis
1389 2941 1709 3009 instructi
1762 2953 2158 3021 occurrunt,
2233 2939 2411 3008 fores
2491 2938 2826 3008 basilicae

254 3043 634 3119 occupant:
674 3029 937 3118 clypeis
1005 3030 1182 3110 tecti,
1222 3041 1467 3119 parant
1499 3052 1569 3097 se
1603 3028 1687 3097 ad
1741 3030 2257 3119 confligendum
2305 3050 2465 3097 cum
2539 3032 2817 3096 Dunen-

254 3118 449 3187 sibus
508 3141 779 3187 sacrum
833 3140 1085 3208 corpus
1163 3118 1750 3208 absportantibuS.
1811 3119 1882 3185 Id
1937 3119 2060 3188 ubi
2128 3141 2165 3186 e
2224 3118 2418 3206 sylva
2470 3139 2593 3206 pro
2646 3117 2819 3185 ressi

258 3207 592 3277 hactenus
642 3208 865 3277 securi
923 3214 1270 3276 Dunenses
1330 3207 1793 3297 conspiciunt,
1838 3208 2094 3275 animis
2177 3206 2539 3282 erturbati‚
2627 3209 2823 3297 espe-

256 3310 411 3364 rant
443 3318 513 3364 se
565 3319 764 3387 posse
804 3310 955 3366 voto
1008 3297 1209 3385 potiri
1245 3319 1389 3366 suo.
1430 3301 1663 3383 Itaque
1693 3296 2034 3365 submotis
2075 3295 2119 3364 il
2160 3298 2238 3377 is,
2280 3297 2350 3363 in
2389 3293 2620 3363 media
2655 3294 2824 3364 aede

256 3408 435 3455 onus
484 3408 759 3454 sacrum
812 3386 1007 3453 inviti
1039 3385 1122 3454 de
1175 3397 1416 3464 onunt,
1472 3385 1717 3455 castris
1767 3400 1990 3454 castra
2040 3395 2430 3475 opponunt,
2473 3384 2652 3452 inter
2683 3407 2824 3453 me-

255 3474 371 3542 dia
425 3487 878 3562 utrorumque
928 3474 1057 3543 tela
1109 3489 1131 3543 t
1185 3496 1479 3542 esaurus
1558 3474 2036 3544 constituitur:
2093 3473 2210 3545 sed
2276 3472 2563 3543 coelitus
2626 3473 2821 3545 adest

258 3564 710 3652 praesidium,
768 3586 851 3632 ne
891 3564 1041 3652 ejus
1095 3567 1327 3641 causa,
1363 3564 1483 3649 qui
1536 3562 1775 3631 multis
1830 3586 2033 3653 saepe
2073 3564 2280 3631 vitam
2343 3561 2689 3644 attulerat,
2748 3562 2819 3629 in

260 3668 541 3721 mutuae
574 3653 805 3721 caedis
862 3652 1234 3721 discrimen
1290 3651 1953 3742 illiconjicerentur.
2029 3652 2251 3730 Adest,
2312 3656 2443 3719 Deo
2505 3650 2819 3732 volente,

260 3745 544 3823 Leusus,
607 3743 707 3809 vir
756 3742 1052 3831 insignis
1101 3765 1179 3811 ac
1229 3763 1506 3810 summa
1558 3753 1882 3831 potestate
1944 3741 2336 3831 praeditus:
2383 3741 2821 3830 jurgantium

260 3827 411 3898 lites
461 3830 747 3909 dirimit,
785 3845 1204 3900 armatorum
1260 3853 1457 3899 saeva
1500 3830 1788 3899 consilia
1822 3831 2140 3921 dissipat,
2195 3850 2591 3920 corpusque
2645 3829 2828 3899 salu-

266 3917 537 3986 tiferum
588 3941 706 4009 per
740 3920 1095 4009 publicum
1132 3942 1448 4009 aggerem
1483 3918 1795 3988 Aurelias
1830 3919 2177 4010 deportari
2214 3919 2429 4005 jubet.

353 4007 388 4091 ξ
435 4012 582 4079 12.
639 4015 807 4078 Tum
841 4031 997 4078 vero
1026 4014 1378 4079 Dunenses
1416 4029 1667 4098 magno
1703 4007 1938 4076 dolore
1984 4009 2305 4098 correpti,
2351 4007 2827 4079 lamentabiles

266 4092 432 4194 dant
466 4119 657 4167 voces
690 4098 758 4166 in
810 4097 1105 4179 coelum,
1140 4111 1205 4167 et
1252 4097 1415 4185 quia
1460 4118 1593 4166 non
1646 4110 2186 4187 possentsacros
2220 4110 2439 4180 artuS,
2493 4099 2556 4167 vi
2611 4100 2829 4187 impe-

266 4182 651 4283 dite-apud
695 4209 767 4256 se
811 4188 1121 4270 retinere,
1162 4199 1360 4257 orant
1393 4186 1574 4255 beati
1626 4186 1755 4254 viri
1803 4187 2073 4273 aliquas
2124 4187 2456 4274 reliquias
2490 4188 2623 4257 sibi
2675 4208 2827 4276 per-

267 4284 471 4340 mitti.
506 4278 644 4343 Non
691 4277 912 4366 potuit
942 4277 1070 4346 hoc
1113 4276 1349 4367 negari
1385 4275 1798 4366 petentibuS,
1839 4276 2133 4346 maxime
2163 4277 2348 4364 quod
2388 4273 2826 4364 aequissimis

314 4438 341 4465 ’⁸'
373 4437 492 4477 Gan.
518 4439 719 4479 onmis
736 4447 773 4479 et
792 4453 898 4481 ceu-z·
917 4444 968 4480 ele
988 4443 1281 4481 Charmadam.

429 4545 672 4603 surius
705 4577 723 4587 -
764 4545 925 4605 Vitae
966 4543 1071 4608 SS.
1098 4546 1224 4606 Vol.
1254 4579 1277 4591 -
1306 4546 1404 4608 VI.
2591 4547 2664 4597 {ist
