3357 4995
683 335 814 398 290
1215 350 1293 396 na
1340 350 1396 395 s.
1450 348 1739 398 causano
1787 349 2085 398 nomcao
2132 349 2513 398 emanat.
2624 377 2627 382 »
2788 333 3008 399 JUNII
3062 332 3148 396 43

595 432 811 523 possit
838 453 971 501 non
1001 430 1342 499 immerito
1366 431 1644 500 haerere
1674 423 2033 501 sententia.
2071 437 2146 500 At
2173 430 2342 501 mihi
2368 432 2497 501 etsi
2523 452 2659 500 non
2687 430 2816 500 ista
2844 432 3154 521 suppetit

594 521 967 622 plangendi
1030 521 1222 598 ratio,
1289 523 1421 587 non
1474 533 1702 589 tamen
1757 520 1971 590 nulla.
2050 520 2305 610 Plango
2410 520 2665 589 rimurn
2726 542 2809 588 su
2863 541 2938 588 er
2996 541 3149 589 mea

594 612 819 700 ipsius
859 610 1085 698 plaga,
1143 621 1346 694 atque
1383 609 1596 699 hujus
1634 610 1909 699 jactura
1980 609 2279 679 domus·
2324 614 2368 677 P
2399 629 2579 698 ango
2639 608 2795 677 dein
2854 631 2891 677 e
2939 630 3152 698 super

592 721 978 790 pauperum
1040 698 1583 778 necessitatibuS,
1654 719 1953 784 quorum
2017 697 2362 768 Gerardus
2430 712 2623 787 pater
2666 709 2832 766 erat.
2894 696 3152 787 Plango

593 801 773 858 certe
804 799 869 857 et
901 809 1109 876 super
1158 787 1477 855 universo
1509 798 1691 855 statu
1740 787 1956 856 nostri
1998 786 2296 865 Ordinis,
2356 799 2629 856 nostrae
2674 787 3144 875 professionis,

593 877 712 964 qui
749 877 834 945 de
882 888 999 944 tuo
1048 874 1345 943 Gerarde
1374 874 1538 954 zelO,
1577 875 1868 945 consilio
1908 890 1972 945 et
2019 875 2333 965 exemplo
2366 876 2576 944 robur
2626 896 2763 944 non
2802 873 3148 943 mediocre

595 967 935 1055 capiebat.
981 963 1234 1054 Plango
1285 978 1628 1051 postremo
1666 965 1793 1033 etsi
1847 986 1979 1034 non
2031 986 2240 1053 super
2289 977 2373 1042 te,
2482 975 2710 1054 ropter
2774 977 2837 1033 te
2886 976 3140 1032 tamen.

597 1055 770 1123 Hinc
822 1075 1150 1144 prorsus,
1221 1051 1381 1121 hinc
1438 1052 1701 1121 afficior
1749 1054 2081 1142 graviter,
2134 1053 2298 1140 quia
2345 1073 2423 1122 ve
2475 1065 2780 1122 ementer
2825 1074 3005 1121 am0.
3071 1057 3149 1121 Et

598 1164 800 1213 nemo
841 1142 1010 1210 mihi
1055 1141 1382 1211 molestus
1416 1141 1524 1218 sit,
1579 1141 1818 1212 dicens
1868 1163 2000 1211 non
2035 1142 2284 1210 debere
2332 1142 2429 1212 sie
2463 1140 2692 1210 affici:
2736 1162 2898 1211 cum
2955 1141 3147 1210 beni-

646 1254 775 1300 nus
811 1229 1083 1300 Samuel
1135 1251 1344 1318 super
1391 1231 1680 1318 reprobo
1732 1252 1911 1320 rege,
1946 1244 2013 1300 et
2062 1231 2220 1320 pius
2279 1229 2489 1299 David
2542 1251 2750 1321 super
2800 1229 3145 1321 parricida

594 1255 736 1389 filio
769 1319 1220 1389 satisfecerint
1274 1319 1637 1398 affectioni,
1671 1333 1738 1388 et
1772 1341 1905 1388 non
1962 1319 2047 1388 ad
2085 1319 2409 1420 injuriam
2468 1319 2652 1399 fidei,
2712 1341 2846 1389 non
2908 1319 2977 1388 in
3029 1340 3147 1388 su-

597 1410 792 1499 perni
844 1407 1354 1497 sugillationem
1400 1408 1676 1495 judicii,
1732 1407 2021 1478 Absalon
2073 1407 2171 1476 fili
2224 1409 2318 1476 mi
2369 1408 2831 1492 (aitsanctus
2882 1407 3147 1495 David)

598 1498 701 1566 fili
737 1498 830 1564 mi
863 1496 1180 1564 Absalon:
1234 1500 1311 1563 Et
1353 1517 1507 1564 eece
1539 1495 1699 1585 plus
1739 1518 1946 1583 quam
1998 1496 2289 1567 Absa'lon
2341 1497 2476 1566 hic.
2517 1498 2822 1567 Salvator
2869 1518 3143 1584 quoque

597 1586 839 1654 videns
872 1585 1209 1653 civitatem
1236 1585 1652 1665 Jerusalem,
1687 1598 1751 1653 et
1812 1586 2213 1686 praevidens
2281 1586 2655 1666 ruituram,
2711 1586 2893 1655 flevit
2932 1607 3144 1676 super

596 1697 774 1743 eam.
815 1680 891 1741 Et
923 1695 1049 1762 ego
1084 1674 1456 1762 propriam,
1490 1688 1554 1742 et
1586 1695 1762 1761 quae
1812 1695 1879 1742 tn
1927 1675 2265 1764 praesenti
2313 1688 2435 1754 est,
2475 1674 2963 1745 desolationem
3004 1696 3138 1742 non
3218 1696 3223 1701 ·

599 1765 945 1832 sentiam?
1009 1762 1280 1851 l‘lagarn
1327 1783 1546 1831 meam
1599 1775 1965 1842 recentem,
2028 1776 2092 1832 et
2139 1785 2415 1853 gravem
2474 1785 2607 1832 non
2658 1764 2962 1833 doleam?
3018 1762 3143 1831 Ille

600 1853 787 1920 flevit
834 1851 1334 1940 compatiendo,
1388 1864 1452 1920 et
1499 1873 1624 1942 ego
1654 1851 1974 1942 patiendo
2010 1874 2140 1922 non
2192 1851 2532 1921 audeam?
2566 1857 2639 1920 Et
2685 1866 2865 1921 certe
2912 1851 2997 1921 ad
3032 1863 3142 1920 tu-

601 1941 875 2010 mulum
910 1940 1138 2008 Lazari
1178 1961 1297 2007 nec
1331 1939 1567 2008 flentes
1595 1942 1847 2030 arguit,
1892 1962 2016 2010 nec
2047 1964 2087 2009 a
2120 1941 2282 2010 fletu
2324 1940 2695 2030 prohibuit,
2763 1943 3046 2030 insuper
3076 1951 3141 2008 et

601 2030 785 2097 flevit
839 2051 997 2096 cum
1034 2029 1384 2114 flentibus.
1448 2034 1524 2097 Et
1585 2029 2003 2117 lacrymatus
2053 2043 2175 2108 est,
2232 2030 2480 2116 inquit,
2535 2031 2769 2100 Jesus.
2842 2035 3142 2099 Fuerunt

603 2119 947 2205 lacrymae
998 2118 1152 2186 illae
1207 2131 1405 2187 testes
1455 2117 1752 2207 profecto
1808 2132 2091 2187 naturae
2126 2175 2141 2192 ,
2199 2140 2330 2187 non
2385 2117 2648 2187 indices
2687 2118 3131 2188 diffidentiae.

596 2209 900 2293 Denique
969 2220 1033 2275 et
1109 2206 1358 2295 prodiit
1398 2229 1552 2276 mox
1615 2207 1697 2275 ad
1771 2229 1997 2276 vocem
2055 2209 2205 2296 ejus
2267 2208 2387 2294 qui
2441 2219 2584 2277 erat
2637 2223 2994 2287 mortuuS,
3057 2229 3140 2276 ne

597 2297 925 2365 continuo
964 2308 1159 2382 putes
1208 2294 1364 2363 fidei
1424 2295 1923 2384 praeiudicium
1980 2296 2275 2365 dolentis
2317 2297 2660 2366 affectum.

684 2387 720 2471 ἕ
766 2387 905 2456 14.
940 2385 1046 2452 Sic
1099 2406 1218 2452 nec
1246 2385 1445 2452 fletus
1478 2385 1715 2470 utique
1758 2397 1988 2454 noster
2018 2385 2442 2454 infidelitatis
2493 2398 2594 2454 est
2644 2387 2969 2474 signum,
3022 2385 3134 2453 sed

596 2474 1013 2542 conditionis
1055 2473 1413 2542 indicium.
1451 2478 1579 2543 Nec
1609 2474 1777 2560 quia
1821 2495 2189 2563 percussus
2236 2474 2447 2565 ploro,
2491 2496 2707 2569 arguo
2754 2473 3132 2549 ferientem:

594 2564 710 2632 sed
762 2585 1050 2653 provoco
1111 2565 1450 2655 pietatem,
1503 2563 1925 2631 severitatem
1970 2564 2237 2632 flectere
2269 2567 2525 2652 satago.
2587 2565 2774 2633 Unde
2821 2576 2885 2633 et
2937 2563 3139 2632 verba

597 2675 749 2722 mea
801 2652 1033 2719 dolore
1085 2666 1246 2720 sunt
1293 2651 1486 2739 plena
1522 2706 1536 2730 ,
1600 2673 1736 2720 non
1783 2665 2008 2720 tamen
2061 2667 2125 2720 et
2167 2673 2544 2722 murmure.
2606 2653 2951 2738 Numquid
3003 2673 3137 2721 non

597 2741 879 2830 plenum
913 2740 1221 2825 justitiae
1275 2740 1549 2829 protuli,
1596 2740 1784 2826 quod
1831 2741 2041 2811 unius
2089 2742 2462 2811 sententiae
2523 2741 3027 2830 complemento
3076 2754 3143 2810 et

598 2831 885 2919 punitus
924 2843 1026 2898 est
1072 2830 1190 2915 qui
1240 2829 1498 2909 debuit,
1543 2842 1608 2898 et
1655 2841 2024 2898 coronatus
2071 2829 2190 2916 qui
2228 2830 2632 2899 meruitYEt
2679 2830 2909 2898 adbuc
2956 2830 3135 2898 dico:

599 2923 772 2986 Bene
797 2932 1176 3003 utrumque
1226 2918 1380 2986 fecit
1430 2918 1657 2987 dulcis
1701 2932 1766 2985 et
1808 2932 2033 2988 rectus
2082 2918 2436 2987 Dominus
2474 2918 3027 3010 §Misericordiam
3077 2930 3143 2986 et

587 3006 935 3096 judicium
971 3007 1260 3076 cantabo
1309 3008 1432 3076 tibi
1484 3007 1788 3077 Domine.
1847 3013 2078 3075 tlantet
2114 3007 2235 3075 tibi
2286 3007 2756 3076 misericordia
2801 3029 3009 3093 quam
3043 3006 3140 3075 se—

594 3096 748 3164 cisti
784 3117 941 3163 cum
992 3117 1183 3164 servo
1234 3109 1348 3164 tuo
1388 3096 1709 3174 Getardo,
1749 3108 1974 3164 cantet
2005 3109 2069 3164 et
2101 3095 2449 3185 judicium
2500 3096 2684 3183 quod
2739 3118 2865 3165 nos
2905 3107 3135 3185 porta-

595 3207 774 3254 mus.
833 3189 906 3251 In
959 3184 1169 3252 altero
1218 3184 1464 3264 bonus,
1519 3184 1585 3251 in
1638 3184 1850 3253 altero
1874 3185 2108 3274 justus
2143 3184 2555 3254 laudaberis.
2598 3191 2692 3253 An
2725 3185 2941 3254 solius
2986 3185 3140 3254 laus

591 3274 966 3343 bonitatis?
1017 3278 1125 3340 Est
1171 3286 1237 3339 et
1272 3273 1604 3360 justitiae.
1656 3279 1889 3341 ‚Iustus
1934 3297 2001 3342 es
2037 3275 2325 3352 Domine,
2391 3285 2453 3341 et
2515 3285 2765 3342 rectum
2787 3274 3135 3363 judicium

592 3374 804 3430 taum.
846 3362 1221 3429 Gerardum
1274 3374 1349 3429 tu
1380 3361 1651 3439 dedisti,
1691 3361 2067 3431 Gerardum
2101 3376 2172 3430 tu
2222 3362 2611 3431 abstulisti:
2651 3364 2777 3431 etsi
2821 3361 3141 3432 dolemus

589 3451 920 3527 ablatum,
962 3472 1094 3519 non
1134 3463 1352 3518 tamen
1387 3450 1864 3519 obliviscimur
1910 3450 2095 3537 quod
2144 3450 2349 3519 datus
2396 3450 2549 3529 fuit,
2589 3464 2654 3520 et
2702 3452 3023 3541 gratias‘a
3087 3451 3139 3500 '-

588 3563 747 3609 mus
780 3538 960 3626 quod
999 3539 1247 3607 habere
1287 3537 1485 3606 illum
1515 3539 1896 3608 meruimus
1937 3562 2074 3625 quo
2102 3561 2334 3608 carere
2384 3540 2724 3609 intantum
2779 3561 2913 3609 non
2951 3561 3029 3609 vo
3063 3561 3138 3607 u-

589 3651 770 3705 mus,
828 3630 1238 3713 inquantum
1307 3648 1443 3695 non
1491 3628 1786 3717 expedit.
1846 3627 2187 3697 Recordor
2254 3628 2539 3697 Domine
2599 3629 2774 3718 pacti
2829 3628 3002 3708 mei,
3072 3640 3139 3695 et

591 3717 1053 3787 miserationis
1089 3729 1266 3794 tuae,
1323 3730 1397 3785 ut
1448 3718 1668 3807 magis
1704 3719 2209 3806 justificer-isin
2241 3719 2652 3786 sermonibus
2694 3721 2851 3789 tuis.
2904 3728 2967 3786 et
3000 3720 3138 3785 vin·

587 3829 701 3874 eas
760 3829 908 3873 cum
936 3807 1298 3895 judicaris.

672 3899 709 3981 9⁶
756 3900 898 3966 15.
952 3900 1116 3962 Cum
1159 3916 1277 3983 pro
1317 3916 1529 3963 eausa
1579 3895 1917 3963 Ecclesiae
1965 3915 2147 3964 anno
2200 3895 2559 3993 praeterito
2617 3895 2909 3983 ‚viterbii
2955 3916 3138 3963 esse-

586 4004 769 4056 mus,
824 3983 1194 4073 aegrotavit
1236 3982 1388 4052 ille:
1443 3997 1508 4052 et
1558 3982 2013 4053 invalescente
2048 3983 2402 4074 languore,
2445 4006 2605 4053 cum
2629 3984 2778 4072 jam
2825 3983 3140 4074 proxima

591 4071 933 4141 videretur
981 4073 1262 4152 vocatio,
1316 4095 1441 4163 ego
1475 4073 1854 4161 aegerrime
1888 4072 2113 4141 ferens
2160 4073 2480 4142 comitem
2537 4072 3131 4163 peregrinationi5‚

585 4174 649 4230 et
691 4160 888 4229 illum
940 4164 1255 4231 comitem
1311 4164 1376 4230 in
1431 4175 1605 4230 terra
1665 4162 2056 4248 relinquere
2095 4161 2361 4238 aliena,
2438 4163 2962 4252 necresignare
3030 4160 3137 4228 his

581 4251 699 4336 qui
753 4250 923 4318 mihi
972 4272 1128 4320 eum
1181 4252 1713 4328 commiserant,
1771 4252 2103 4337 quoniam
2179 4251 2545 4320 amabatur
2610 4252 2697 4322 ab
2754 4250 3129 4327 omnibus,

587 4339 766 4411 sicut
812 4354 954 4408 erat
987 4340 1310 4411 amabilis
1347 4338 1571 4408 valde:
1635 4361 2012 4410 conversus
2065 4339 2153 4408 ad
2213 4340 2592 4409 orationem
2645 4362 2807 4410 cum
2860 4340 3024 4407 ssetu
3072 4349 3137 4406 et

586 4429 872 4517 gemitu,
926 4435 1242 4519 Expecta,
1284 4429 1594 4515 inquam,
1635 4428 1918 4498 Domine
1948 4449 2173 4515 usque
2217 4428 2303 4499 ad
2355 4429 2677 4499 reditum.
2722 4428 3129 4498 Restitutum
