3357 4995
753 350 881 414 340
1571 366 1647 413 na
1697 366 1751 412 s.
1805 365 1969 412 num
2017 365 2304 412 marran
2854 345 3076 411 JUNII
3128 347 3220 411 ⁴5

668 451 1018 540 lapidibus
1047 463 1111 519 et
1145 449 1375 540 lignis,
1406 450 1734 539 operibus
1770 470 2102 518 manuum
2132 447 2523 528 hominum,
2555 447 3038 516 credere.»-«
3058 453 3223 517 Sce-

675 540 1061 619 lestissime,
1126 539 1353 625 inquit
1401 539 1772 618 Maximus,
1828 560 1993 606 num
2057 537 2179 609 tibi
2238 537 2624 605 humanum
2698 557 2874 627 opus
2948 536 3228 606 videtur

672 650 968 717 magnus
1002 627 1175 696 deus
1210 633 1255 695 A
1308 627 1518 697 ollo‘l»
1558 627 1762 696 Dulas
1787 627 1920 696 ait:
1967 631 2184 696 «Vere
2210 624 2587 715 Apollinem
2619 626 2748 695 isto
2779 625 3058 694 nomine
3092 648 3222 716 ap-

672 717 966 807 pellasti,
1012 738 1171 786 nam
1207 715 1252 784 il
1289 717 1306 783 i
1352 728 1644 786 mentem
1676 715 2038 795 adhibenS,
2074 715 2380 785 animam
2414 726 2603 783 tuam
2640 713 3032 805 perdidisti:
3078 735 3219 783 non

671 805 892 875 solum
942 817 1171 874 autem
1222 817 1436 883 tuam,
1478 804 1592 876 sed
1629 804 1907 874 illorum
1943 804 2173 884 etiam,
2209 801 2465 889 'quibus
2506 802 2901 892 persuades,
2930 815 3011 890 ut
3051 825 3221 873 eum

673 893 982 963 adorent.
1038 893 1211 962 Illud
1266 908 1495 964 autem
1545 893 1738 972 scit0,
1776 896 1959 980 quod
2015 897 2188 963 Deus
2234 892 2383 982 ipse
2432 891 2732 979 requiret
2793 913 2830 960 e
2889 891 3222 960 manibus

674 983 811 1052 tuis
845 983 1137 1062 animaS,
1190 1004 1363 1068 quas
1411 1004 1663 1072 cogens
1696 981 2077 1071 perdidisti.
2115 984 2462 1050 Caeterum
2499 980 2735 1070 Apollo
2771 980 3054 1076 impius,
3110 979 3220 1049 di-

672 1093 822 1140 cam
877 1071 996 1139 tibi
1038 1071 1265 1157 qualis
1313 1070 1464 1139 fuit.

760 1162 796 1246 ξ
843 1165 929 1230 5.
976 1182 1010 1225 «
1050 1165 1203 1228 Erat
1236 1159 1371 1240 ille,
1416 1171 1492 1230 ut
1543 1172 1613 1227 tu
1654 1181 1841 1228 nunc
1888 1180 1984 1238 eS,
2049 1157 2523 1227 incontinens:
2560 1179 2860 1245 cumque
2892 1157 3217 1248 Daphnes

676 1269 908 1316 amore
941 1264 1187 1338 captus
1218 1260 1414 1328 esset,
1462 1261 1526 1318 et
1561 1248 1891 1338 pecunias
1927 1247 2180 1318 multas
2209 1246 2270 1313 ei
2300 1245 2622 1327 dedisset,
2667 1246 3005 1335 promissa
3035 1268 3219 1335 quae

674 1336 761 1405 ab
810 1337 959 1426 ipsa
1007 1349 1384 1425 acceperat,
1438 1350 1796 1406 assecutus
1846 1357 1979 1405 non
2037 1349 2160 1404 est.
2233 1339 2520 1417 Quaem,
2575 1335 2970 1421 qualisnam
3040 1336 3217 1405 deus

674 1426 801 1495 iste
832 1438 954 1503 est,
998 1425 1117 1510 qui
1151 1447 1380 1494 amore
1431 1424 1851 1505 vulneratus,
1906 1447 2054 1494 eam
2098 1445 2307 1511 quarn
2356 1422 2723 1492 adamabat
2755 1424 3031 1510 assequi
3075 1445 3216 1494 non

674 1515 942 1603 potuit‘?
996 1514 1125 1596 Qui
1179 1527 1364 1602 potes
1415 1513 1627 1603 igitur
1677 1535 1992 1602 sperat-e,
2047 1524 2109 1581 te
2169 1512 2428 1598 aliquid
2479 1533 2598 1601 per
2644 1534 2801 1580 eum
2853 1524 3217 1588 assecutu-

677 1606 876 1671 rum?
925 1607 1086 1670 Vere
1131 1624 1308 1689 quae
1355 1625 1394 1670 a
1445 1601 1634 1671 vobis
1682 1602 1766 1670 de
1814 1601 1933 1671 illo
1980 1615 2349 1681 canuntur,
2405 1601 2552 1670 risu
2606 1600 2818 1700 digna
2866 1613 3051 1681 sunt,
3112 1601 3217 1670 vel

676 1692 907 1781 potius
957 1689 1170 1759 luctu.
1210 1695 1423 1773 Quem
1473 1691 1654 1760 enim
1711 1689 1961 1760 mulier
2006 1690 2319 1759 meretrix
2358 1689 2783 1766 execrabilis,
2828 1703 3029 1776 atque
3062 1693 3218 1759 om—

679 1779 789 1847 nis
816 1779 1236 1868 impuritatis
1260 1779 1482 1869 plena,
1514 1801 1634 1869 pro
1660 1778 1878 1848 nihilo
1900 1778 2164 1859 habuit,
2202 1777 2606 1869 Apollinem,
2638 1777 2949 1865 inquam,
2982 1790 3211 1858 tuum,

676 1869 746 1936 in
800 1869 1001 1956 cujus
1048 1866 1289 1937 faciem
1340 1869 1490 1958 ipsa
1537 1869 1795 1958 expuit,
1853 1881 2014 1936 tune
2063 1866 2286 1948 illum,
2342 1879 2417 1935 ut
2474 1871 2709 1947 Deum,
2764 1866 3060 1935 adoras?
3109 1867 3219 1935 Vi-

678 1956 799 2025 des
847 1970 924 2024 ut
977 1955 1163 2025 luctu
1213 1956 1422 2046 digna
1474 1969 1633 2027 sunt
1683 1957 1894 2047 impia
1945 1967 2163 2026 vestra
2211 1955 2567 2024 facinora?
2608 1982 2629 2018 o
2696 1959 2874 2024 Haec
2912 1954 3219 2024 audiens

678 2043 1045 2113 Maximus:
1083 2050 1417 2124 «versate,
1457 2045 1705 2132 inquit,
1760 2047 1967 2115 istum
2020 2045 2088 2113 in
2139 2043 2422 2113 alteram
2476 2057 2762 2133 partem,
2798 2056 2862 2112 et
2909 2057 3217 2114 ventrem

676 2132 1079 2225 percutite.»
1114 2139 1281 2202 Tum
1317 2135 1725 2203 Athanasius
1756 2133 2266 2202 Cornicularius
2300 2132 2508 2201 dixit:
2542 2133 2988 2221 «obtempera
3021 2137 3215 2201 Prae-

677 2222 835 2290 sidi:
867 2243 1091 2292 nonne
1117 2222 1306 2292 vides
1332 2223 1588 2292 viscera
1615 2235 1731 2292 tua
1762 2221 2029 2291 exilire?
2057 2244 2223 2288 »—«
2244 2226 2398 2312 Age,
2432 2220 2656 2308 inquit
2686 2221 2913 2300 Dulas,
2951 2234 3047 2300 tu,
3091 2221 3213 2308 qui

682 2310 938 2380 diaboli
988 2311 1426 2381 consiliarius
1473 2333 1546 2381 es
1585 2323 1650 2379 et
1709 2311 2038 2391 minister,
2087 2310 2209 2380 tibi
2243 2324 2307 2379 et
2355 2310 2656 2378 Praesidi
2698 2323 2814 2380 tuo
2847 2309 2935 2378 da
2982 2309 3214 2378 consi-

679 2399 850 2469 lium
885 2398 1083 2478 illud,
1137 2399 1721 2487 quemadmodum
1777 2400 2097 2489 Daphnae
2141 2398 2550 2488 persuadere
2602 2398 2900 2489 possitis,
2933 2411 3009 2467 ut
3046 2420 3209 2467 cum

679 2494 812 2559 Deo
859 2502 1077 2559 vestro
1111 2488 1417 2580 Apolline
1448 2489 1632 2558 coire
1670 2487 1850 2569 velit,
1885 2511 1968 2558 ne
1993 2510 2225 2558 amore
2273 2501 2727 2579 consumptus
2771 2500 3020 2577 pereat.
3074 2492 3214 2578 Ego
3248 2506 3257 2513 ·

677 2578 860 2647 enim
933 2579 1150 2648 habeo
1209 2578 1689 2647 consiliarium
1757 2600 1984 2647 meum
2059 2578 2421 2647 Dominum
2468 2583 2706 2647 ‚Iesum
2771 2577 3214 2647 Christum.»

678 2672 847 2736 Tum
903 2668 1271 2738 Maximus:
1334 2667 1618 2736 «Afferte
1678 2665 2200 2745 craticulam,et
2247 2666 2435 2736 illam
2496 2666 2928 2735 vehementer
2969 2687 3215 2735 accen-

677 2756 841 2835 dite,
896 2767 1099 2842 atque
1157 2757 1393 2836 istum,
1447 2768 1523 2824 ut
1572 2754 1707 2835 diis
1759 2755 2318 2835 maledicentem,
2376 2755 2446 2823 in
2495 2777 2643 2831 eam
2688 2754 3091 2846 imponite.»
3142 2758 3218 2823 At

677 2843 931 2914 Dulas:
979 2868 1014 2910 «
1048 2845 1335 2925 Gratias,
1380 2845 1627 2931 inquit,
1684 2843 1804 2913 tibi
1869 2845 2010 2933 agit
2057 2843 2292 2933 Apollo
2324 2857 2487 2913 tuus
2527 2843 2598 2911 in
2649 2843 2984 2934 gehenna,
3030 2842 3221 2929 quod

677 2932 909 3023 ignem
971 2955 1328 3020 nunquam
1385 2931 1924 3023 extinguendum
1973 2931 2035 3001 ei
2086 2932 2436 3023 provides:
2494 2944 2698 3019 atque
2750 2931 2870 3001 tibi
2921 2933 3217 3023 gratiam

682 3021 946 3101 referet,
992 3022 1170 3090 hanc
1201 3022 1481 3102 scilicet,
1537 3035 1613 3091 ut
1661 3043 1804 3090 una
1850 3043 2007 3090 cum
2047 3021 2196 3111 ipso
2228 3020 2312 3090 ad
2355 3023 2668 3091 tenebras
2701 3020 3065 3092 exteriores
3095 3020 3217 3089 de—

685 3110 1011 3180 trudariS.
1064 3116 1251 3180 Tunc
1299 3123 1363 3178 et
1391 3132 1515 3201 ego
1563 3122 1624 3179 te
1674 3109 1895 3178 ridere
1930 3121 2182 3199 potero,
2220 3110 2432 3200 impie
2478 3110 2810 3200 Apollinis
2857 3123 3217 3200 patrone.»

770 3202 806 3286 ξ
854 3205 946 3270 6.
1001 3203 1165 3268 Cum
1210 3211 1433 3268 autem
1471 3210 1688 3268 totum
1716 3197 1854 3269 fere
1885 3201 2200 3289 Martyris
2230 3220 2482 3289 corpus
2510 3198 2869 3268 carnifices
2888 3198 3217 3268 combus-

682 3288 955 3369 sissent,
1032 3288 1199 3356 nihil
1253 3287 1721 3378 profecerunt:
1778 3310 1996 3374 neque
2042 3289 2227 3357 enim
2281 3289 2396 3357 Dei
2442 3310 2634 3357 servo
2696 3300 3212 3377 persuaserunt,

681 3389 759 3445 ut
808 3399 848 3445 a
894 3376 1029 3445 fide
1079 3376 1322 3445 Christi
1360 3375 1700 3445 deficeret.
1755 3380 1943 3445 Tunc
1982 3377 2196 3467 jussit
2242 3378 2575 3447 Maximus
2631 3382 2929 3456 PraeseS,
2964 3389 3042 3445 ut
3093 3375 3221 3444 mi-

693 3464 844 3535 lites
871 3465 959 3534 ita
1013 3465 1450 3534 combustum
1490 3466 1555 3532 in
1586 3486 1857 3534 carcere
1884 3464 2203 3535 interiore
2236 3465 2583 3534 hominem
2610 3464 3055 3543 custodirent,
3099 3485 3219 3533 ne-

679 3576 814 3640 que
844 3555 1008 3622 cura
1043 3551 1273 3639 aliqua
1325 3552 1518 3621 illurn
1574 3567 2169 3642 prosequerentur,
2225 3554 2392 3623 haec
2441 3553 2747 3623 addens:
2798 3555 2885 3622 Ne
2933 3553 3090 3639 quis
3137 3574 3216 3622 ex

683 3642 921 3732 impiis
971 3641 1373 3711 hominibus
1412 3663 1570 3710 eum
1629 3642 1717 3711 ob
1770 3642 1835 3710 id
1886 3642 2162 3712 beatum
2202 3642 2565 3732 praedicet,
2626 3641 2808 3729 quod
2872 3642 3083 3731 impie
3146 3642 3214 3710 in

681 3731 847 3799 deos
898 3742 1163 3801 nostros
1195 3751 1263 3802 se
1293 3751 1563 3820 gerens,
1603 3742 1942 3800 tormenta
1972 3753 2341 3822 perpessus
2364 3730 2592 3801 fuerit.
2632 3737 2788 3800 Erat
2813 3731 3020 3821 igitur
3046 3733 3217 3800 San-

682 3831 835 3888 ctus
863 3818 977 3888 ille
1012 3819 1079 3886 in
1114 3819 1430 3899 vinculis,
1466 3833 1530 3888 et
1578 3820 1728 3888 sine
1776 3820 2285 3891 intermissione
2320 3821 2433 3889 Dei
2460 3819 2748 3910 gloriam
2801 3819 3210 3900 celebrabat,

684 3928 983 3993 eumque
1015 3909 1445 3997 precabatur,
1485 3920 1560 3977 ut
1610 3909 1919 3997 martyrii
1968 3931 2249 3979 cursum
2304 3909 2675 4000 perficeret.
2717 3914 2872 3978 Post
2908 3908 3218 3996 quinque

684 3996 833 4065 dies
883 3997 1219 4066 Maximus
1270 3997 1336 4065 in
1390 3997 1722 4067 tribunali
1770 3997 2038 4077 sedenS,
2105 3997 2441 4084 quaesivit
2479 4020 2563 4066 an
2619 3996 2947 4068 scelestus
2993 3996 3111 4066 ille
3156 4008 3219 4065 ct

682 4085 940 4175 impiae
988 4086 1526 4155 Christianorum
1573 4085 1926 4177 religionis
1957 4096 2247 4155 sectator
2279 4086 2509 4156 adhuc
2558 4086 2849 4155 viveret:
2900 4106 3107 4187 quem
3157 4096 3220 4154 et

683 4173 770 4242 ad
808 4173 1107 4245 tribunal
1143 4174 1304 4244 duci
1343 4174 1576 4265 jussit.
1610 4174 2022 4244 Athanasius
2053 4174 2564 4245 Cornicularius
2612 4174 2966 4264 respondit
3021 4179 3219 4244 Prae·

685 4261 894 4332 fecto:
949 4268 1091 4333 «Ita
1137 4277 1462 4333 constans
1508 4274 1572 4331 et
1619 4263 1706 4331 ad
1741 4262 2205 4333 defensionem
2240 4277 2547 4353 paratuS,
2599 4275 2667 4332 et
2705 4262 3077 4333 incolumis
3122 4274 3220 4332 est

684 4352 891 4422 homo
941 4352 1078 4434 ille,
1131 4364 1206 4422 ut
1256 4374 1338 4421 ne
1367 4351 1754 4422 cicatricem
1804 4351 2084 4439 quidem
2146 4350 2451 4439 aliquam
2501 4352 2572 4420 in
2604 4373 2888 4441 corpore
2922 4374 3049 4421 suo
3098 4351 3219 4422 ha·

686 4441 910 4511 beat.»
958 4442 1312 4531 Jussitque
1345 4441 1542 4511 illum
1574 4440 1942 4511 introduci.
1978 4444 2191 4522 Quem
2221 4462 2379 4511 cum
2413 4445 2685 4511 Praeses
2720 4452 2933 4510 totum
2969 4461 3216 4512 sanum
