<?xml version="1.0" encoding="UTF-8"?>
<!DOCTYPE html PUBLIC "-//W3C//DTD XHTML 1.0 Transitional//EN"
    "http://www.w3.org/TR/xhtml1/DTD/xhtml1-transitional.dtd">
<html xmlns="http://www.w3.org/1999/xhtml" xml:lang="en" lang="en">
 <head>
  <title>
</title>
<meta http-equiv="Content-Type" content="text/html;charset=utf-8" />
  <meta name='ocr-system' content='tesseract 3.04.00' />
  <meta name='ocr-capabilities' content='ocr_page ocr_carea ocr_par ocr_line ocrx_word'/>
</head>
<body>
  <div class='ocr_page' id='page_1' title='image "./historiaeseuvit02lippgoog_0454.png"; bbox 0 0 3357 4995; ppageno 0'>
   <div class='ocr_carea' id='block_1_1' title="bbox 674 326 3138 405">
    <p class='ocr_par' dir='ltr' id='par_1_1' title="bbox 674 326 3138 405">
     <span class='ocr_line' id='line_1_1' title="bbox 674 326 3138 405; baseline -0.001 -10"><span class='ocrx_word' id='word_1_1' title='bbox 674 329 803 395; x_wconf 77' lang='lat'>438</span> <span class='ocrx_word' id='word_1_2' title='bbox 1182 347 1261 393; x_wconf 72' lang='lat' dir='ltr'>nn</span> <span class='ocrx_word' id='word_1_3' title='bbox 1309 346 1401 394; x_wconf 78' lang='lat' dir='ltr'>ss,</span> <span class='ocrx_word' id='word_1_4' title='bbox 1458 346 1570 394; x_wconf 71' lang='lat' dir='ltr'>uu.</span> <span class='ocrx_word' id='word_1_5' title='bbox 1628 346 1908 405; x_wconf 66' lang='lat' dir='ltr'>inmun,</span> <span class='ocrx_word' id='word_1_6' title='bbox 1961 345 2156 393; x_wconf 60' lang='lat' dir='ltr'>sitnm.</span> <span class='ocrx_word' id='word_1_7' title='bbox 2200 344 2277 391; x_wconf 73' lang='lat' dir='ltr'>Er</span> <span class='ocrx_word' id='word_1_8' title='bbox 2321 344 2548 392; x_wconf 70' lang='lat' dir='ltr'>mum.</span> <span class='ocrx_word' id='word_1_9' title='bbox 2778 326 3001 393; x_wconf 76' lang='lat' dir='ltr'>JUNll</span> <span class='ocrx_word' id='word_1_10' title='bbox 3050 328 3138 393; x_wconf 77' lang='lat'>⁴7</span> 
     </span>
    </p>
   </div>
   <div class='ocr_carea' id='block_1_2' title="bbox 565 428 3160 4523">
    <p class='ocr_par' dir='ltr' id='par_1_2' title="bbox 585 428 3141 1323">
     <span class='ocr_line' id='line_1_2' title="bbox 588 428 3141 521; baseline -0 -19"><span class='ocrx_word' id='word_1_11' title='bbox 588 454 716 502; x_wconf 90' lang='lat' dir='ltr'>nec</span> <span class='ocrx_word' id='word_1_12' title='bbox 776 455 936 503; x_wconf 92' lang='lat' dir='ltr'>cum</span> <span class='ocrx_word' id='word_1_13' title='bbox 986 431 1126 501; x_wconf 88' lang='lat' dir='ltr'>sint</span> <span class='ocrx_word' id='word_1_14' title='bbox 1179 431 1550 521; x_wconf 81' lang='lat' dir='ltr'>participes</span> <span class='ocrx_word' id='word_1_15' title='bbox 1615 430 1900 502; x_wconf 89' lang='lat' dir='ltr'>rationis</span> <span class='ocrx_word' id='word_1_16' title='bbox 1929 486 1944 513; x_wconf 94' lang='lat'>,</span> <span class='ocrx_word' id='word_1_17' title='bbox 2000 428 2277 521; x_wconf 87' lang='lat' dir='ltr'>impleri</span> <span class='ocrx_word' id='word_1_18' title='bbox 2339 441 2528 499; x_wconf 88' lang='lat' dir='ltr'>tanta</span> <span class='ocrx_word' id='word_1_19' title='bbox 2571 439 2870 520; x_wconf 81' lang='lat' dir='ltr'>egestate</span> <span class='ocrx_word' id='word_1_20' title='bbox 2929 431 3141 502; x_wconf 87' lang='lat' dir='ltr'>ratio-</span> 
     </span>
     <span class='ocr_line' id='line_1_3' title="bbox 588 518 3133 608; baseline 0 -18"><span class='ocrx_word' id='word_1_21' title='bbox 588 522 725 604; x_wconf 79' lang='lat' dir='ltr'>niS,</span> <span class='ocrx_word' id='word_1_22' title='bbox 760 533 839 591; x_wconf 92' lang='lat' dir='ltr'>ut</span> <span class='ocrx_word' id='word_1_23' title='bbox 864 520 975 603; x_wconf 84' lang='lat' dir='ltr'>iis,</span> <span class='ocrx_word' id='word_1_24' title='bbox 1011 541 1191 608; x_wconf 91' lang='lat' dir='ltr'>quae</span> <span class='ocrx_word' id='word_1_25' title='bbox 1237 519 1325 589; x_wconf 88' lang='lat' dir='ltr'>ab</span> <span class='ocrx_word' id='word_1_26' title='bbox 1373 520 1393 588; x_wconf 94' lang='lat' dir='ltr'>i</span> <span class='ocrx_word' id='word_1_27' title='bbox 1448 521 1547 591; x_wconf 87' lang='lat' dir='ltr'>sis</span> <span class='ocrx_word' id='word_1_28' title='bbox 1594 519 1941 602; x_wconf 89' lang='lat' dir='ltr'>coluntur,</span> <span class='ocrx_word' id='word_1_29' title='bbox 1971 518 2337 588; x_wconf 88' lang='lat' dir='ltr'>videantur</span> <span class='ocrx_word' id='word_1_30' title='bbox 2364 541 2406 587; x_wconf 89' lang='lat' dir='ltr'>a</span> <span class='ocrx_word' id='word_1_31' title='bbox 2435 518 2697 588; x_wconf 87' lang='lat' dir='ltr'>ratione</span> <span class='ocrx_word' id='word_1_32' title='bbox 2740 518 3133 603; x_wconf 77' lang='lat' dir='ltr'>alienioreS,</span> 
     </span>
     <span class='ocr_line' id='line_1_4' title="bbox 588 542 3129 711; baseline 0 -32"><span class='ocrx_word' id='word_1_33' title='bbox 588 622 655 680; x_wconf 91' lang='lat' dir='ltr'>et</span> <span class='ocrx_word' id='word_1_34' title='bbox 692 611 930 681; x_wconf 90' lang='lat' dir='ltr'>minus</span> <span class='ocrx_word' id='word_1_35' title='bbox 979 631 1188 680; x_wconf 89' lang='lat' dir='ltr'>sensu</span> <span class='ocrx_word' id='word_1_36' title='bbox 1210 542 1525 699; x_wconf 65' lang='lat' dir='ltr'>praediti.</span> <span class='ocrx_word' id='word_1_37' title='bbox 1561 609 1912 697; x_wconf 85' lang='lat' dir='ltr'>Siquidem</span> <span class='ocrx_word' id='word_1_38' title='bbox 1963 607 2105 690; x_wconf 88' lang='lat' dir='ltr'>illa,</span> <span class='ocrx_word' id='word_1_39' title='bbox 2142 630 2304 678; x_wconf 91' lang='lat' dir='ltr'>cum</span> <span class='ocrx_word' id='word_1_40' title='bbox 2336 608 2475 678; x_wconf 88' lang='lat' dir='ltr'>sint</span> <span class='ocrx_word' id='word_1_41' title='bbox 2503 606 2771 698; x_wconf 89' lang='lat' dir='ltr'>lapides</span> <span class='ocrx_word' id='word_1_42' title='bbox 2799 620 2865 678; x_wconf 93' lang='lat' dir='ltr'>et</span> <span class='ocrx_word' id='word_1_43' title='bbox 2913 609 3129 711; x_wconf 87' lang='lat' dir='ltr'>ligna,</span> 
     </span>
     <span class='ocr_line' id='line_1_5' title="bbox 589 696 3141 800; baseline 0 -31"><span class='ocrx_word' id='word_1_44' title='bbox 589 712 754 770; x_wconf 90' lang='lat' dir='ltr'>sunt</span> <span class='ocrx_word' id='word_1_45' title='bbox 799 700 1005 800; x_wconf 81' lang='lat' dir='ltr'>plane</span> <span class='ocrx_word' id='word_1_46' title='bbox 1053 697 1247 768; x_wconf 92' lang='lat' dir='ltr'>nullo</span> <span class='ocrx_word' id='word_1_47' title='bbox 1320 720 1527 770; x_wconf 91' lang='lat' dir='ltr'>sensu</span> <span class='ocrx_word' id='word_1_48' title='bbox 1597 698 1950 789; x_wconf 88' lang='lat' dir='ltr'>praedita:</span> <span class='ocrx_word' id='word_1_49' title='bbox 2017 697 2131 768; x_wconf 90' lang='lat' dir='ltr'>isti</span> <span class='ocrx_word' id='word_1_50' title='bbox 2189 708 2416 766; x_wconf 89' lang='lat' dir='ltr'>autem</span> <span class='ocrx_word' id='word_1_51' title='bbox 2467 717 2626 766; x_wconf 89' lang='lat' dir='ltr'>cum</span> <span class='ocrx_word' id='word_1_52' title='bbox 2683 696 2823 767; x_wconf 89' lang='lat' dir='ltr'>sint</span> <span class='ocrx_word' id='word_1_53' title='bbox 2876 712 3141 769; x_wconf 78' lang='lat' dir='ltr'>ratione</span> 
     </span>
     <span class='ocr_line' id='line_1_6' title="bbox 590 785 3139 889; baseline 0 -31"><span class='ocrx_word' id='word_1_54' title='bbox 590 789 909 889; x_wconf 81' lang='lat' dir='ltr'>praediti,</span> <span class='ocrx_word' id='word_1_55' title='bbox 965 801 1031 858; x_wconf 91' lang='lat' dir='ltr'>et</span> <span class='ocrx_word' id='word_1_56' title='bbox 1063 789 1475 878; x_wconf 88' lang='lat' dir='ltr'>acceperint,</span> <span class='ocrx_word' id='word_1_57' title='bbox 1510 799 1589 857; x_wconf 90' lang='lat' dir='ltr'>ut</span> <span class='ocrx_word' id='word_1_58' title='bbox 1636 787 1879 857; x_wconf 88' lang='lat' dir='ltr'>fierent</span> <span class='ocrx_word' id='word_1_59' title='bbox 1924 786 2008 855; x_wconf 92' lang='lat' dir='ltr'>ad</span> <span class='ocrx_word' id='word_1_60' title='bbox 2066 798 2252 856; x_wconf 89' lang='lat' dir='ltr'>tuam</span> <span class='ocrx_word' id='word_1_61' title='bbox 2305 785 2706 876; x_wconf 81' lang='lat' dir='ltr'>imaginem,</span> <span class='ocrx_word' id='word_1_62' title='bbox 2755 798 2821 855; x_wconf 88' lang='lat' dir='ltr'>et</span> <span class='ocrx_word' id='word_1_63' title='bbox 2880 799 2965 870; x_wconf 88' lang='lat' dir='ltr'>te,</span> <span class='ocrx_word' id='word_1_64' title='bbox 3018 788 3139 876; x_wconf 91' lang='lat' dir='ltr'>qui</span> 
     </span>
     <span class='ocr_line' id='line_1_7' title="bbox 585 875 3137 966; baseline 0 -20"><span class='ocrx_word' id='word_1_65' title='bbox 585 878 745 949; x_wconf 81' lang='lat' dir='ltr'>lllos</span> <span class='ocrx_word' id='word_1_66' title='bbox 795 887 978 947; x_wconf 88' lang='lat' dir='ltr'>tanto</span> <span class='ocrx_word' id='word_1_67' title='bbox 1039 876 1299 947; x_wconf 84' lang='lat' dir='ltr'>honore</span> <span class='ocrx_word' id='word_1_68' title='bbox 1367 876 1676 957; x_wconf 83' lang='lat' dir='ltr'>affecisti,</span> <span class='ocrx_word' id='word_1_69' title='bbox 1761 877 2211 966; x_wconf 87' lang='lat' dir='ltr'>ignorarunt,</span> <span class='ocrx_word' id='word_1_70' title='bbox 2264 887 2329 944; x_wconf 90' lang='lat' dir='ltr'>et</span> <span class='ocrx_word' id='word_1_71' title='bbox 2385 887 2706 944; x_wconf 87' lang='lat' dir='ltr'>naturam</span> <span class='ocrx_word' id='word_1_72' title='bbox 2758 875 3137 946; x_wconf 82' lang='lat' dir='ltr'>affecerunt</span> 
     </span>
     <span class='ocr_line' id='line_1_8' title="bbox 588 962 3137 1056; baseline 0 -21"><span class='ocrx_word' id='word_1_73' title='bbox 588 967 943 1047; x_wconf 78' lang='lat' dir='ltr'>dedecore,</span> <span class='ocrx_word' id='word_1_74' title='bbox 983 978 1048 1035; x_wconf 83' lang='lat' dir='ltr'>et</span> <span class='ocrx_word' id='word_1_75' title='bbox 1096 965 1429 1056; x_wconf 86' lang='lat' dir='ltr'>sibiipsis,</span> <span class='ocrx_word' id='word_1_76' title='bbox 1467 965 1649 1052; x_wconf 90' lang='lat' dir='ltr'>quod</span> <span class='ocrx_word' id='word_1_77' title='bbox 1702 977 1805 1034; x_wconf 89' lang='lat' dir='ltr'>est</span> <span class='ocrx_word' id='word_1_78' title='bbox 1845 964 2106 1034; x_wconf 87' lang='lat' dir='ltr'>malum</span> <span class='ocrx_word' id='word_1_79' title='bbox 2139 963 2552 1055; x_wconf 88' lang='lat' dir='ltr'>pessimum,</span> <span class='ocrx_word' id='word_1_80' title='bbox 2590 962 2903 1035; x_wconf 87' lang='lat' dir='ltr'>fecerunt</span> <span class='ocrx_word' id='word_1_81' title='bbox 2951 966 3137 1056; x_wconf 90' lang='lat' dir='ltr'>inju-</span> 
     </span>
     <span class='ocr_line' id='line_1_9' title="bbox 586 1052 3136 1145; baseline 0 -20"><span class='ocrx_word' id='word_1_82' title='bbox 586 1057 833 1125; x_wconf 78' lang='lat' dir='ltr'>riam.»</span> <span class='ocrx_word' id='word_1_83' title='bbox 883 1054 1011 1125; x_wconf 87' lang='lat' dir='ltr'>Sed</span> <span class='ocrx_word' id='word_1_84' title='bbox 1071 1054 1142 1123; x_wconf 92' lang='lat' dir='ltr'>hi</span> <span class='ocrx_word' id='word_1_85' title='bbox 1189 1053 1496 1142; x_wconf 88' lang='lat' dir='ltr'>quidem,</span> <span class='ocrx_word' id='word_1_86' title='bbox 1551 1053 1729 1123; x_wconf 90' lang='lat' dir='ltr'>sicut</span> <span class='ocrx_word' id='word_1_87' title='bbox 1778 1053 2104 1134; x_wconf 78' lang='lat' dir='ltr'>diximuS,</span> <span class='ocrx_word' id='word_1_88' title='bbox 2158 1075 2319 1124; x_wconf 93' lang='lat' dir='ltr'>cum</span> <span class='ocrx_word' id='word_1_89' title='bbox 2371 1073 2444 1121; x_wconf 92' lang='lat' dir='ltr'>se</span> <span class='ocrx_word' id='word_1_90' title='bbox 2491 1052 2577 1122; x_wconf 87' lang='lat' dir='ltr'>ab</span> <span class='ocrx_word' id='word_1_91' title='bbox 2616 1052 2773 1123; x_wconf 91' lang='lat' dir='ltr'>aliis</span> <span class='ocrx_word' id='word_1_92' title='bbox 2827 1076 3136 1145; x_wconf 87' lang='lat' dir='ltr'>separas-</span> 
     </span>
     <span class='ocr_line' id='line_1_10' title="bbox 590 1142 3132 1232; baseline -0 -18"><span class='ocrx_word' id='word_1_93' title='bbox 590 1157 765 1227; x_wconf 88' lang='lat' dir='ltr'>sent,</span> <span class='ocrx_word' id='word_1_94' title='bbox 821 1143 949 1214; x_wconf 91' lang='lat' dir='ltr'>soli</span> <span class='ocrx_word' id='word_1_95' title='bbox 996 1156 1062 1212; x_wconf 87' lang='lat' dir='ltr'>et</span> <span class='ocrx_word' id='word_1_96' title='bbox 1095 1144 1272 1213; x_wconf 92' lang='lat' dir='ltr'>inter</span> <span class='ocrx_word' id='word_1_97' title='bbox 1319 1165 1392 1212; x_wconf 91' lang='lat' dir='ltr'>se</span> <span class='ocrx_word' id='word_1_98' title='bbox 1439 1142 1733 1211; x_wconf 90' lang='lat' dir='ltr'>invicem</span> <span class='ocrx_word' id='word_1_99' title='bbox 1787 1154 2139 1223; x_wconf 87' lang='lat' dir='ltr'>steterunt,</span> <span class='ocrx_word' id='word_1_100' title='bbox 2188 1142 2355 1212; x_wconf 88' lang='lat' dir='ltr'>haec</span> <span class='ocrx_word' id='word_1_101' title='bbox 2405 1153 2709 1232; x_wconf 91' lang='lat' dir='ltr'>petentes</span> <span class='ocrx_word' id='word_1_102' title='bbox 2747 1164 2789 1212; x_wconf 91' lang='lat' dir='ltr'>a</span> <span class='ocrx_word' id='word_1_103' title='bbox 2819 1144 3132 1226; x_wconf 91' lang='lat' dir='ltr'>Domino,</span> 
     </span>
     <span class='ocr_line' id='line_1_11' title="bbox 590 1231 2244 1323; baseline -0.002 -20"><span class='ocrx_word' id='word_1_104' title='bbox 590 1247 654 1303; x_wconf 89' lang='lat' dir='ltr'>et</span> <span class='ocrx_word' id='word_1_105' title='bbox 702 1257 740 1304; x_wconf 90' lang='lat' dir='ltr'>a</span> <span class='ocrx_word' id='word_1_106' title='bbox 790 1234 1063 1323; x_wconf 87' lang='lat' dir='ltr'>superis</span> <span class='ocrx_word' id='word_1_107' title='bbox 1110 1231 1425 1301; x_wconf 90' lang='lat' dir='ltr'>divinum</span> <span class='ocrx_word' id='word_1_108' title='bbox 1457 1231 1854 1311; x_wconf 86' lang='lat' dir='ltr'>invocantes</span> <span class='ocrx_word' id='word_1_109' title='bbox 1884 1231 2244 1303; x_wconf 81' lang='lat' dir='ltr'>auxilium.</span> 
     </span>
    </p>

    <p class='ocr_par' dir='ltr' id='par_1_3' title="bbox 586 1320 3143 3010">
     <span class='ocr_line' id='line_1_12' title="bbox 679 1320 3139 1479; baseline -0.001 -88"><span class='ocrx_word' id='word_1_110' title='bbox 679 1327 715 1479; x_wconf 48' lang='grc' dir='ltr'><em>ξ</em></span> <span class='ocrx_word' id='word_1_111' title='bbox 762 1326 857 1392; x_wconf 71' lang='grc' dir='ltr'>θ.</span> <span class='ocrx_word' id='word_1_112' title='bbox 896 1327 1258 1407; x_wconf 86' lang='lat' dir='ltr'>Postquam</span> <span class='ocrx_word' id='word_1_113' title='bbox 1295 1332 1521 1389; x_wconf 89' lang='lat' dir='ltr'>autern</span> <span class='ocrx_word' id='word_1_114' title='bbox 1551 1321 1737 1390; x_wconf 88' lang='lat' dir='ltr'>venit</span> <span class='ocrx_word' id='word_1_115' title='bbox 1759 1321 2044 1407; x_wconf 87' lang='lat' dir='ltr'>quidam</span> <span class='ocrx_word' id='word_1_116' title='bbox 2072 1320 2159 1389; x_wconf 91' lang='lat' dir='ltr'>ab</span> <span class='ocrx_word' id='word_1_117' title='bbox 2192 1325 2610 1411; x_wconf 85' lang='lat' dir='ltr'>Imperatore</span> <span class='ocrx_word' id='word_1_118' title='bbox 2637 1320 2731 1410; x_wconf 93' lang='lat' dir='ltr'>(is</span> <span class='ocrx_word' id='word_1_119' title='bbox 2763 1333 2909 1390; x_wconf 88' lang='lat' dir='ltr'>erat</span> <span class='ocrx_word' id='word_1_120' title='bbox 2937 1320 3139 1391; x_wconf 91' lang='lat' dir='ltr'>cubi-</span> 
     </span>
     <span class='ocr_line' id='line_1_13' title="bbox 588 1408 3139 1500; baseline -0.001 -20"><span class='ocrx_word' id='word_1_121' title='bbox 588 1434 677 1480; x_wconf 93' lang='lat' dir='ltr'>cu</span> <span class='ocrx_word' id='word_1_122' title='bbox 709 1411 900 1479; x_wconf 89' lang='lat' dir='ltr'>arius</span> <span class='ocrx_word' id='word_1_123' title='bbox 930 1408 1314 1499; x_wconf 83' lang='lat' dir='ltr'>dignitate),</span> <span class='ocrx_word' id='word_1_124' title='bbox 1361 1430 1479 1478; x_wconf 90' lang='lat' dir='ltr'>eos</span> <span class='ocrx_word' id='word_1_125' title='bbox 1517 1409 1797 1481; x_wconf 86' lang='lat' dir='ltr'>trahens</span> <span class='ocrx_word' id='word_1_126' title='bbox 1835 1422 1898 1479; x_wconf 93' lang='lat' dir='ltr'>et</span> <span class='ocrx_word' id='word_1_127' title='bbox 1941 1408 2328 1499; x_wconf 89' lang='lat' dir='ltr'>producens</span> <span class='ocrx_word' id='word_1_128' title='bbox 2375 1408 2462 1478; x_wconf 89' lang='lat' dir='ltr'>ad</span> <span class='ocrx_word' id='word_1_129' title='bbox 2512 1409 2931 1480; x_wconf 88' lang='lat' dir='ltr'>sacrificium</span> <span class='ocrx_word' id='word_1_130' title='bbox 2962 1409 3139 1500; x_wconf 86' lang='lat' dir='ltr'>(exi-</span> 
     </span>
     <span class='ocr_line' id='line_1_14' title="bbox 589 1497 3138 1585; baseline -0.001 -16"><span class='ocrx_word' id='word_1_131' title='bbox 589 1500 913 1570; x_wconf 90' lang='lat' dir='ltr'>stimabat</span> <span class='ocrx_word' id='word_1_132' title='bbox 972 1499 1157 1568; x_wconf 91' lang='lat' dir='ltr'>enim</span> <span class='ocrx_word' id='word_1_133' title='bbox 1212 1497 1505 1578; x_wconf 89' lang='lat' dir='ltr'>stultus,</span> <span class='ocrx_word' id='word_1_134' title='bbox 1571 1498 1727 1567; x_wconf 92' lang='lat' dir='ltr'>illos</span> <span class='ocrx_word' id='word_1_135' title='bbox 1790 1520 2064 1585; x_wconf 88' lang='lat' dir='ltr'>quoque</span> <span class='ocrx_word' id='word_1_136' title='bbox 2113 1519 2251 1567; x_wconf 92' lang='lat' dir='ltr'>non</span> <span class='ocrx_word' id='word_1_137' title='bbox 2313 1499 2547 1567; x_wconf 89' lang='lat' dir='ltr'>minus</span> <span class='ocrx_word' id='word_1_138' title='bbox 2584 1520 2793 1585; x_wconf 89' lang='lat' dir='ltr'>quam</span> <span class='ocrx_word' id='word_1_139' title='bbox 2848 1520 2918 1569; x_wconf 90' lang='lat' dir='ltr'>se</span> <span class='ocrx_word' id='word_1_140' title='bbox 2985 1518 3138 1567; x_wconf 86' lang='lat' dir='ltr'>esse</span> 
     </span>
     <span class='ocr_line' id='line_1_15' title="bbox 588 1586 3139 1689; baseline -0.002 -31"><span class='ocrx_word' id='word_1_141' title='bbox 588 1586 966 1689; x_wconf 82' lang='lat' dir='ltr'>deceptos),</span> <span class='ocrx_word' id='word_1_142' title='bbox 998 1589 1180 1658; x_wconf 89' lang='lat' dir='ltr'>bona</span> <span class='ocrx_word' id='word_1_143' title='bbox 1221 1587 1444 1667; x_wconf 89' lang='lat' dir='ltr'>verba,</span> <span class='ocrx_word' id='word_1_144' title='bbox 1483 1586 1545 1656; x_wconf 92' lang='lat' dir='ltr'>ei</span> <span class='ocrx_word' id='word_1_145' title='bbox 1574 1586 2213 1656; x_wconf 84' lang='lat' dir='ltr'>exclamaruntuna</span> <span class='ocrx_word' id='word_1_146' title='bbox 2237 1608 2423 1656; x_wconf 91' lang='lat' dir='ltr'>voce:</span> <span class='ocrx_word' id='word_1_147' title='bbox 2461 1587 2802 1657; x_wconf 82' lang='lat' dir='ltr'>«Abscede</span> <span class='ocrx_word' id='word_1_148' title='bbox 2832 1608 2871 1656; x_wconf 93' lang='lat' dir='ltr'>a</span> <span class='ocrx_word' id='word_1_149' title='bbox 2903 1586 3139 1665; x_wconf 65' lang='lat' dir='ltr'>nobis:</span> 
     </span>
     <span class='ocr_line' id='line_1_16' title="bbox 587 1675 3141 1764; baseline -0.001 -18"><span class='ocrx_word' id='word_1_150' title='bbox 587 1678 796 1747; x_wconf 85' lang='lat' dir='ltr'>fidem</span> <span class='ocrx_word' id='word_1_151' title='bbox 824 1699 1037 1758; x_wconf 82' lang='lat' dir='ltr'>enim,</span> <span class='ocrx_word' id='word_1_152' title='bbox 1069 1678 1137 1745; x_wconf 92' lang='lat' dir='ltr'>in</span> <span class='ocrx_word' id='word_1_153' title='bbox 1190 1698 1327 1763; x_wconf 89' lang='lat' dir='ltr'>qua</span> <span class='ocrx_word' id='word_1_154' title='bbox 1359 1697 1605 1746; x_wconf 90' lang='lat' dir='ltr'>sumus</span> <span class='ocrx_word' id='word_1_155' title='bbox 1634 1675 1931 1758; x_wconf 88' lang='lat' dir='ltr'>educati,</span> <span class='ocrx_word' id='word_1_156' title='bbox 1979 1696 2338 1762; x_wconf 86' lang='lat' dir='ltr'>nunquam</span> <span class='ocrx_word' id='word_1_157' title='bbox 2375 1676 2881 1764; x_wconf 80' lang='lat' dir='ltr'>abjurabimuS,</span> <span class='ocrx_word' id='word_1_158' title='bbox 2915 1697 3141 1763; x_wconf 86' lang='lat' dir='ltr'>neque</span> 
     </span>
     <span class='ocr_line' id='line_1_17' title="bbox 588 1764 3140 1855; baseline -0 -20"><span class='ocrx_word' id='word_1_159' title='bbox 588 1771 802 1836; x_wconf 90' lang='lat' dir='ltr'>Deum</span> <span class='ocrx_word' id='word_1_160' title='bbox 837 1779 1149 1836; x_wconf 87' lang='lat' dir='ltr'>nostrum</span> <span class='ocrx_word' id='word_1_161' title='bbox 1203 1764 1700 1852; x_wconf 81' lang='lat' dir='ltr'>relinquemuS,</span> <span class='ocrx_word' id='word_1_162' title='bbox 1754 1787 1976 1852; x_wconf 90' lang='lat' dir='ltr'>neque</span> <span class='ocrx_word' id='word_1_163' title='bbox 2024 1764 2332 1835; x_wconf 90' lang='lat' dir='ltr'>colemus</span> <span class='ocrx_word' id='word_1_164' title='bbox 2379 1786 2518 1845; x_wconf 75' lang='lat' dir='ltr'>e05,</span> <span class='ocrx_word' id='word_1_165' title='bbox 2570 1765 2692 1852; x_wconf 88' lang='lat' dir='ltr'>qui</span> <span class='ocrx_word' id='word_1_166' title='bbox 2741 1777 2905 1834; x_wconf 90' lang='lat' dir='ltr'>sunt</span> <span class='ocrx_word' id='word_1_167' title='bbox 2951 1764 3140 1855; x_wconf 89' lang='lat' dir='ltr'>apud</span> 
     </span>
     <span class='ocr_line' id='line_1_18' title="bbox 588 1853 3140 1941; baseline 0 -19"><span class='ocrx_word' id='word_1_168' title='bbox 588 1877 732 1936; x_wconf 88' lang='lat' dir='ltr'>vos,</span> <span class='ocrx_word' id='word_1_169' title='bbox 779 1854 1171 1925; x_wconf 89' lang='lat' dir='ltr'>daemones.</span> <span class='ocrx_word' id='word_1_170' title='bbox 1228 1854 1415 1923; x_wconf 81' lang='lat' dir='ltr'>Absit</span> <span class='ocrx_word' id='word_1_171' title='bbox 1472 1854 1684 1935; x_wconf 90' lang='lat' dir='ltr'>enim,</span> <span class='ocrx_word' id='word_1_172' title='bbox 1755 1866 1829 1924; x_wconf 91' lang='lat' dir='ltr'>ut</span> <span class='ocrx_word' id='word_1_173' title='bbox 1867 1876 1946 1923; x_wconf 91' lang='lat' dir='ltr'>eo</span> <span class='ocrx_word' id='word_1_174' title='bbox 1994 1875 2308 1941; x_wconf 86' lang='lat' dir='ltr'>unquam</span> <span class='ocrx_word' id='word_1_175' title='bbox 2357 1854 2594 1924; x_wconf 89' lang='lat' dir='ltr'>animo</span> <span class='ocrx_word' id='word_1_176' title='bbox 2640 1853 2887 1935; x_wconf 79' lang='lat' dir='ltr'>simuS,</span> <span class='ocrx_word' id='word_1_177' title='bbox 2925 1867 3005 1923; x_wconf 91' lang='lat' dir='ltr'>ut</span> <span class='ocrx_word' id='word_1_178' title='bbox 3051 1853 3140 1923; x_wconf 89' lang='lat' dir='ltr'>iis</span> 
     </span>
     <span class='ocr_line' id='line_1_19' title="bbox 589 1941 3137 2033; baseline -0.001 -20"><span class='ocrx_word' id='word_1_179' title='bbox 589 1943 710 2029; x_wconf 91' lang='lat' dir='ltr'>qui</span> <span class='ocrx_word' id='word_1_180' title='bbox 761 1965 897 2012; x_wconf 92' lang='lat' dir='ltr'>non</span> <span class='ocrx_word' id='word_1_181' title='bbox 947 1956 1110 2015; x_wconf 89' lang='lat' dir='ltr'>sunt</span> <span class='ocrx_word' id='word_1_182' title='bbox 1140 1965 1266 2012; x_wconf 89' lang='lat' dir='ltr'>nos</span> <span class='ocrx_word' id='word_1_183' title='bbox 1298 1941 1792 2033; x_wconf 81' lang='lat' dir='ltr'>adjungamuS,</span> <span class='ocrx_word' id='word_1_184' title='bbox 1845 1955 1908 2011; x_wconf 91' lang='lat' dir='ltr'>et</span> <span class='ocrx_word' id='word_1_185' title='bbox 1943 1956 2080 2012; x_wconf 89' lang='lat' dir='ltr'>tam</span> <span class='ocrx_word' id='word_1_186' title='bbox 2122 1954 2356 2032; x_wconf 88' lang='lat' dir='ltr'>aperto</span> <span class='ocrx_word' id='word_1_187' title='bbox 2400 1942 2618 2012; x_wconf 88' lang='lat' dir='ltr'>errori</span> <span class='ocrx_word' id='word_1_188' title='bbox 2665 1952 2962 2011; x_wconf 81' lang='lat' dir='ltr'>mentem</span> <span class='ocrx_word' id='word_1_189' title='bbox 3013 1941 3137 2011; x_wconf 91' lang='lat' dir='ltr'>ad—</span> 
     </span>
     <span class='ocr_line' id='line_1_20' title="bbox 589 2030 3136 2130; baseline 0 -29"><span class='ocrx_word' id='word_1_190' title='bbox 589 2033 978 2130; x_wconf 66' lang='lat' dir='ltr'>hibeamus.</span> <span class='ocrx_word' id='word_1_191' title='bbox 1033 2037 1177 2102; x_wconf 86' lang='lat' dir='ltr'>Non</span> <span class='ocrx_word' id='word_1_192' title='bbox 1210 2054 1457 2101; x_wconf 90' lang='lat' dir='ltr'>sumus</span> <span class='ocrx_word' id='word_1_193' title='bbox 1506 2032 1675 2100; x_wconf 91' lang='lat' dir='ltr'>adeo</span> <span class='ocrx_word' id='word_1_194' title='bbox 1728 2032 2163 2121; x_wconf 88' lang='lat' dir='ltr'>insipientes,</span> <span class='ocrx_word' id='word_1_195' title='bbox 2216 2043 2283 2100; x_wconf 89' lang='lat' dir='ltr'>et</span> <span class='ocrx_word' id='word_1_196' title='bbox 2334 2032 2584 2102; x_wconf 90' lang='lat' dir='ltr'>mentis</span> <span class='ocrx_word' id='word_1_197' title='bbox 2632 2030 2802 2100; x_wconf 88' lang='lat' dir='ltr'>adeo</span> <span class='ocrx_word' id='word_1_198' title='bbox 2848 2033 3136 2112; x_wconf 78' lang='lat' dir='ltr'>emotae,</span> 
     </span>
     <span class='ocr_line' id='line_1_21' title="bbox 593 2119 3142 2211; baseline -0.001 -21"><span class='ocrx_word' id='word_1_199' title='bbox 593 2142 819 2209; x_wconf 90' lang='lat' dir='ltr'>neque</span> <span class='ocrx_word' id='word_1_200' title='bbox 847 2120 1016 2191; x_wconf 90' lang='lat' dir='ltr'>adeo</span> <span class='ocrx_word' id='word_1_201' title='bbox 1056 2120 1415 2211; x_wconf 87' lang='lat' dir='ltr'>proclives,</span> <span class='ocrx_word' id='word_1_202' title='bbox 1460 2133 1524 2190; x_wconf 90' lang='lat' dir='ltr'>et</span> <span class='ocrx_word' id='word_1_203' title='bbox 1571 2120 1657 2190; x_wconf 89' lang='lat' dir='ltr'>ad</span> <span class='ocrx_word' id='word_1_204' title='bbox 1709 2120 2106 2190; x_wconf 90' lang='lat' dir='ltr'>ducendum</span> <span class='ocrx_word' id='word_1_205' title='bbox 2138 2119 2397 2190; x_wconf 82' lang='lat' dir='ltr'>faciles.</span> <span class='ocrx_word' id='word_1_206' title='bbox 2453 2125 2593 2189; x_wconf 92' lang='lat' dir='ltr'>Non</span> <span class='ocrx_word' id='word_1_207' title='bbox 2643 2119 2828 2188; x_wconf 86' lang='lat' dir='ltr'>enirn</span> <span class='ocrx_word' id='word_1_208' title='bbox 2877 2119 3010 2188; x_wconf 91' lang='lat' dir='ltr'>hac</span> <span class='ocrx_word' id='word_1_209' title='bbox 3057 2119 3142 2188; x_wconf 89' lang='lat' dir='ltr'>de</span> 
     </span>
     <span class='ocr_line' id='line_1_22' title="bbox 590 2209 3133 2300; baseline -0.001 -20"><span class='ocrx_word' id='word_1_210' title='bbox 590 2233 799 2280; x_wconf 85' lang='lat' dir='ltr'>causa</span> <span class='ocrx_word' id='word_1_211' title='bbox 849 2211 1191 2290; x_wconf 76' lang='lat' dir='ltr'>venimu3‚</span> <span class='ocrx_word' id='word_1_212' title='bbox 1237 2222 1356 2279; x_wconf 87' lang='lat' dir='ltr'>aut</span> <span class='ocrx_word' id='word_1_213' title='bbox 1397 2222 1753 2300; x_wconf 89' lang='lat' dir='ltr'>propterea</span> <span class='ocrx_word' id='word_1_214' title='bbox 1800 2221 1936 2279; x_wconf 90' lang='lat' dir='ltr'>tam</span> <span class='ocrx_word' id='word_1_215' title='bbox 1988 2209 2271 2298; x_wconf 90' lang='lat' dir='ltr'>longum</span> <span class='ocrx_word' id='word_1_216' title='bbox 2326 2209 2451 2278; x_wconf 90' lang='lat' dir='ltr'>iter</span> <span class='ocrx_word' id='word_1_217' title='bbox 2501 2209 2794 2299; x_wconf 86' lang='lat' dir='ltr'>ingressi</span> <span class='ocrx_word' id='word_1_218' title='bbox 2843 2230 3133 2289; x_wconf 82' lang='lat' dir='ltr'>sumuS,</span> 
     </span>
     <span class='ocr_line' id='line_1_23' title="bbox 586 2297 3135 2390; baseline -0.002 -22"><span class='ocrx_word' id='word_1_219' title='bbox 586 2312 667 2368; x_wconf 90' lang='lat' dir='ltr'>ut</span> <span class='ocrx_word' id='word_1_220' title='bbox 715 2321 839 2369; x_wconf 92' lang='lat' dir='ltr'>nos</span> <span class='ocrx_word' id='word_1_221' title='bbox 884 2320 1158 2386; x_wconf 88' lang='lat' dir='ltr'>quoque</span> <span class='ocrx_word' id='word_1_222' title='bbox 1229 2298 1653 2390; x_wconf 90' lang='lat' dir='ltr'>prodamus,</span> <span class='ocrx_word' id='word_1_223' title='bbox 1725 2298 2268 2385; x_wconf 71' lang='lat' dir='ltr'>relioionemque</span> <span class='ocrx_word' id='word_1_224' title='bbox 2335 2310 2639 2368; x_wconf 91' lang='lat' dir='ltr'>nostram</span> <span class='ocrx_word' id='word_1_225' title='bbox 2703 2297 3135 2387; x_wconf 87' lang='lat' dir='ltr'>abjuremus.</span> 
     </span>
     <span class='ocr_line' id='line_1_24' title="bbox 588 2353 3143 2473; baseline -0.001 -17"><span class='ocrx_word' id='word_1_226' title='bbox 588 2387 919 2459; x_wconf 78' lang='lat' dir='ltr'>Venimus</span> <span class='ocrx_word' id='word_1_227' title='bbox 968 2399 1235 2458; x_wconf 88' lang='lat' dir='ltr'>tantum</span> <span class='ocrx_word' id='word_1_228' title='bbox 1267 2387 1352 2456; x_wconf 94' lang='lat' dir='ltr'>ad</span> <span class='ocrx_word' id='word_1_229' title='bbox 1391 2387 1697 2456; x_wconf 89' lang='lat' dir='ltr'>ineunda</span> <span class='ocrx_word' id='word_1_230' title='bbox 1736 2353 2029 2468; x_wconf 62' lang='lat' dir='ltr'>foedera,</span> <span class='ocrx_word' id='word_1_231' title='bbox 2068 2399 2132 2456; x_wconf 90' lang='lat' dir='ltr'>et</span> <span class='ocrx_word' id='word_1_232' title='bbox 2165 2386 2252 2456; x_wconf 89' lang='lat' dir='ltr'>ad</span> <span class='ocrx_word' id='word_1_233' title='bbox 2284 2409 2363 2455; x_wconf 89' lang='lat' dir='ltr'>ea</span> <span class='ocrx_word' id='word_1_234' title='bbox 2419 2385 2921 2463; x_wconf 86' lang='lat' dir='ltr'>confirmanda,</span> <span class='ocrx_word' id='word_1_235' title='bbox 2967 2407 3143 2473; x_wconf 89' lang='lat' dir='ltr'>quae</span> 
     </span>
     <span class='ocr_line' id='line_1_25' title="bbox 590 2474 3141 2558; baseline -0.001 -12"><span class='ocrx_word' id='word_1_236' title='bbox 590 2477 792 2548; x_wconf 88' lang='lat' dir='ltr'>nobis</span> <span class='ocrx_word' id='word_1_237' title='bbox 840 2477 984 2547; x_wconf 86' lang='lat' dir='ltr'>visa</span> <span class='ocrx_word' id='word_1_238' title='bbox 1033 2489 1218 2546; x_wconf 86' lang='lat' dir='ltr'>sunt:</span> <span class='ocrx_word' id='word_1_239' title='bbox 1264 2475 1398 2546; x_wconf 90' lang='lat' dir='ltr'>alia</span> <span class='ocrx_word' id='word_1_240' title='bbox 1438 2489 1666 2546; x_wconf 87' lang='lat' dir='ltr'>autem</span> <span class='ocrx_word' id='word_1_241' title='bbox 1703 2477 2105 2558; x_wconf 88' lang='lat' dir='ltr'>habeamus,</span> <span class='ocrx_word' id='word_1_242' title='bbox 2158 2487 2234 2546; x_wconf 91' lang='lat' dir='ltr'>ut</span> <span class='ocrx_word' id='word_1_243' title='bbox 2267 2475 2630 2546; x_wconf 66' lang='lat' dir='ltr'>habemus</span> <span class='ocrx_word' id='word_1_244' title='bbox 2686 2479 2869 2546; x_wconf 86' lang='lat' dir='ltr'>Haec</span> <span class='ocrx_word' id='word_1_245' title='bbox 2902 2474 3141 2545; x_wconf 88' lang='lat' dir='ltr'>audiat</span> 
     </span>
     <span class='ocr_line' id='line_1_26' title="bbox 588 2565 3141 2656; baseline -0.002 -19"><span class='ocrx_word' id='word_1_246' title='bbox 588 2579 655 2637; x_wconf 93' lang='lat' dir='ltr'>et</span> <span class='ocrx_word' id='word_1_247' title='bbox 686 2580 847 2637; x_wconf 89' lang='lat' dir='ltr'>tuus</span> <span class='ocrx_word' id='word_1_248' title='bbox 877 2572 1279 2656; x_wconf 89' lang='lat' dir='ltr'>Imperator,</span> <span class='ocrx_word' id='word_1_249' title='bbox 1327 2579 1393 2635; x_wconf 90' lang='lat' dir='ltr'>et</span> <span class='ocrx_word' id='word_1_250' title='bbox 1438 2567 1756 2654; x_wconf 87' lang='lat' dir='ltr'>quisquis</span> <span class='ocrx_word' id='word_1_251' title='bbox 1794 2588 1952 2635; x_wconf 91' lang='lat' dir='ltr'>eum</span> <span class='ocrx_word' id='word_1_252' title='bbox 1995 2565 2179 2646; x_wconf 89' lang='lat' dir='ltr'>colit,</span> <span class='ocrx_word' id='word_1_253' title='bbox 2231 2577 2298 2635; x_wconf 91' lang='lat' dir='ltr'>et</span> <span class='ocrx_word' id='word_1_254' title='bbox 2334 2577 2436 2636; x_wconf 88' lang='lat' dir='ltr'>est</span> <span class='ocrx_word' id='word_1_255' title='bbox 2464 2566 2525 2634; x_wconf 92' lang='lat' dir='ltr'>ei</span> <span class='ocrx_word' id='word_1_256' title='bbox 2577 2565 2957 2655; x_wconf 84' lang='lat' dir='ltr'>proximus.</span> <span class='ocrx_word' id='word_1_257' title='bbox 3005 2568 3141 2634; x_wconf 88' lang='lat' dir='ltr'>Nos</span> 
     </span>
     <span class='ocr_line' id='line_1_27' title="bbox 589 2651 3135 2743; baseline -0.001 -19"><span class='ocrx_word' id='word_1_258' title='bbox 589 2655 870 2743; x_wconf 87' lang='lat' dir='ltr'>quidem</span> <span class='ocrx_word' id='word_1_259' title='bbox 923 2678 1059 2725; x_wconf 91' lang='lat' dir='ltr'>non</span> <span class='ocrx_word' id='word_1_260' title='bbox 1108 2656 1417 2736; x_wconf 79' lang='lat' dir='ltr'>vincetiS,</span> <span class='ocrx_word' id='word_1_261' title='bbox 1463 2677 1588 2725; x_wconf 87' lang='lat' dir='ltr'>nec</span> <span class='ocrx_word' id='word_1_262' title='bbox 1627 2655 1714 2724; x_wconf 90' lang='lat' dir='ltr'>ab</span> <span class='ocrx_word' id='word_1_263' title='bbox 1763 2678 1864 2736; x_wconf 90' lang='lat' dir='ltr'>ea,</span> <span class='ocrx_word' id='word_1_264' title='bbox 1915 2677 2090 2741; x_wconf 87' lang='lat' dir='ltr'>quae</span> <span class='ocrx_word' id='word_1_265' title='bbox 2127 2667 2231 2723; x_wconf 90' lang='lat' dir='ltr'>est</span> <span class='ocrx_word' id='word_1_266' title='bbox 2276 2676 2356 2722; x_wconf 84' lang='lat' dir='ltr'>cx</span> <span class='ocrx_word' id='word_1_267' title='bbox 2404 2658 2559 2736; x_wconf 91' lang='lat' dir='ltr'>Deo,</span> <span class='ocrx_word' id='word_1_268' title='bbox 2628 2652 2970 2723; x_wconf 88' lang='lat' dir='ltr'>sententia</span> <span class='ocrx_word' id='word_1_269' title='bbox 3023 2651 3135 2721; x_wconf 92' lang='lat' dir='ltr'>di·-</span> 
     </span>
     <span class='ocr_line' id='line_1_28' title="bbox 591 2740 3138 2825; baseline -0.002 -12"><span class='ocrx_word' id='word_1_270' title='bbox 591 2744 976 2825; x_wconf 89' lang='lat' dir='ltr'>movebitis,</span> <span class='ocrx_word' id='word_1_271' title='bbox 1013 2744 1286 2813; x_wconf 88' lang='lat' dir='ltr'>etiamsi</span> <span class='ocrx_word' id='word_1_272' title='bbox 1333 2743 1597 2813; x_wconf 90' lang='lat' dir='ltr'>incitati</span> <span class='ocrx_word' id='word_1_273' title='bbox 1647 2744 1947 2824; x_wconf 82' lang='lat' dir='ltr'>fueritis,</span> <span class='ocrx_word' id='word_1_274' title='bbox 2002 2756 2077 2813; x_wconf 90' lang='lat' dir='ltr'>ut</span> <span class='ocrx_word' id='word_1_275' title='bbox 2127 2743 2363 2812; x_wconf 90' lang='lat' dir='ltr'>omnia</span> <span class='ocrx_word' id='word_1_276' title='bbox 2410 2742 2656 2813; x_wconf 90' lang='lat' dir='ltr'>dicatis</span> <span class='ocrx_word' id='word_1_277' title='bbox 2703 2753 2768 2811; x_wconf 89' lang='lat' dir='ltr'>et</span> <span class='ocrx_word' id='word_1_278' title='bbox 2823 2740 3138 2811; x_wconf 85' lang='lat' dir='ltr'>faciatis:</span> 
     </span>
     <span class='ocr_line' id='line_1_29' title="bbox 591 2829 3137 2923; baseline -0.002 -21"><span class='ocrx_word' id='word_1_279' title='bbox 591 2834 864 2903; x_wconf 88' lang='lat' dir='ltr'>etiamsi</span> <span class='ocrx_word' id='word_1_280' title='bbox 914 2834 1057 2923; x_wconf 85' lang='lat' dir='ltr'>igni</span> <span class='ocrx_word' id='word_1_281' title='bbox 1102 2846 1169 2902; x_wconf 89' lang='lat' dir='ltr'>et</span> <span class='ocrx_word' id='word_1_282' title='bbox 1214 2832 1415 2915; x_wconf 80' lang='lat' dir='ltr'>ferm,</span> <span class='ocrx_word' id='word_1_283' title='bbox 1468 2845 1532 2904; x_wconf 89' lang='lat' dir='ltr'>et</span> <span class='ocrx_word' id='word_1_284' title='bbox 1563 2832 1719 2901; x_wconf 92' lang='lat' dir='ltr'>aliis</span> <span class='ocrx_word' id='word_1_285' title='bbox 1750 2831 2345 2902; x_wconf 80' lang='lat' dir='ltr'>instrumentis-ad</span> <span class='ocrx_word' id='word_1_286' title='bbox 2377 2830 2815 2920; x_wconf 89' lang='lat' dir='ltr'>puniendum</span> <span class='ocrx_word' id='word_1_287' title='bbox 2857 2829 3137 2898; x_wconf 91' lang='lat' dir='ltr'>institu-</span> 
     </span>
     <span class='ocr_line' id='line_1_30' title="bbox 594 2919 2830 3010; baseline -0.002 -20"><span class='ocrx_word' id='word_1_288' title='bbox 594 2922 679 2993; x_wconf 89' lang='lat' dir='ltr'>tis</span> <span class='ocrx_word' id='word_1_289' title='bbox 730 2920 1185 2992; x_wconf 89' lang='lat' dir='ltr'>tradideritis:</span> <span class='ocrx_word' id='word_1_290' title='bbox 1238 2922 1508 2992; x_wconf 91' lang='lat' dir='ltr'>etiamsi</span> <span class='ocrx_word' id='word_1_291' title='bbox 1549 2920 1737 3010; x_wconf 88' lang='lat' dir='ltr'>ipsas</span> <span class='ocrx_word' id='word_1_292' title='bbox 1772 2921 1969 2991; x_wconf 90' lang='lat' dir='ltr'>nobis</span> <span class='ocrx_word' id='word_1_293' title='bbox 2019 2922 2289 2990; x_wconf 90' lang='lat' dir='ltr'>animas</span> <span class='ocrx_word' id='word_1_294' title='bbox 2337 2919 2830 2991; x_wconf 82' lang='lat' dir='ltr'>abstuleritis.»</span> 
     </span>
    </p>

    <p class='ocr_par' dir='ltr' id='par_1_4' title="bbox 565 3008 3160 4523">
     <span class='ocr_line' id='line_1_31' title="bbox 679 3008 3148 3097; baseline -0.002 -16"><span class='ocrx_word' id='word_1_295' title='bbox 679 3014 716 3097; x_wconf 64' lang='grc' dir='ltr'>ἓ</span> <span class='ocrx_word' id='word_1_296' title='bbox 761 3014 836 3081; x_wconf 70' lang='lat'>⁸2.</span> <span class='ocrx_word' id='word_1_297' title='bbox 912 3015 1093 3079; x_wconf 86' lang='lat' dir='ltr'>Haec</span> <span class='ocrx_word' id='word_1_298' title='bbox 1141 3010 1262 3079; x_wconf 91' lang='lat' dir='ltr'>ubi</span> <span class='ocrx_word' id='word_1_299' title='bbox 1311 3010 1574 3080; x_wconf 87' lang='lat' dir='ltr'>audivit</span> <span class='ocrx_word' id='word_1_300' title='bbox 1608 3011 1831 3097; x_wconf 88' lang='lat' dir='ltr'>iniqui</span> <span class='ocrx_word' id='word_1_301' title='bbox 1883 3010 2196 3079; x_wconf 89' lang='lat' dir='ltr'>minister</span> <span class='ocrx_word' id='word_1_302' title='bbox 2243 3010 2571 3097; x_wconf 89' lang='lat' dir='ltr'>iniquior,</span> <span class='ocrx_word' id='word_1_303' title='bbox 2609 3008 2844 3079; x_wconf 89' lang='lat' dir='ltr'>omnia</span> <span class='ocrx_word' id='word_1_304' title='bbox 2890 3028 3148 3094; x_wconf 87' lang='lat' dir='ltr'>quam-</span> 
     </span>
     <span class='ocr_line' id='line_1_32' title="bbox 591 3096 3145 3189; baseline -0.001 -22"><span class='ocrx_word' id='word_1_305' title='bbox 591 3099 898 3189; x_wconf 90' lang='lat' dir='ltr'>primum</span> <span class='ocrx_word' id='word_1_306' title='bbox 947 3098 1167 3188; x_wconf 88' lang='lat' dir='ltr'>aperit</span> <span class='ocrx_word' id='word_1_307' title='bbox 1216 3099 1661 3189; x_wconf 87' lang='lat' dir='ltr'>Imperatori,</span> <span class='ocrx_word' id='word_1_308' title='bbox 1733 3098 2154 3186; x_wconf 87' lang='lat' dir='ltr'>fortiumque</span> <span class='ocrx_word' id='word_1_309' title='bbox 2202 3099 2507 3168; x_wconf 90' lang='lat' dir='ltr'>virorum</span> <span class='ocrx_word' id='word_1_310' title='bbox 2559 3096 2922 3168; x_wconf 87' lang='lat' dir='ltr'>renunciat</span> <span class='ocrx_word' id='word_1_311' title='bbox 2973 3117 3145 3166; x_wconf 90' lang='lat' dir='ltr'>con-</span> 
     </span>
     <span class='ocr_line' id='line_1_33' title="bbox 565 3184 3150 3277; baseline -0.002 -18"><span class='ocrx_word' id='word_1_312' title='bbox 565 3187 945 3268; x_wconf 79' lang='lat' dir='ltr'>stantiam,</span> <span class='ocrx_word' id='word_1_313' title='bbox 1006 3199 1071 3256; x_wconf 91' lang='lat' dir='ltr'>et</span> <span class='ocrx_word' id='word_1_314' title='bbox 1132 3189 1402 3258; x_wconf 92' lang='lat' dir='ltr'>animos</span> <span class='ocrx_word' id='word_1_315' title='bbox 1449 3188 1570 3274; x_wconf 88' lang='lat' dir='ltr'>qui</span> <span class='ocrx_word' id='word_1_316' title='bbox 1638 3188 1998 3277; x_wconf 87' lang='lat' dir='ltr'>perterreri</span> <span class='ocrx_word' id='word_1_317' title='bbox 2050 3200 2423 3275; x_wconf 85' lang='lat' dir='ltr'>nequeunt.</span> <span class='ocrx_word' id='word_1_318' title='bbox 2495 3187 2621 3256; x_wconf 90' lang='lat' dir='ltr'>Hic</span> <span class='ocrx_word' id='word_1_319' title='bbox 2670 3198 2901 3257; x_wconf 86' lang='lat' dir='ltr'>autem</span> <span class='ocrx_word' id='word_1_320' title='bbox 2976 3184 3150 3256; x_wconf 89' lang='lat' dir='ltr'>mihi</span> 
     </span>
     <span class='ocr_line' id='line_1_34' title="bbox 592 3274 3150 3367; baseline -0.001 -21"><span class='ocrx_word' id='word_1_321' title='bbox 592 3275 954 3346; x_wconf 90' lang='lat' dir='ltr'>considera</span> <span class='ocrx_word' id='word_1_322' title='bbox 1001 3277 1343 3345; x_wconf 87' lang='lat' dir='ltr'>inversam</span> <span class='ocrx_word' id='word_1_323' title='bbox 1395 3277 1781 3367; x_wconf 89' lang='lat' dir='ltr'>parricidae</span> <span class='ocrx_word' id='word_1_324' title='bbox 1829 3299 2133 3356; x_wconf 86' lang='lat' dir='ltr'>scenam,</span> <span class='ocrx_word' id='word_1_325' title='bbox 2171 3276 2504 3363; x_wconf 89' lang='lat' dir='ltr'>illamque</span> <span class='ocrx_word' id='word_1_326' title='bbox 2535 3297 2713 3362; x_wconf 90' lang='lat' dir='ltr'>quae</span> <span class='ocrx_word' id='word_1_327' title='bbox 2758 3284 2906 3343; x_wconf 86' lang='lat' dir='ltr'>erat</span> <span class='ocrx_word' id='word_1_328' title='bbox 2941 3274 3150 3364; x_wconf 90' lang='lat' dir='ltr'>paulo</span> 
     </span>
     <span class='ocr_line' id='line_1_35' title="bbox 592 3362 3145 3454; baseline -0.001 -20"><span class='ocrx_word' id='word_1_329' title='bbox 592 3378 771 3446; x_wconf 87' lang='lat' dir='ltr'>ante,</span> <span class='ocrx_word' id='word_1_330' title='bbox 827 3364 1338 3435; x_wconf 87' lang='lat' dir='ltr'>simulationem</span> <span class='ocrx_word' id='word_1_331' title='bbox 1387 3378 1453 3435; x_wconf 90' lang='lat' dir='ltr'>et</span> <span class='ocrx_word' id='word_1_332' title='bbox 1500 3388 1846 3436; x_wconf 82' lang='lat' dir='ltr'>summam</span> <span class='ocrx_word' id='word_1_333' title='bbox 1899 3365 2234 3436; x_wconf 90' lang='lat' dir='ltr'>malitiam</span> <span class='ocrx_word' id='word_1_334' title='bbox 2284 3365 2666 3435; x_wconf 86' lang='lat' dir='ltr'>detectam:</span> <span class='ocrx_word' id='word_1_335' title='bbox 2720 3384 2900 3450; x_wconf 85' lang='lat' dir='ltr'>quae</span> <span class='ocrx_word' id='word_1_336' title='bbox 2956 3362 3145 3454; x_wconf 86' lang='lat' dir='ltr'>apud</span> 
     </span>
     <span class='ocr_line' id='line_1_36' title="bbox 592 3451 3147 3545; baseline -0.001 -22"><span class='ocrx_word' id='word_1_337' title='bbox 592 3475 707 3523; x_wconf 91' lang='lat' dir='ltr'>eos</span> <span class='ocrx_word' id='word_1_338' title='bbox 755 3454 1062 3541; x_wconf 90' lang='lat' dir='ltr'>quidem,</span> <span class='ocrx_word' id='word_1_339' title='bbox 1123 3455 1243 3543; x_wconf 89' lang='lat' dir='ltr'>qui</span> <span class='ocrx_word' id='word_1_340' title='bbox 1295 3468 1456 3524; x_wconf 89' lang='lat' dir='ltr'>sunt</span> <span class='ocrx_word' id='word_1_341' title='bbox 1502 3454 1729 3544; x_wconf 87' lang='lat' dir='ltr'>ignari</span> <span class='ocrx_word' id='word_1_342' title='bbox 1783 3454 2090 3537; x_wconf 87' lang='lat' dir='ltr'>fraudis,</span> <span class='ocrx_word' id='word_1_343' title='bbox 2145 3454 2537 3545; x_wconf 81' lang='lat' dir='ltr'>benignitas</span> <span class='ocrx_word' id='word_1_344' title='bbox 2583 3474 2734 3523; x_wconf 89' lang='lat' dir='ltr'>esse</span> <span class='ocrx_word' id='word_1_345' title='bbox 2784 3451 3147 3521; x_wconf 88' lang='lat' dir='ltr'>videbatur</span> 
     </span>
     <span class='ocr_line' id='line_1_37' title="bbox 591 3540 3142 3623; baseline -0.002 -10"><span class='ocrx_word' id='word_1_346' title='bbox 591 3556 656 3613; x_wconf 91' lang='lat' dir='ltr'>et</span> <span class='ocrx_word' id='word_1_347' title='bbox 689 3544 1112 3623; x_wconf 81' lang='lat' dir='ltr'>humanitaS,</span> <span class='ocrx_word' id='word_1_348' title='bbox 1157 3565 1229 3613; x_wconf 88' lang='lat' dir='ltr'>re</span> <span class='ocrx_word' id='word_1_349' title='bbox 1262 3566 1418 3613; x_wconf 90' lang='lat' dir='ltr'>vera</span> <span class='ocrx_word' id='word_1_350' title='bbox 1449 3557 1680 3613; x_wconf 90' lang='lat' dir='ltr'>autem</span> <span class='ocrx_word' id='word_1_351' title='bbox 1734 3543 2234 3623; x_wconf 87' lang='lat' dir='ltr'>malevolentia,</span> <span class='ocrx_word' id='word_1_352' title='bbox 2268 3558 2334 3613; x_wconf 89' lang='lat' dir='ltr'>et</span> <span class='ocrx_word' id='word_1_353' title='bbox 2373 3540 2862 3617; x_wconf 80' lang='lat' dir='ltr'>dissimulatio,</span> <span class='ocrx_word' id='word_1_354' title='bbox 2899 3552 2964 3610; x_wconf 89' lang='lat' dir='ltr'>et</span> <span class='ocrx_word' id='word_1_355' title='bbox 2999 3562 3142 3608; x_wconf 88' lang='lat' dir='ltr'>ma·</span> 
     </span>
     <span class='ocr_line' id='line_1_38' title="bbox 594 3629 3141 3721; baseline -0.002 -22"><span class='ocrx_word' id='word_1_356' title='bbox 594 3631 875 3721; x_wconf 87' lang='lat' dir='ltr'>lignitas</span> <span class='ocrx_word' id='word_1_357' title='bbox 923 3645 1068 3701; x_wconf 88' lang='lat' dir='ltr'>erat</span> <span class='ocrx_word' id='word_1_358' title='bbox 1114 3632 1199 3702; x_wconf 91' lang='lat' dir='ltr'>ad</span> <span class='ocrx_word' id='word_1_359' title='bbox 1248 3633 1677 3702; x_wconf 86' lang='lat' dir='ltr'>universum.</span> <span class='ocrx_word' id='word_1_360' title='bbox 1721 3638 2087 3719; x_wconf 88' lang='lat' dir='ltr'>Postquam</span> <span class='ocrx_word' id='word_1_361' title='bbox 2115 3633 2300 3701; x_wconf 92' lang='lat' dir='ltr'>enim</span> <span class='ocrx_word' id='word_1_362' title='bbox 2351 3631 2436 3701; x_wconf 92' lang='lat' dir='ltr'>de</span> <span class='ocrx_word' id='word_1_363' title='bbox 2468 3630 2725 3700; x_wconf 86' lang='lat' dir='ltr'>sanctis</span> <span class='ocrx_word' id='word_1_364' title='bbox 2769 3629 3141 3699; x_wconf 85' lang='lat' dir='ltr'>audivisset</span> 
     </span>
     <span class='ocr_line' id='line_1_39' title="bbox 592 3719 3135 3811; baseline -0.002 -23"><span class='ocrx_word' id='word_1_365' title='bbox 592 3720 699 3790; x_wconf 89' lang='lat' dir='ltr'>vir</span> <span class='ocrx_word' id='word_1_366' title='bbox 731 3720 1387 3811; x_wconf 79' lang='lat' dir='ltr'>perniciosissimuS,</span> <span class='ocrx_word' id='word_1_367' title='bbox 1444 3721 1723 3790; x_wconf 90' lang='lat' dir='ltr'>interim</span> <span class='ocrx_word' id='word_1_368' title='bbox 1772 3721 2054 3808; x_wconf 90' lang='lat' dir='ltr'>quidem</span> <span class='ocrx_word' id='word_1_369' title='bbox 2090 3720 2259 3791; x_wconf 89' lang='lat' dir='ltr'>nihil</span> <span class='ocrx_word' id='word_1_370' title='bbox 2313 3719 2506 3790; x_wconf 87' lang='lat' dir='ltr'>aliud</span> <span class='ocrx_word' id='word_1_371' title='bbox 2562 3721 2876 3809; x_wconf 89' lang='lat' dir='ltr'>imperat,</span> <span class='ocrx_word' id='word_1_372' title='bbox 2927 3737 3135 3803; x_wconf 89' lang='lat' dir='ltr'>quam</span> 
     </span>
     <span class='ocr_line' id='line_1_40' title="bbox 592 3809 3147 3904; baseline -0.002 -25"><span class='ocrx_word' id='word_1_373' title='bbox 592 3822 672 3879; x_wconf 91' lang='lat' dir='ltr'>ut</span> <span class='ocrx_word' id='word_1_374' title='bbox 719 3810 1171 3881; x_wconf 88' lang='lat' dir='ltr'>includantur</span> <span class='ocrx_word' id='word_1_375' title='bbox 1202 3810 1272 3878; x_wconf 92' lang='lat' dir='ltr'>in</span> <span class='ocrx_word' id='word_1_376' title='bbox 1307 3832 1606 3891; x_wconf 87' lang='lat' dir='ltr'>carcere,</span> <span class='ocrx_word' id='word_1_377' title='bbox 1640 3822 1720 3879; x_wconf 89' lang='lat' dir='ltr'>ut</span> <span class='ocrx_word' id='word_1_378' title='bbox 1751 3809 2000 3881; x_wconf 88' lang='lat' dir='ltr'>festum</span> <span class='ocrx_word' id='word_1_379' title='bbox 2033 3810 2166 3880; x_wconf 90' lang='lat' dir='ltr'>sibi</span> <span class='ocrx_word' id='word_1_380' title='bbox 2214 3831 2491 3897; x_wconf 88' lang='lat' dir='ltr'>quoque</span> <span class='ocrx_word' id='word_1_381' title='bbox 2518 3818 2869 3899; x_wconf 88' lang='lat' dir='ltr'>perageret</span> <span class='ocrx_word' id='word_1_382' title='bbox 2901 3825 3147 3904; x_wconf 79' lang='lat' dir='ltr'>expers</span> 
     </span>
     <span class='ocr_line' id='line_1_41' title="bbox 594 3898 3153 3986; baseline -0.003 -19"><span class='ocrx_word' id='word_1_383' title='bbox 594 3898 823 3967; x_wconf 90' lang='lat' dir='ltr'>omnis</span> <span class='ocrx_word' id='word_1_384' title='bbox 872 3898 1248 3980; x_wconf 88' lang='lat' dir='ltr'>molestiae,</span> <span class='ocrx_word' id='word_1_385' title='bbox 1291 3911 1357 3969; x_wconf 93' lang='lat' dir='ltr'>et</span> <span class='ocrx_word' id='word_1_386' title='bbox 1388 3921 1565 3986; x_wconf 87' lang='lat' dir='ltr'>quae</span> <span class='ocrx_word' id='word_1_387' title='bbox 1611 3899 2072 3971; x_wconf 88' lang='lat' dir='ltr'>daemonibus</span> <span class='ocrx_word' id='word_1_388' title='bbox 2114 3899 2395 3978; x_wconf 89' lang='lat' dir='ltr'>fiebant,</span> <span class='ocrx_word' id='word_1_389' title='bbox 2454 3898 2798 3968; x_wconf 86' lang='lat' dir='ltr'>sacrificia</span> <span class='ocrx_word' id='word_1_390' title='bbox 2846 3915 2982 3964; x_wconf 92' lang='lat' dir='ltr'>non</span> <span class='ocrx_word' id='word_1_391' title='bbox 3039 3913 3153 3961; x_wconf 88' lang='lat' dir='ltr'>m-</span> 
     </span>
     <span class='ocr_line' id='line_1_42' title="bbox 593 3982 3154 4079; baseline -0.002 -24"><span class='ocrx_word' id='word_1_392' title='bbox 593 4000 1048 4077; x_wconf 89' lang='lat' dir='ltr'>terrumperet</span> <span class='ocrx_word' id='word_1_393' title='bbox 1096 4001 1373 4079; x_wconf 89' lang='lat' dir='ltr'>propter</span> <span class='ocrx_word' id='word_1_394' title='bbox 1410 3987 1602 4058; x_wconf 88' lang='lat' dir='ltr'>aliud</span> <span class='ocrx_word' id='word_1_395' title='bbox 1655 3989 2033 4079; x_wconf 88' lang='lat' dir='ltr'>negotium.</span> <span class='ocrx_word' id='word_1_396' title='bbox 2090 3992 2229 4057; x_wconf 89' lang='lat' dir='ltr'>Hoc</span> <span class='ocrx_word' id='word_1_397' title='bbox 2277 3987 2464 4055; x_wconf 89' lang='lat' dir='ltr'>enim</span> <span class='ocrx_word' id='word_1_398' title='bbox 2507 3998 2671 4056; x_wconf 91' lang='lat' dir='ltr'>tunc</span> <span class='ocrx_word' id='word_1_399' title='bbox 2734 3985 2871 4057; x_wconf 92' lang='lat' dir='ltr'>sibi</span> <span class='ocrx_word' id='word_1_400' title='bbox 2918 3982 3154 4052; x_wconf 88' lang='lat' dir='ltr'>visum</span> 
     </span>
     <span class='ocr_line' id='line_1_43' title="bbox 591 4070 3154 4174; baseline -0.002 -30"><span class='ocrx_word' id='word_1_401' title='bbox 591 4087 693 4145; x_wconf 87' lang='lat' dir='ltr'>est</span> <span class='ocrx_word' id='word_1_402' title='bbox 725 4077 1066 4166; x_wconf 86' lang='lat' dir='ltr'>expedire,</span> <span class='ocrx_word' id='word_1_403' title='bbox 1118 4089 1183 4145; x_wconf 89' lang='lat' dir='ltr'>et</span> <span class='ocrx_word' id='word_1_404' title='bbox 1215 4077 1466 4147; x_wconf 90' lang='lat' dir='ltr'>deinde</span> <span class='ocrx_word' id='word_1_405' title='bbox 1502 4078 1973 4157; x_wconf 89' lang='lat' dir='ltr'>considerare,</span> <span class='ocrx_word' id='word_1_406' title='bbox 2017 4074 2606 4163; x_wconf 87' lang='lat' dir='ltr'>quemadmodum</span> <span class='ocrx_word' id='word_1_407' title='bbox 2656 4095 2772 4144; x_wconf 89' lang='lat' dir='ltr'>eos</span> <span class='ocrx_word' id='word_1_408' title='bbox 2812 4070 3154 4174; x_wconf 82' lang='lat' dir='ltr'>aggrede-</span> 
     </span>
     <span class='ocr_line' id='line_1_44' title="bbox 593 4164 3157 4248; baseline -0.002 -16"><span class='ocrx_word' id='word_1_409' title='bbox 593 4176 805 4234; x_wconf 88' lang='lat' dir='ltr'>retur.</span> <span class='ocrx_word' id='word_1_410' title='bbox 861 4170 1210 4235; x_wconf 87' lang='lat' dir='ltr'>Caeterum</span> <span class='ocrx_word' id='word_1_411' title='bbox 1269 4166 1451 4236; x_wconf 90' lang='lat' dir='ltr'>beati</span> <span class='ocrx_word' id='word_1_412' title='bbox 1498 4165 1634 4248; x_wconf 92' lang='lat' dir='ltr'>illi,</span> <span class='ocrx_word' id='word_1_413' title='bbox 1689 4166 1857 4235; x_wconf 92' lang='lat' dir='ltr'>dum</span> <span class='ocrx_word' id='word_1_414' title='bbox 1908 4165 2326 4235; x_wconf 88' lang='lat' dir='ltr'>ducerentur</span> <span class='ocrx_word' id='word_1_415' title='bbox 2373 4164 2443 4233; x_wconf 93' lang='lat' dir='ltr'>in</span> <span class='ocrx_word' id='word_1_416' title='bbox 2493 4184 2866 4243; x_wconf 86' lang='lat' dir='ltr'>carcerem,</span> <span class='ocrx_word' id='word_1_417' title='bbox 2922 4183 2995 4230; x_wconf 81' lang='lat' dir='ltr'>in</span> <span class='ocrx_word' id='word_1_418' title='bbox 3050 4180 3157 4229; x_wconf 82' lang='lat' dir='ltr'>via</span> 
     </span>
     <span class='ocr_line' id='line_1_45' title="bbox 591 4253 3151 4345; baseline -0.002 -22"><span class='ocrx_word' id='word_1_419' title='bbox 591 4254 933 4324; x_wconf 86' lang='lat' dir='ltr'>canebant</span> <span class='ocrx_word' id='word_1_420' title='bbox 963 4279 980 4320; x_wconf 74' lang='grc' dir='ltr'><strong><em>ε</em></strong></span> <span class='ocrx_word' id='word_1_421' title='bbox 1022 4257 1241 4325; x_wconf 82' lang='lat' dir='ltr'>Venite</span> <span class='ocrx_word' id='word_1_422' title='bbox 1267 4258 1653 4325; x_wconf 68' lang='lat' dir='ltr'>waltemus</span> <span class='ocrx_word' id='word_1_423' title='bbox 1681 4257 1977 4335; x_wconf 81' lang='lat' dir='ltr'>Domino,</span> <span class='ocrx_word' id='word_1_424' title='bbox 2007 4254 2383 4345; x_wconf 79' lang='lat' dir='ltr'>jubilemus</span> <span class='ocrx_word' id='word_1_425' title='bbox 2407 4259 2538 4324; x_wconf 85' lang='lat' dir='ltr'>Deo</span> <span class='ocrx_word' id='word_1_426' title='bbox 2566 4253 2872 4322; x_wconf 80' lang='lat' dir='ltr'>salutari</span> <span class='ocrx_word' id='word_1_427' title='bbox 2895 4260 3151 4320; x_wconf 79' lang='lat' dir='ltr'>nostro:</span> 
     </span>
     <span class='ocr_line' id='line_1_46' title="bbox 591 4340 3158 4438; baseline -0.001 -27"><span class='ocrx_word' id='word_1_428' title='bbox 591 4367 920 4434; x_wconf 82' lang='lat' dir='ltr'>praeoccu</span> <span class='ocrx_word' id='word_1_429' title='bbox 969 4367 1154 4414; x_wconf 81' lang='lat' dir='ltr'>emus</span> <span class='ocrx_word' id='word_1_430' title='bbox 1198 4346 1443 4433; x_wconf 80' lang='lat' dir='ltr'>faciem</span> <span class='ocrx_word' id='word_1_431' title='bbox 1476 4347 1621 4436; x_wconf 84' lang='lat' dir='ltr'>ejus</span> <span class='ocrx_word' id='word_1_432' title='bbox 1650 4347 1723 4413; x_wconf 81' lang='lat' dir='ltr'>in</span> <span class='ocrx_word' id='word_1_433' title='bbox 1766 4345 2190 4433; x_wconf 78' lang='lat' dir='ltr'>consessione,</span> <span class='ocrx_word' id='word_1_434' title='bbox 2228 4353 2292 4412; x_wconf 82' lang='lat' dir='ltr'>et</span> <span class='ocrx_word' id='word_1_435' title='bbox 2345 4344 2416 4410; x_wconf 83' lang='lat' dir='ltr'>in</span> <span class='ocrx_word' id='word_1_436' title='bbox 2463 4342 2744 4433; x_wconf 73' lang='lat' dir='ltr'>psalmis</span> <span class='ocrx_word' id='word_1_437' title='bbox 2778 4340 3158 4438; x_wconf 63' lang='lat' dir='ltr'>jubilemus</span> 
     </span>
     <span class='ocr_line' id='line_1_47' title="bbox 595 4427 3160 4523; baseline -0.002 -23"><span class='ocrx_word' id='word_1_438' title='bbox 595 4434 680 4500; x_wconf 82' lang='lat' dir='ltr'>ei.</span> <span class='ocrx_word' id='word_1_439' title='bbox 735 4438 814 4505; x_wconf 88' lang='lat' dir='ltr'>Et</span> <span class='ocrx_word' id='word_1_440' title='bbox 856 4433 904 4502; x_wconf 92' lang='lat' dir='ltr'>il</span> <span class='ocrx_word' id='word_1_441' title='bbox 938 4432 1076 4505; x_wconf 90' lang='lat' dir='ltr'>ud:</span> <span class='ocrx_word' id='word_1_442' title='bbox 1113 4435 1273 4519; x_wconf 78' lang='lat' dir='ltr'>Quis</span> <span class='ocrx_word' id='word_1_443' title='bbox 1301 4438 1475 4505; x_wconf 79' lang='lat' dir='ltr'>Deus</span> <span class='ocrx_word' id='word_1_444' title='bbox 1506 4455 1819 4523; x_wconf 66' lang='lat' dir='ltr'>maynuS,</span> <span class='ocrx_word' id='word_1_445' title='bbox 1853 4435 2027 4502; x_wconf 83' lang='lat' dir='ltr'>sicut</span> <span class='ocrx_word' id='word_1_446' title='bbox 2055 4437 2225 4502; x_wconf 78' lang='lat' dir='ltr'>Deus</span> <span class='ocrx_word' id='word_1_447' title='bbox 2249 4442 2493 4512; x_wconf 83' lang='lat' dir='ltr'>noster,</span> <span class='ocrx_word' id='word_1_448' title='bbox 2530 4431 2653 4519; x_wconf 88' lang='lat' dir='ltr'>qui</span> <span class='ocrx_word' id='word_1_449' title='bbox 2687 4438 2961 4519; x_wconf 86' lang='lat' dir='ltr'>semper</span> <span class='ocrx_word' id='word_1_450' title='bbox 2992 4427 3160 4498; x_wconf 78' lang='lat' dir='ltr'>facit</span> 
     </span>
    </p>
   </div>
  </div>
 </body>
</html>
