3357 4995
675 314 803 380 494
1380 330 1458 377 nn
1506 330 1562 377 s.
1616 328 1964 377 ammanus
2011 329 2357 376 ABBATISSA
2788 306 3001 377 JUNII
3053 312 3138 378 23

584 438 791 504 quam
850 416 1187 485 habuerat
1247 414 1319 483 in
1386 415 1750 505 conjugem
1805 414 2305 484 Earconhertus
2373 436 2488 483 rex
2551 415 3125 485 cantuariorum:

587 518 652 574 et
710 527 870 574 cum
932 504 1272 573 sexdecim
1345 525 1563 573 annos
1638 515 1816 572 esset
1883 502 2198 593 sepulta,
2292 501 2553 591 placuit
2615 502 2837 571 eidem
2916 506 3139 574 sorori

583 593 976 663 Abbatissae
1011 592 1221 662 levari
1258 613 1415 661 ossa
1452 593 1627 682 ejus,
1673 605 1739 662 et
1786 592 1852 659 in
1894 590 2133 661 locello
2165 613 2337 660 novo
2372 592 2615 681 posita,
2661 592 2728 659 in
2765 592 3137 663 ecclesiam

585 680 960 750 transferri.
1013 681 1363 768 Jussitque
1393 681 1733 837 {uosdam
1783 702 1820 748 e
1879 679 2207 750 fratribus
2261 702 2590 766 quaerere
2657 680 2983 769 lapidem,
3048 681 3138 750 de

581 792 718 857 quo
767 769 1087 840 locellum
1120 771 1190 839 in
1226 770 1354 838 hoc
1431 791 1626 839 acere
1660 779 1960 858 possent.
2016 770 2142 851 Qui
2194 790 2480 838 ascensa
2530 769 2685 837 navi
2724 769 2910 859 (ipsa
2943 770 3132 839 enim

581 860 769 949 regio
811 859 995 950 Elge,
1027 859 1339 945 undique
1368 872 1479 930 est
1506 858 1708 945 aquis
1737 870 1802 926 et
1837 857 2210 947 paludibus
2258 857 2712 937 circumdata,
2769 881 2990 946 neque
3032 859 3136 928 la-

581 948 777 1037 pides
829 949 1121 1038 maj0res
1173 946 1409 1034 habet)
1456 960 1789 1015 venerunt
1837 946 1922 1015 ad
1973 945 2396 1016 civitatulam
2445 946 2821 1034 quamdam
2863 946 3139 1017 desola-

581 1049 744 1118 tam,
800 1058 937 1106 non
990 1035 1227 1126 procul
1270 1035 1429 1104 inde
1476 1036 1705 1115 sitam,
1739 1056 1916 1121 quae
1959 1035 2201 1124 lingua
2231 1034 2611 1125 Anglorum
2643 1035 3135 1107 Grandacestir

580 1137 884 1206 vocatur,
929 1136 993 1194 et
1042 1146 1197 1193 mox
1259 1126 1667 1193 invenerunt
1725 1125 1924 1213 juxta
1982 1145 2219 1192 muros
2282 1124 2576 1194 civitatis
2627 1124 2976 1206 locellum,
3046 1125 3134 1194 de

580 1235 922 1284 marmore
968 1213 1125 1282 albo
1160 1211 1626 1303 pulcherrime
1658 1212 1942 1291 factum,
1982 1211 2306 1302 operculo
2344 1234 2620 1301 quoque
2659 1213 2910 1283 similis
2958 1213 3133 1304 lapi-

581 1303 688 1372 dis
721 1303 1076 1393 aptissime
1108 1313 1383 1372 tectum.
1427 1301 1618 1370 Unde
1650 1300 1871 1370 intelli
1921 1314 2111 1370 entes
2151 1323 2191 1369 a
2226 1302 2511 1370 Domino
2566 1324 2771 1370 suum
2823 1302 2951 1372 iter
2979 1324 3130 1373 esse

584 1404 1087 1481 prosperatum,
1133 1401 1360 1480 grates
1385 1402 1687 1480 agenteS,
1723 1401 1869 1459 retu
1900 1403 2103 1459 erunt
2135 1390 2221 1457 ad
2258 1390 2780 1462 monasterium.
2822 1396 3131 1478 Cumque

580 1502 699 1549 cor
749 1503 834 1551 us
882 1500 1116 1549 sacrae
1165 1478 1453 1568 virginis
1505 1501 1585 1548 ac
1634 1500 1929 1567 sponsae
1983 1478 2230 1548 Christi
2279 1492 2512 1568 aperto
2573 1478 2892 1569 sepulcro
2952 1493 3130 1549 esset

583 1590 705 1658 pro
736 1580 926 1638 atum
978 1568 1045 1635 in
1099 1566 1349 1649 lucem,
1406 1568 1499 1636 ita
1550 1569 2029 1656 incorruptum
2089 1567 2443 1637 inventum
2494 1580 2617 1645 est,
2667 1590 2746 1636 ac
2778 1569 2838 1636 si
2886 1568 3127 1638 eodem

580 1656 690 1725 die
737 1657 978 1725 fuisset
1014 1655 1359 1736 defuncta,
1416 1656 1555 1726 sive
1604 1656 1819 1725 humo
1854 1656 2154 1725 condita:
2193 1657 2388 1726 sicut
2439 1670 2502 1725 et
2554 1655 2899 1746 praefatus
2948 1659 3129 1726 anti-

581 1756 717 1815 stes
755 1745 1134 1824 Wilfridus,
1181 1757 1246 1813 et
1302 1744 1503 1813 multi
1552 1744 1697 1826 alii,
1742 1743 1861 1832 qui
1914 1767 2158 1814 novere
2192 1798 2206 1824 ,
2262 1755 2621 1814 testantur.
2675 1744 2801 1813 Sed
2853 1746 3124 1815 certiori

575 1834 816 1903 notitia
865 1833 1176 1902 medicus
1225 1832 1595 1915 CinfriduS,
1639 1834 1759 1920 qui
1799 1844 1863 1902 et
1904 1834 2222 1903 morienti
2274 1832 2397 1912 illi,
2443 1846 2507 1902 et
2547 1833 2846 1902 elevatae
2879 1833 2964 1902 de
3012 1847 3116 1904 tu-

581 1923 772 1992 mulo
812 1921 1054 2002 adfuit,
1118 1921 1367 1991 referre
1432 1934 1576 1992 erat
1637 1922 1903 2002 solitus,
1958 1922 2142 2010 quod
2195 1921 2312 1990 illa
2363 1923 2736 2003 infirmata,
2792 1923 3123 1992 habuerat

580 2023 918 2080 tumorem
957 2011 1335 2080 maximum
1380 2011 1511 2080 sub
1545 2010 1846 2080 maxilla:
1887 2024 1951 2080 et
1970 2014 2333 2100 jusserunt
2363 2033 2492 2091 me,
2534 2011 2781 2098 inquit,
2822 2011 3124 2081 incidere

581 2111 916 2169 tumorem
955 2099 1180 2178 illum,
1219 2112 1297 2168 ut
1328 2099 1633 2169 efflueret
1684 2101 1927 2169 noxius
1978 2102 2252 2180 humor,
2290 2099 2408 2185 qui
2445 2100 2688 2169 inerat.
2728 2100 2923 2182 Quod
2954 2099 3121 2170 dum

578 2186 898 2269 facerem,
956 2188 1314 2258 videbatur
1359 2187 1481 2258 illa
1529 2211 1650 2278 per
1680 2189 1974 2258 biduum
2023 2189 2379 2275 aliquanto
2426 2188 2647 2259 levius
2699 2187 2972 2269 habere,
3033 2190 3122 2258 ita

577 2289 655 2345 ut
704 2277 904 2347 multi
938 2290 1278 2366 putarent,
1338 2277 1516 2363 quod
1571 2278 1801 2346 sanari
1839 2291 2064 2367 posset
2112 2300 2149 2345 a
2205 2276 2559 2366 languore.
2615 2278 2837 2346 Tertia
2893 2290 3120 2347 autem

575 2364 687 2434 die
737 2365 1083 2455 prioribus
1116 2378 1484 2455 aggravata
1522 2365 1902 2446 doloribuS,
1959 2380 2022 2435 et
2063 2378 2256 2455 rapta
2303 2365 2661 2435 confestim
2704 2365 2788 2434 de
2830 2367 3114 2447 mund0,

573 2453 878 2525 dolorem
931 2476 1205 2526 omnem
1253 2477 1333 2525 ac
1384 2468 1671 2526 mortem
1711 2468 2039 2547 perpetua
2089 2454 2308 2526 salute
2354 2477 2435 2524 ac
2483 2456 2618 2524 vita
2670 2456 2982 2525 mutavit.

661 2545 697 2630 ξ
744 2550 829 2617 4.
886 2550 1190 2631 Cumque
1237 2556 1391 2634 post
1424 2557 1561 2613 tam
1613 2544 1870 2616 multos
1918 2567 2137 2614 annos
2186 2544 2514 2613 elevanda
2562 2557 2789 2613 essent
2836 2567 2995 2614 ossa
3038 2545 3122 2614 de

572 2633 914 2722 sepulcro,
954 2645 1018 2703 et
1049 2646 1316 2703 extento
1365 2633 1665 2723 desuper
1716 2633 2086 2724 papilione,
2143 2634 2373 2703 omnis
2422 2634 2885 2724 congregatiO,
2952 2634 3116 2704 hinc

568 2720 885 2803 fratrum,
926 2722 1087 2791 inde
1135 2744 1453 2791 sororum
1504 2722 1808 2812 psallens
1857 2725 2372 2802 circumstaret,
2431 2722 2579 2811 ipsa
2629 2735 2857 2791 autem
2897 2723 3120 2791 Abba-

568 2812 736 2882 tissa
783 2812 972 2881 intus
1031 2833 1192 2880 cum
1245 2810 1486 2900 paucis
1533 2832 1692 2881 ossa.
1738 2811 2085 2880 elevatura
2134 2823 2199 2879 et
2244 2810 2557 2879 delatura
2604 2811 2944 2889 intrasset,
3007 2832 3117 2879 re—

570 2911 771 2989 pente
820 2900 1217 2969 audivimus
1282 2900 1710 2970 Abbatissam
1778 2901 1966 2970 intus
2028 2899 2214 2968 clara
2284 2920 2445 2968 voce
2495 2898 2960 2989 proclamare:
3016 2899 3118 2967 Sit

565 2987 785 3077 gloria
834 2989 1098 3057 nomini
1156 2988 1453 3056 Domini.
1517 2994 1648 3058 Nec
1702 2989 1915 3058 multo
1967 3002 2117 3078 post
2179 2988 2654 3057 clamaverunt
2730 3010 2839 3057 me
2903 2987 3110 3070 intr0‚

568 3087 864 3145 reserato
898 3078 1070 3146 ostio
1104 3076 1499 3166 papilionis,
1556 3077 1836 3164 vidique
1869 3077 2207 3146 elevatum
2257 3076 2342 3144 de
2391 3076 2659 3146 tumulo
2707 3090 2772 3145 et
2815 3076 3115 3166 positum

573 3165 639 3232 in
696 3163 949 3235 lectulo
997 3187 1251 3255 corpus
1299 3187 1532 3235 sacrae
1580 3171 1713 3234 Deo
1777 3167 2087 3256 virginis,
2144 3165 2803 3251 quasidormientis
2861 3163 3111 3234 simile.

568 3254 697 3323 Sed
747 3266 812 3323 et
845 3254 1276 3344 discooperto
1310 3253 1543 3324 vultus
1590 3255 2023 3334 indumentO,
2081 3266 2638 3324 monstraverunt
2687 3253 2861 3323 mihi
2911 3255 3115 3323 etiam

568 3341 824 3413 vulnus
872 3343 1243 3423 incisurae,
1282 3343 1467 3430 quod
1507 3342 1826 3425 feceram,
1879 3356 2224 3420 curatum,
2279 3342 2372 3412 ita
2405 3355 2483 3412 ut
2538 3343 2797 3412 mirum
2836 3343 2905 3410 in
2970 3364 3116 3411 mo—

567 3431 736 3501 dum
773 3453 894 3520 pro
943 3445 1177 3522 aperto
1208 3442 1272 3499 et
1312 3431 1545 3501 hiante
1582 3433 1887 3514 vulnere,
1941 3455 2102 3501 cum
2155 3454 2292 3519 quo
2327 3431 2598 3521 sepulta
2636 3444 2804 3511 erat,
2851 3432 3117 3502 tenuis-

563 3520 741 3588 sima
790 3531 953 3589 tunc
1000 3520 1343 3591 cicatricis
1392 3521 1674 3611 vestigia
1724 3533 2157 3611 apparerent.
2216 3520 2343 3590 Sed
2393 3534 2457 3589 et
2511 3520 2923 3590 linteamina
2971 3542 3113 3589 om-

566 3610 706 3689 nia,
759 3609 1019 3696 quibus
1067 3609 1455 3679 involutum
1495 3620 1639 3679 erat
1691 3632 1981 3700 corpus,
2036 3611 2302 3700 integra
2348 3621 2847 3699 apparuerunt,
2906 3623 2970 3679 et
3022 3608 3118 3678 ita

565 3718 761 3776 nova,
816 3710 894 3767 ut
931 3700 1081 3787 ipso
1113 3698 1224 3767 die
1256 3699 1650 3769 viderentur
1673 3700 1881 3768 castis
1921 3700 2075 3788 ejus
2099 3699 2430 3768 memhris
2461 3720 2610 3768 esse
2641 3698 3098 3768 circumdata.

564 3791 816 3856 Ferunt
863 3800 1116 3867 autem,
1156 3787 1319 3874 quia
1359 3810 1521 3858 cum
1570 3788 1873 3878 praefato
1927 3802 2190 3858 tumore
2239 3811 2316 3857 ac
2350 3787 2584 3857 dolore
2617 3786 2940 3855 maxillae
2975 3787 3117 3854 sive

560 3874 718 3944 colli
760 3885 1209 3965 premeretur,
1257 3876 1552 3946 multum
1586 3877 1917 3948 delectata
1955 3878 2205 3948 sithoc
2248 3898 2497 3966 genere
2546 3875 2996 3955 infirmitatis,
3035 3897 3114 3943 ac

560 3963 760 4034 solita
793 3962 1044 4034 dicere:
1089 3989 1115 4029 (ι
1155 3964 1305 4035 Scio
1353 3966 1758 4046 certissime,
1811 3968 1976 4054 quia
2027 3967 2268 4036 merito
2303 3966 2373 4033 in
2425 3965 2600 4034 collo
2642 3964 2917 4054 pondus
2965 3963 3115 4033 lan-

561 4053 801 4140 guoris
850 4064 1067 4143 port0,
1121 4053 1192 4122 in
1227 4075 1363 4142 quo
1409 4055 1858 4145 juvenculam
1918 4055 2205 4125 memini
2254 4077 2363 4123 me
2404 4075 2835 4144 supervacua
2883 4053 3116 4122 moni-

560 4140 734 4211 lium
772 4142 1078 4232 pondera
1116 4156 1433 4232 portare:
1486 4156 1551 4213 et
1597 4143 1848 4226 credo,
1902 4144 2086 4232 quod
2147 4144 2301 4213 ideo
2352 4164 2459 4211 me
2522 4164 2823 4232 superna
2896 4141 3114 4231 pietas

558 4229 794 4300 dolore
843 4230 1006 4301 colli
1052 4231 1269 4303 voluit
1306 4234 1612 4323 gravari,
1666 4246 1745 4304 ut
1797 4235 1898 4303 sic
1947 4232 2254 4304 absolvat
2307 4254 2347 4301 a
2396 4245 2592 4302 reatu
2647 4250 3115 4320 supervacuae

558 4318 875 4402 levitatiS,
913 4320 1083 4391 dum
1120 4320 1293 4390 mihi
1340 4343 1526 4391 nunc
1569 4344 1693 4412 pro
1731 4346 1901 4394 auro
1950 4334 2014 4392 et
2063 4322 2479 4413 margaritis,
2538 4320 2623 4390 de
2671 4318 2849 4389 collo
2896 4320 3113 4388 rubor

560 4408 855 4480 tumoris
884 4409 1227 4497 ardorque
1257 4411 1710 4500 promineat.»
