3357 4995
715 312 843 379 618
1401 331 1481 378 na
1528 331 1582 379 s.
1636 330 1960 381 samsom:
2005 329 2381 380 xauonocao
2815 313 2854 378 J
2865 312 3034 378 UNII
3083 312 3166 379 27

624 437 1105 506 quaecumque
1161 426 1475 507 poterant
1538 416 1828 487 incitare
1892 416 2316 487 desiderium
2365 416 2563 517 ejuS,
2612 414 2736 504 qui
2783 415 3170 486 secundum

623 527 928 587 carnem,
982 505 1295 594 inquam,
1349 505 1533 586 vivit,
1577 516 1642 575 et
1693 527 1830 576 non
1888 504 2276 584 secundum
2324 505 2675 596 splritum,
2726 516 2806 575 ut
2856 504 3025 574 dicit
3069 505 3175 575 di·

623 595 829 665 vinus
876 594 1262 685 Apostolus.
1315 593 1425 664 Illi
1473 605 1706 665 autem
1757 595 2051 666 tenuiter
2078 605 2143 664 et
2175 594 2537 685 frugaliter
2583 594 2830 675 vivere,
2884 607 3029 664 erat
3057 595 3176 664 bo-

621 706 793 753 num
845 705 966 775 per
1004 706 1077 754 se
1124 682 1609 775 expetendum,
1649 684 1978 754 omnibus
2010 683 2291 772 quidem
2320 683 2582 755 divitiis
2606 684 2902 765 beatiuS,
2929 683 3176 770 quavis

621 794 782 842 vero
830 771 1053 864 gloria
1100 773 1187 842 ad
1237 771 1644 865 dignitatem
1694 772 2162 845 excellentius.
2215 773 2662 862 Imperatoris
2691 785 2875 843 certe
2922 771 3178 843 libera-

622 862 884 932 litatem
933 874 1000 932 et
1052 862 1601 932 munificentiam
1649 862 2061 964 opportunis
2099 873 2165 932 et
2202 860 2454 933 validis
2501 862 2842 933 recusavit
2888 883 3176 933 excusa-

621 951 967 1022 tionibus:
1016 973 1053 1017 «
1104 950 1232 1020 Illa
1265 950 1436 1019 mihi
1485 950 1633 1031 daS,
1692 952 1939 1032 decens,
1981 973 2021 1021 o
2069 955 2452 1042 Imperator
2497 972 2674 1038 quae
2719 950 3041 1021 lubenter
3073 973 3178 1020 re·

622 1040 1132 1131 liquipropter
1180 1040 1550 1121 Christum,
1604 1050 1683 1109 ut
1737 1040 1858 1128 qui
1908 1038 2163 1109 multas
2224 1040 2648 1131 possiderem
2703 1039 3063 1131 pecunias.
3117 1053 3178 1110 et

622 1128 879 1199 multas
920 1129 1243 1199 haberem
1297 1128 1791 1219 possessiones.
1846 1128 2202 1211 Quomodo
2258 1150 2421 1220 ergo
2469 1151 2549 1199 ea
2602 1129 2969 1219 accipiam,
3030 1129 3178 1199 sine

620 1218 879 1305 quibus
912 1218 1137 1287 vivere
1184 1229 1416 1308 aperte
1464 1217 1698 1286 inveni
1726 1217 1993 1297 utilius,
2037 1229 2102 1287 et
2132 1240 2171 1287 a
2201 1218 2460 1305 quibus
2493 1218 2869 1309 prudenter
2917 1217 3178 1288 disces-

620 1307 815 1389 sisse,
871 1312 1004 1377 Deo
1051 1328 1200 1377 esse
1248 1307 1689 1396 conjunctuS,
1743 1305 2051 1377 dilucide
2096 1319 2198 1376 est
2244 1311 2644 1377 ostensum?
2673 1306 2874 1389 Quod
2927 1307 2990 1377 si
3025 1329 3179 1398 pro-

626 1409 778 1486 pter
824 1417 1173 1465 summam
1210 1407 1398 1464 tuam
1450 1395 1946 1486 benignitatem
1987 1407 2053 1465 et
2100 1395 2627 1478 humanitatem,
2663 1396 2768 1465 vis
2817 1396 3025 1466 nobis
3053 1395 3179 1466 ali-

616 1507 757 1572 qua
803 1485 874 1553 in
910 1505 984 1553 re
1031 1483 1432 1573 gratificari,
1472 1483 1543 1552 id
1577 1484 1697 1554 fiat
1740 1490 1871 1554 Deo
1907 1484 2161 1576 potiuS,
2194 1495 2259 1554 et
2289 1485 2385 1554 ita
2418 1485 2604 1572 quod
2635 1484 2893 1555 factum
2936 1485 3169 1566 fuerit,

626 1572 713 1641 ad
744 1594 868 1642 nos
915 1594 1190 1660 quoque
1230 1572 1573 1642 transibit.
1620 1573 1764 1643 Fiet
1808 1585 2037 1644 autem
2079 1573 2234 1655 hoc,
2267 1573 2327 1644 si
2358 1596 2573 1675 prope
2605 1595 2829 1643 meam
2879 1573 3180 1643 domun-

619 1660 875 1744 culam,
927 1683 1135 1748 quam
1186 1673 1250 1730 et
1298 1661 1448 1751 ipse
1496 1661 1754 1742 habito,
1808 1675 1874 1731 et
1919 1662 2190 1749 aliquos
2236 1683 2316 1732 ex
2364 1662 2453 1730 iis
2490 1662 2612 1749 qui
2663 1662 2924 1733 morbis
2984 1661 3176 1733 labo-

621 1761 777 1819 rant
816 1750 1261 1820 introducens
1299 1772 1493 1831 cur0,
1541 1772 1663 1851 pro
1712 1750 1997 1832 viribuS,
2051 1750 2569 1841 aegrotantibus
2618 1750 2908 1821 domum
2939 1764 3178 1839 aptam

621 1838 1045 1910 excitaveris.
1100 1843 1241 1909 Hoc
1287 1839 1471 1908 enim
1516 1839 1640 1908 ubi
1678 1852 1744 1909 et
1772 1839 2042 1910 clarum
2093 1861 2341 1908 nomen
2392 1840 2634 1930 pariet,
2671 1849 2737 1909 et
2769 1840 3178 1910 conciliabit

627 1927 1010 1997 mercedem
1052 1949 1229 2013 quae
1274 1926 1530 1997 auferri
1582 1950 1716 1997 non
1768 1928 2035 2030 poterit.
2078 1951 2114 1994 »
2141 1927 2411 1997 Audivit
2449 1933 2854 2018 Imperator,
2893 1939 2960 1999 et
2990 1928 3177 2017 quod

622 2016 911 2106 petitum
944 2016 1188 2097 suerat,
1244 2016 1561 2086 lubenter
1608 2016 1912 2098 admisit,
1969 2029 2297 2104 tanquam
2341 2016 2603 2086 donum
2655 2016 2910 2103 potius,
2960 2039 3175 2105 quam

626 2116 956 2191 tanquam
1000 2106 1420 2195 petitionem.
1467 2111 1543 2175 Et
1592 2105 1820 2175 statim
1867 2106 2064 2197 (tunc
2114 2106 2298 2175 enim
2350 2105 2663 2175 divinum
2727 2107 3177 2175 construebat

622 2193 956 2284 templum
1001 2195 1279 2264 nomine
1329 2194 1442 2263 Dei
1496 2194 1819 2296 Sophiae)
1857 2195 2070 2296 jussit
2116 2204 2193 2263 ut
2233 2194 2301 2264 id
2351 2215 2629 2282 quoque
2666 2192 2877 2263 simul
2927 2195 3174 2264 aedifi-

627 2294 901 2352 caretur
939 2295 1255 2373 prompto
1303 2295 1369 2352 et
1400 2282 1613 2352 alacri
1660 2284 1878 2353 animi
1927 2282 2178 2363 studi0‚
2231 2298 2295 2353 et
2344 2305 2610 2363 eorum,
2674 2283 2796 2370 qui
2843 2284 3176 2354 aedifica-

626 2372 816 2452 bant,
888 2394 1140 2461 magna
1192 2371 1659 2453 multitudine,
1723 2384 1788 2441 et
1834 2373 2148 2441 omnium
2204 2370 2679 2462 impensarum
2739 2373 2965 2462 copia,
3027 2374 3175 2464 ipso

622 2460 906 2549 quidem
937 2483 1069 2550 sup
1123 2460 1420 2552 editante
1450 2460 1844 2542 liberaliter,
1883 2483 1962 2531 ex
1996 2460 2230 2550 magni
2253 2482 2409 2531 vero
2441 2459 2796 2532 Samsonis
2829 2461 3172 2532 sententia

624 2551 861 2619 effecto
908 2550 1060 2619 aedi
1092 2549 1246 2620 iciO.
1302 2555 1667 2637 Postquam
1713 2562 1940 2620 autem
1981 2550 2270 2640 pulchre
2306 2562 2373 2619 et
2412 2549 2780 2640 magnifice
2814 2549 2947 2620 fuit
2987 2551 3174 2620 aedi-

625 2638 933 2716 ficatum,
987 2651 1052 2708 et
1113 2640 1199 2708 ab
1235 2639 1385 2729 ejus
1434 2638 1565 2708 fuit
1616 2639 1893 2709 nomine
1927 2639 2480 2718 denominatum,
2523 2638 2842 2729 protinus
2891 2638 3000 2708 illi
3055 2640 3176 2711 fuit

624 2728 1071 2818 permissum.
1105 2733 1181 2797 Et
1211 2727 1357 2817 ipse
1390 2742 1533 2797 erat
1560 2728 1838 2797 divinus
1872 2727 1987 2797 ille
2021 2732 2334 2809 Samson,
2370 2728 2485 2797 cui
2528 2727 2906 2797 commissa
2953 2727 3177 2798 fuerat

622 2815 873 2886 domus
921 2815 1453 2886 administratio.
1572 2851 1579 2856 ·

712 2913 749 2986 ἓ
800 2910 894 2974 ss.
949 2904 1444 2994 AdJicitautem
1483 2911 1863 2995 Imperator
1905 2904 2096 2974 aliud
2144 2926 2418 2992 quoque
2452 2904 2746 2995 dignum
2794 2909 3174 2995 Imperato-

624 2994 724 3063 ria
750 2993 1250 3063 munificentia.
1284 2999 1426 3063 Non
1476 2994 1794 3093 exiguam
1829 2993 2014 3063 enim
2065 3016 2352 3064 suorum
2386 2993 2728 3063 bonorum
2758 3008 3056 3084 partem,
3109 3005 3174 3063 et

624 3104 757 3150 non
811 3083 959 3153 sine
1006 3083 1280 3173 egregio
1330 3096 1702 3174 proposit0‚
1745 3083 1906 3152 huic
1945 3081 2100 3152 aedi
2132 3094 2406 3152 sanctae
2436 3094 2815 3163 consecrat,
2870 3082 3170 3152 divisam

624 3170 884 3240 scilicet
929 3194 1008 3240 ex
1061 3171 1331 3261 praedis
1360 3194 1535 3259 quas
1583 3170 2016 3241 admirabilis
2052 3171 2165 3240 ille
2215 3171 2587 3240 Belisarius
2635 3171 2717 3240 ad
2777 3193 2941 3241 eum
2988 3184 3174 3241 attu-

624 3259 791 3329 lerat
836 3281 873 3329 e
930 3272 1107 3329 terra
1155 3260 1611 3349 Assyriorum,
1666 3282 1842 3347 quae
1890 3282 1960 3329 re
2003 3282 2156 3329 vera
2217 3273 2412 3329 erant
2452 3259 2847 3350 praeclarae
2904 3271 2970 3328 et
3018 3261 3172 3350 opi-

626 3371 800 3418 mae.
862 3348 1109 3417 Deinde
1157 3349 1443 3418 domum
1477 3371 1752 3436 quoque
1803 3349 2026 3418 munit
2080 3348 2281 3419 donis
2363 3348 2860 3430 ossessionum,
2892 3369 3077 3437 quae
3109 3362 3174 3418 et

624 3437 706 3506 ad
744 3437 916 3505 alios
948 3437 1099 3528 ejus
1149 3450 1472 3528 sumptus
1514 3438 1977 3517 sufficiebant,
2030 3450 2095 3507 et
2141 3438 2226 3507 ad
2263 3460 2303 3506 a
2335 3438 2671 3508 imentum
2710 3437 3167 3518 medicorum,

625 3538 957 3596 eteorum
1003 3526 1259 3613 quibus
1306 3538 1499 3595 erant
1547 3526 2104 3597 alia‘commissa
2149 3548 2459 3595 munera.
2517 3530 2683 3596 Cum
2738 3526 2994 3596 multos
3045 3548 3171 3596 au-

623 3626 754 3683 tem
799 3637 1019 3685 annos
1062 3617 1162 3684 sic
1219 3616 1660 3716 transegisset
1709 3614 1826 3684 ille
1873 3615 2115 3685 beatus
2166 3616 2235 3683 in
2285 3638 2455 3685 cura
2504 3614 2805 3705 gerenda
2854 3628 3167 3705 aegroto-

621 3725 802 3784 rum,
848 3704 932 3773 de
979 3705 1237 3791 quibus
1293 3705 1621 3774 omnibus
1672 3717 1817 3774 erat
1865 3704 2087 3774 instar
2116 3703 2332 3794 patris
2381 3703 2718 3785 solicituS,
2783 3714 2850 3773 et
2878 3705 3028 3794 jam
3078 3702 3165 3772 ad

621 3813 896 3884 gravem
944 3792 1327 3864 devenisset
1374 3806 1820 3873 senectutem,
1872 3804 1938 3861 et
1992 3815 2247 3883 corpus
2305 3792 2736 3863 imbecillum
2770 3793 2833 3861 ei
2877 3802 3165 3862 mortem

622 3882 1017 3972 parturiret,
1062 3904 1310 3971 parum
1359 3882 1638 3968 quidem
1691 3885 2016 3973 aegrotat,
2077 3895 2143 3951 et
2193 3881 2377 3969 quod
2427 3895 2657 3972 posset
2701 3881 2976 3952 ostendi
3022 3901 3170 3951 esse

622 3970 1055 4062 prooemium
1102 3983 1167 4040 et
1196 3971 1464 4041 occasio
1515 3973 1779 4041 mortis.
1833 3971 2116 4040 Moritur
2175 3983 2408 4039 autem
2459 3992 2594 4040 non
2645 3970 2890 4053 tristiS,
2945 3989 3169 4057 neque

621 4060 916 4150 graviter
961 4074 1026 4129 et
1079 4081 1280 4148 aegre
1328 4057 1554 4130 ferens
1601 4061 1990 4140 decessum,
2044 4071 2120 4128 ut
2167 4058 2389 4129 solent
2450 4059 2724 4127 animae
2779 4080 2960 4146 quae
3021 4080 3171 4128 cor·

623 4148 810 4239 poris
856 4160 922 4218 et
970 4148 1217 4218 mundi
1282 4147 1496 4217 nimio
1545 4160 1864 4219 tenentur
1898 4169 2167 4217 amore:
2222 4148 2339 4217 sed
2394 4147 2628 4218 leviter
2673 4159 2739 4216 et
2797 4147 3162 4226 hilariter,

623 4249 703 4306 ut
752 4237 873 4325 qui
924 4236 1209 4327 pulchre
1259 4237 1481 4318 sciret,
1539 4259 1580 4306 a
1633 4260 1771 4326 quo
1820 4249 2198 4318 vocaretur,
2252 4247 2317 4307 et
2375 4259 2415 4306 a
2464 4259 2602 4325 qua
2651 4236 3170 4325 perturbatione

627 4325 713 4394 ad
745 4348 952 4413 quam
1008 4326 1325 4395 transiret
1359 4326 1689 4413 requiem,
1735 4337 1808 4396 et
1852 4337 2148 4414 quantae
2190 4325 2574 4416 voluptates
2610 4337 2838 4395 essent
2889 4325 3166 4394 beatam

624 4414 776 4503 ejus
834 4414 1141 4506 animam
1193 4427 1622 4504 excepturae.
1668 4421 1760 4486 Ex
1792 4414 2146 4486 laboribus
2181 4415 2369 4485 enim
2422 4413 3044 4495 remuneratione5‚
3104 4424 3170 4483 et
