3357 4995
687 323 814 389 638
1263 339 1342 386 nn
1390 338 1482 386 ss.
1535 336 1872 385 APOSTOLIS
1919 334 2115 383 rnrno
2162 335 2237 382 nr
2283 332 2487 383 pauno
2784 318 3005 385 JUN11
3055 270 3153 384 ἐξ)

596 424 1072 496 sacerdotibus
1115 434 1181 494 et
1235 421 1635 492 doctoribus
1684 420 1803 489 illo
1852 431 2157 509 tempore
2214 420 2592 510 accepisset
2646 420 2978 510 epistolas
3049 421 3145 491 ad

594 514 890 584 Judaeos
915 513 1035 600 qui
1061 523 1257 582 erant
1294 510 1635 590 Damasci,
1671 510 1800 579 iter
1841 510 2198 598 ingressus
2231 521 2335 578 est
2372 520 2611 579 contra
2643 530 2760 579 eos
2789 510 2912 597 qui
2944 523 3151 580 erant

598 605 669 673 in
718 625 821 684 ea,
873 600 1279 691 discipulos.
1348 599 1472 670 Sed
1523 599 1642 686 qui
1700 620 1781 669 ex
1828 611 2022 669 utero
2086 597 2330 668 matris
2380 618 2542 667 eum
2617 599 3003 690 segregavit
3052 599 3149 669 ad

596 714 803 764 suum
855 690 1317 760 ministerium
1351 744 1366 761 .
1419 687 1661 757 videns
1729 710 1886 756 eum
1939 686 2196 773 injusta
2248 685 2460 756 teneri
2522 686 2820 768 insania,
2881 688 3150 778 injusta

596 782 945 852 voluntate
973 792 1039 849 et
1073 779 1265 869 justo
1298 777 1515 848 animi
1615 776 1939 866 roposit0,
1992 776 2148 845 etei
2194 775 2266 844 in
2323 775 2552 845 media
2611 777 2718 845 via
2763 780 3143 867 apparens,

595 870 943 961 corporeis
990 867 1272 955 quidem
1300 888 1459 937 eum
1493 887 1571 935 or
1620 876 1690 935 at
1709 864 1952 947 oculiS,
1996 863 2475 954 magnitudine
2509 865 2924 955 purissimae
2964 865 3145 936 lucis

596 980 775 1049 quae
804 958 868 1029 ei
916 956 1276 1048 apparuit:
1329 956 1480 1045 ejus
1526 967 1756 1025 autem
1792 964 2090 1023 mentem
2117 965 2184 1023 et
2213 953 2519 1023 animam
2553 953 2724 1023 adeo
2752 953 3137 1035 illuminat,

593 1062 671 1121 ut
705 1069 892 1129 eum,
934 1047 1235 1134 quierat
1264 1043 1430 1115 olim
1465 1054 1885 1134 persecutor,
1916 1042 2244 1112 dilectum
2281 1042 2512 1114 statim
2546 1055 2613 1112 et
2644 1042 3145 1114 fidelissimum

596 1138 834 1208 fecerit
888 1158 1095 1206 suum
1160 1154 1595 1224 praeconem.
1660 1131 1848 1202 Sauli
1898 1132 2130 1219 itaque
2177 1131 2459 1200 nomine
2520 1131 2586 1200 in
2638 1131 2835 1203 Pauli
2884 1152 3143 1201 nomen

597 1237 1074 1306 transmutat0‚
1130 1222 1336 1293 mittit
1393 1221 1479 1291 ad
1532 1220 1863 1290 Ananiam
1925 1218 2295 1307 quemdam
2345 1219 2773 1313 discipulum
2834 1220 2908 1290 in
2969 1221 3148 1291 urbe

598 1322 950 1386 Damasco.
988 1319 1036 1383 A
1065 1334 1203 1400 quo
1240 1332 1402 1380 cum
1443 1308 1700 1381 Paulus
1753 1323 2071 1380 sanctum
2135 1308 2513 1398 accepisset
2559 1308 3012 1398 baptismum,
3071 1322 3142 1379 et

598 1403 846 1474 Christi
900 1399 1322 1471 intemeratis
1373 1398 1960 1469 communicasset
2028 1397 2501 1479 sacramentis,
2533 1397 2832 1468 efficitur
2905 1397 3141 1468 fidelis

599 1493 828 1564 socius
863 1487 1413 1581 praedicationis,
1446 1493 1729 1557 Tantam
1778 1509 1942 1577 ergo
1983 1486 2429 1575 mutationem
2478 1487 2775 1556 ostendit
2824 1487 2936 1557 hic
2972 1487 3135 1557 bea-

600 1593 709 1652 tus
737 1592 889 1671 post
921 1578 1366 1656 vocationem,
1395 1590 1463 1646 et
1497 1575 1582 1645 ad
1619 1588 1883 1647 tantum
1916 1576 1985 1644 in
2022 1575 2365 1647 Christum
2395 1575 2648 1645 exarsit
2678 1574 3135 1656 desiderium,

598 1684 677 1741 ut
714 1689 1086 1760 praecones
1116 1666 1417 1737 veritatis
1466 1686 1600 1734 non
1642 1664 1866 1736 solum
1904 1664 2151 1745 verbiS,
2209 1663 2330 1735 sed
2372 1663 2568 1735 factis
2615 1664 2822 1734 etiam
2879 1664 3141 1736 confir·

601 1770 841 1828 maret:
877 1755 999 1843 qui
1046 1778 1204 1826 eum
1254 1753 1483 1824 adhuc
1533 1752 1887 1834 timebant,
1941 1766 2006 1823 et
2052 1766 2451 1843 suspectum
2484 1752 2853 1832 habebant,
2909 1766 3143 1824 osten-

599 1847 772 1917 dens
802 1867 874 1918 se
922 1857 1057 1914 toto
1088 1844 1305 1914 animi
1338 1841 1566 1912 studio
1612 1842 1926 1932 erupisse
1984 1840 2054 1910 in
2095 1862 2398 1911 amorem
2451 1842 2746 1911 Domini.
2800 1843 3140 1926 Quocirca

600 1958 761 2005 cum
795 1933 1038 2004 fuisset
1082 1954 1243 2002 cum
1283 1931 1368 2003 iis
1412 1931 1536 2018 qui
1581 1943 1778 2001 erant
1828 1931 2137 2000 Damasci
2182 1929 2572 2021 discipuliS,
2636 1931 2868 2001 statim
2909 1934 3139 2022 coepit

601 2023 998 2115 praedicare
1032 2021 1377 2092 Christum
1413 2021 1483 2090 in
1528 2019 1924 2109 synagogiS,
1974 2018 2276 2090 Judaeos
2327 2019 2695 2090 confutans
2733 2035 2797 2090 et
2851 2042 3139 2090 rursum

601 2112 1026 2185 confirmans
1073 2132 1230 2181 eum
1280 2131 1429 2180 esse
1477 2108 1847 2179 Christum.

685 2204 721 2289 ξ
770 2205 909 2273 14.
965 2204 1132 2270 Cum
1190 2210 1419 2268 autem
1467 2197 1529 2268 ei
1561 2196 1855 2268 fuissent
1900 2197 2236 2286 cognitae,
2273 2199 2459 2283 'quae
2508 2220 2550 2267 a
2596 2197 2881 2269 Judaeis
2934 2220 3142 2299 para·

600 2291 853 2360 bantur
901 2287 1219 2369 insidiae,
1256 2309 1376 2378 per
1408 2308 1686 2357 murum
1724 2285 1793 2354 in
1829 2298 2060 2376 sporta
2117 2284 2489 2355 dimittitur
2525 2309 2565 2355 a
2621 2285 3014 2376 discipulis,
3072 2302 3138 2357 et

600 2381 670 2449 in
719 2377 1098 2448 Jerusalem
1139 2376 1400 2447 accedit
1450 2375 1535 2445 ad
1567 2375 1942 2465 Apostolos.
1990 2379 2067 2444 ln
2116 2395 2254 2461 qua
2309 2372 2524 2444 libere
2569 2374 2859 2461 loquens
2892 2375 2965 2443 in
3017 2398 3136 2445 no-

600 2469 786 2540 mine
835 2465 1105 2537 Domini
1152 2467 1368 2547 Jesu,
1422 2463 1805 2535 disserebat
1847 2476 1911 2534 et
1956 2461 2383 2554 disceptabat
2439 2464 2767 2535 adversus
2800 2463 3128 2537 Gentiles

599 2557 724 2629 Sed
754 2580 915 2627 cum
965 2556 1028 2626 ei
1082 2576 1357 2643 quoque
1405 2575 1650 2623 rursus
1716 2553 2142 2644 significatae
2188 2552 2480 2623 fuissent
2535 2552 2851 2634 insidiae,
2908 2575 2948 2623 a
2997 2552 3138 2624 fra·

598 2648 821 2719 tribus
868 2644 1236 2715 deducitur
1282 2642 1721 2732 Caesareaml,
1773 2654 1838 2713 et
1887 2641 2080 2711 illinc
2131 2641 2316 2712 venit
2377 2647 2689 2714 Tarsum.
2756 2648 2902 2725 Quo
2968 2664 3135 2714 cum

597 2736 893 2806 venisset
947 2733 1299 2803 Barnabas
1324 2787 1340 2812 ,
1390 2744 1457 2802 et
1494 2752 1652 2802 eum
1694 2731 2089 2812 invenisset,
2124 2729 2408 2799 deduxit
2445 2730 2897 2800 Antiochiam.
2960 2734 3140 2802 Cum

598 2836 734 2894 toto
773 2835 1000 2895 autem
1047 2843 1232 2891 anno
1263 2819 1405 2892 illic
1453 2832 1689 2890 coetus
1737 2819 2089 2900 haberent,
2143 2831 2207 2888 et
2262 2819 2429 2891 satis
2477 2841 2800 2910 magnam
2850 2818 3137 2890 docuis-

596 2924 746 2984 sent
785 2910 1326 2991 multitudinem,
1379 2922 1446 2980 et
1489 2907 1871 2997 discipulos
1921 2907 2228 2999 primum
2275 2907 2751 2980 nominassent
2802 2907 3139 2979 Christia-

596 3025 745 3083 nos,
785 3002 855 3070 in
900 2999 1236 3070 Judaeam
1291 2998 1377 3067 ad
1430 2997 1673 3067 fratres
1722 2998 2093 3068 mittuntur
2139 3018 2299 3066 cum
2361 2997 2795 3077 ministerio,
2858 3010 3140 3088 propter

595 3091 872 3169 famem,
906 3110 1085 3176 quae
1115 3087 1246 3157 fuit
1277 3099 1582 3177 tempore
1616 3085 1883 3156 Claudii
1905 3085 2231 3156 Caesaris
2265 3089 2432 3156 Cum
2465 3084 2868 3176 implessent
2899 3099 3137 3157 autem

598 3178 1087 3258 ministerium,
1130 3176 1386 3245 reversi
1418 3174 2061 3265 suntJerosolyma.
2102 3173 2230 3244 Ubi
2258 3174 2545 3245 Domino
2562 3197 2837 3246 sacrum
2870 3174 3136 3246 obeun-

599 3280 698 3337 tes
738 3266 1227 3345 ministerium,
1273 3277 1339 3334 et
1379 3264 1800 3365 je'unanteS,
1853 3287 1892 3334 a
1933 3269 2177 3334 Sancto
2229 3263 2490 3354 Spiritu
2546 3275 2996 3355 segregantur
3044 3264 3136 3333 ad

594 3376 796 3445 opuS,
834 3354 920 3424 ad
968 3353 1155 3442 quod
1186 3365 1403 3423 vocati
1465 3366 1729 3424 uerant.
1765 3352 2020 3424 Emissi
2052 3365 2308 3434 autem,
2353 3365 2689 3423 venerunt
2719 3351 3132 3434 Seleuciam,

595 3457 660 3514 et
708 3443 899 3513 illinc
949 3444 1019 3512 in
1072 3447 1367 3533 Cyprum
1418 3442 1870 3532 navigarunt:
1923 3453 1989 3511 et
2033 3463 2192 3511 cum
2229 3440 2523 3512 fuissent
2569 3440 2981 3522 Salaminae,
3015 3442 3137 3511 Dei

595 3533 881 3603 verbum
915 3531 1458 3603 annunciarunt.
1512 3535 1681 3601 Cum
1710 3551 1869 3601 vero
1918 3530 2381 3621 pervasissent
2423 3528 2729 3600 insulam
2774 3550 2997 3617 usque
3043 3530 3136 3599 ad

591 3622 935 3711 Paphum,
988 3632 1355 3691 excaecant
1402 3619 2074 3711 pseudoprophetam
2115 3619 2382 3700 Barieu,
2417 3619 2538 3709 qui
2567 3617 2824 3689 multos
2863 3640 3136 3709 perver-

595 3710 794 3780 tebat.
851 3709 1044 3793 Quod
1087 3732 1247 3780 cum
1299 3707 1557 3778 factum
1591 3720 1792 3790 esset,
1838 3708 2064 3778 evenit
2109 3708 2337 3778 statim
2371 3718 2448 3778 ut
2498 3707 2697 3778 multi
2746 3707 3132 3789 crederent,

595 3810 799 3886 atque
846 3798 1051 3869 etiam
1089 3798 1237 3889 ipse
1282 3795 1681 3878 Proconsul,
1715 3796 1838 3885 qui
1870 3809 2015 3868 erat
2060 3797 2128 3866 in
2165 3796 2426 3867 Insula.
2466 3795 2667 3867 Illinc
2710 3810 2939 3866 autem
3021 3818 3136 3866 ro-

592 3887 773 3969 secti,
828 3887 1114 3958 veniunt
1147 3893 1405 3978 Pergen
1453 3885 1925 3977 Pamphyliae,
1978 3898 2045 3957 et
2076 3885 2271 3956 illinc
2324 3886 2755 3957 Antiochiam
2805 3885 2947 3957 Pisi
3007 3885 3137 3954 iae.

594 3981 674 4046 In
722 3995 861 4065 qua
906 3998 1067 4046 cum
1115 3976 1228 4045 die
1284 3975 1729 4047 sabbatorum
1790 3975 2240 4052 concionatus
2286 3986 2464 4045 esset
2500 3973 2758 4045 Paulus
2806 3974 2876 4044 in
2926 3996 3139 4064 syna-

591 4087 791 4157 goga,
830 4065 1104 4136 attraxit
1154 4064 1408 4137 multos
1440 4064 1526 4134 ad
1575 4062 1782 4134 fidem
1833 4064 1905 4133 in
1954 4064 2323 4135 Christum.
2364 4064 2824 4148 Quamobrem
2871 4063 3133 4132 Judaei

593 4155 780 4247 pleni
816 4153 1301 4236 aemulatione,
1353 4175 1513 4224 eum
1555 4166 1622 4223 et
1650 4153 2036 4224 Barnabam
2095 4151 2443 4245 ejecerunt
2473 4176 2509 4223 e
2547 4154 2841 4222 civitate.
2872 4151 2927 4220 Ii
2980 4174 3137 4221 vero

591 4266 671 4314 ex
710 4266 790 4315 ea
836 4242 1288 4334 egredienteS,
1333 4256 1787 4314 excusserunt
1835 4241 2189 4333 pulverem
2238 4265 2275 4312 e
2310 4243 2454 4312 suis
2516 4241 2832 4333 pedibuS,
2888 4262 3137 4310 conve-

595 4332 867 4404 nienter
914 4344 1276 4423 praecepto
1328 4330 1627 4401 Domini.

682 4425 719 4510 ξ
764 4428 910 4497 15.
963 4427 1041 4492 Et
1085 4444 1247 4493 cum
1277 4419 1627 4492 venissent
1654 4421 1997 4504 Iconium,
2036 4431 2102 4492 et
2128 4419 2274 4491 illic
2303 4420 2511 4511 longo
2543 4431 2849 4510 tempore
2879 4417 3142 4487 versati
