3357 4995
743 315 867 379 544
1345 332 1423 377 nr:
1468 330 1844 379 numum
1892 332 1948 377 s.
2000 329 2263 377 JOANNIS
2311 330 2488 376 BAPT.
2843 312 3061 376 JUNlI
3107 316 3188 379 24

652 433 884 482 mense
930 411 1419 500 conceptioniS,
1448 412 1772 479 Nazareth
1803 411 1981 480 venit
2022 409 2316 490 Gabriel,
2373 409 2454 479 ad
2503 410 2849 501 Virginem
2905 412 3192 481 afferens

649 501 865 570 Patris
914 500 1170 570 bonum
1226 499 1588 568 nuncium.
1645 505 1861 581 Quam
1914 521 2072 568 cum
2140 498 2330 567 domi
2401 499 2705 581 vidisset,
2771 500 2960 590 prior
3008 502 3191 569 salu-

649 590 833 669 tavit,
874 588 1146 657 dicens:
1192 593 1327 656 Ave
1354 591 1588 678 qratia
1632 592 1859 679 plena,
1898 590 2215 657 Dominus
2264 599 2503 656 cecum.
2537 592 2687 667 Ave,
2741 611 2919 675 quae
2972 590 3189 678 prima

647 689 711 748 et
749 677 892 748 sola
924 677 1111 766 paris
1151 677 1480 745 infantem
1515 677 1808 746 liberum
1842 677 1928 746 ab
1954 676 2400 746 execratione.
2433 681 2583 757 Ave,
2622 699 2798 764 quae
2829 677 2898 745 in
2931 679 3190 747 mundo

648 768 835 858 paris
874 767 1046 835 vitae
1095 765 1550 835 occasionem.
1589 772 1741 845 Ave,
1794 787 1969 852 quae
2016 788 2088 833 es
2121 765 2544 854 incorrupta,
2602 765 2720 835 sed
2773 788 2905 835 non
2960 789 3034 834 es
3080 791 3192 835 ex-

644 879 804 956 pers
853 855 1087 945 prolis.
1165 859 1314 932 Ave,
1381 877 1557 941 quae
1621 866 1854 945 partus
1912 854 2181 924 dolores
2227 876 2305 923 ex
2359 867 2565 935 ectaS,
2623 855 2848 941 quite
2899 855 3183 925 minime

646 945 993 1013 invadent.
1050 948 1200 1020 Ave,
1252 964 1429 1028 quae
1487 955 1603 1013 tuo
1655 944 1878 1032 primo
1929 942 2190 1033 parenti
2241 947 2286 1011 Α
2342 965 2497 1012 amo
2544 943 2824 1015 exhibes
2875 943 3186 1013 defenso·

645 1056 814 1102 rem.
868 1038 1018 1113 Ave,
1072 1053 1248 1119 quae
1305 1031 1439 1100 fers
1484 1032 1628 1101 sine
1678 1031 1913 1100 dolore
1972 1043 2255 1101 naturae
2301 1045 2565 1101 creatae
2625 1032 3182 1102 fundamentum.

646 1127 796 1201 Ave,
850 1142 1024 1209 quae
1071 1122 1241 1190 citra
1290 1119 1591 1189 laborem
1646 1119 2008 1189 intercedis
2055 1120 2234 1189 inter
2298 1121 2774 1190 mortalitatem
2825 1135 2891 1191 et
2937 1121 3189 1189 divini-

646 1223 877 1280 tatem.
931 1215 1083 1290 Ave,
1135 1230 1310 1295 quae
1345 1208 1530 1297 paris
1581 1213 1793 1278 Deum
1846 1231 1979 1277 non
2034 1208 2327 1289 nudum,
2375 1223 2440 1277 et
2489 1209 2836 1279 hominem
2894 1232 3031 1279 non
3083 1234 3188 1280 so-

645 1300 789 1370 lum
843 1299 1217 1367 hominem.
1265 1303 1397 1365 Ave
1444 1301 1673 1386 qratia
1700 1301 1932 1388 plena,
1973 1300 2288 1367 Dominus
2330 1310 2565 1367 tecum.

719 1392 770 1545 ἒ
818 1392 912 1457 9.
968 1385 1093 1455 Illa
1141 1399 1394 1465 autem,
1431 1408 1587 1454 cum
1631 1386 1965 1456 audiisset
2012 1387 2362 1465 laetitiam,
2421 1410 2555 1456 non
2612 1389 2910 1477 porrexit
2948 1413 3173 1471 aures

644 1500 716 1548 se
798 1498 1025 1546 vocem
1062 1475 1497 1553 examinavit,
1534 1475 1803 1543 dicens:
1858 1475 2094 1557 Qualis
2126 1490 2226 1544 est
2273 1475 2440 1545 haec
2490 1476 2866 1546 salutatio?
2899 1481 3029 1560 Qui
3067 1504 3184 1570 per

643 1587 736 1645 sc,
784 1579 848 1634 et
879 1586 1012 1635 non
1065 1578 1364 1641 vocatus,
1397 1576 1701 1633 nostram
1733 1576 1835 1633 est
1881 1566 2237 1655 ingressus
2277 1565 2799 1644 domunculam,
2832 1569 3180 1652 quisnam,

642 1655 889 1741 inquit,
934 1664 1036 1722 est
1075 1653 1209 1732 hic,
1267 1673 1399 1720 non
1451 1652 1835 1733 familiariS,
1892 1675 2027 1721 non
2078 1666 2434 1742 cognatus,
2486 1676 2621 1722 non
2664 1677 2885 1744 genus
2926 1657 3185 1727 ducens

642 1744 729 1812 ab
778 1742 1076 1811 Adamo?
1122 1747 1213 1810 Ex
1266 1763 1424 1809 voce
1457 1740 1773 1829 con-jicio,
1813 1741 1992 1811 hanc
2023 1764 2170 1812 esse
2207 1764 2449 1811 novam
2487 1756 2551 1811 et
2585 1742 2879 1811 alienam
2925 1747 3183 1816 saluta-

645 1832 926 1900 tionem.
973 1835 1111 1898 Non
1173 1830 1363 1898 adest
1416 1829 1698 1918 Joseph:
1769 1831 1914 1898 voci
1977 1853 2109 1900 non
2162 1831 2485 1899 assentio.
2543 1836 2707 1900 Cum
2762 1831 2904 1902 sola
2960 1836 3180 1924 prima

642 1934 943 2010 parente,
999 1932 1073 1987 ut
1120 1919 1336 2008 ajunt,
1394 1917 1660 1986 locutus
1709 1933 1812 1987 est
1860 1918 1996 1998 ille,
2048 1921 2167 2005 qui
2217 1919 2345 1989 fuit
2397 1920 2664 2008 primus
2693 1935 2935 1990 auctor
2971 1925 3183 1992 malo-

642 2030 821 2078 rum.
861 2009 934 2076 Ei
972 2021 1199 2077 autem
1277 2006 1446 2075 dixit
1478 2006 1812 2096 Angelus:
1879 2013 1971 2076 Ne
2019 2010 2277 2086 timeas,
2334 2011 2576 2088 Maria,
2635 2013 2954 2078 invenisti
3012 2017 3181 2081 enim

640 2101 939 2188 qratiam
975 2153 989 2177 ‚
1042 2119 1248 2182 quam
1305 2095 1600 2185 perdidit
1636 2118 1813 2182 quae
1870 2097 2171 2185 primum
2224 2097 2350 2165 fuit
2396 2109 2621 2167 creata
2672 2098 2994 2167 foemina.
3061 2102 3183 2170 Illa

641 2186 788 2255 sola
854 2185 1153 2276 suscepit
1218 2185 1729 2273 deceptionem:
1795 2197 1864 2253 tu
1913 2198 2138 2253 autem
2190 2186 2332 2255 sola
2403 2188 2691 2255 attulisti
2763 2187 3173 2260 solutionem

639 2275 1082 2364 deceptionis
1120 2276 1353 2342 Par-ies
1382 2276 1626 2362 filium.
1683 2285 1744 2342 et
1777 2275 2038 2342 vocabis
2067 2297 2217 2341 eum
2263 2276 2512 2344 lesum.
2565 2275 2692 2344 Illa
2741 2290 2967 2345 autem
3023 2301 3177 2347 cum

640 2377 911 2453 partum
982 2363 1335 2442 audiisset,
1391 2376 1456 2431 et
1531 2361 1792 2430 filium:
1853 2362 2206 2442 Quomodo,
2260 2363 2502 2449 ajebat,
2558 2367 2682 2432 erit
2731 2367 2903 2432 me'ln'
2978 2369 3173 2442 istud,

639 2455 951 2544 quoniam
1000 2455 1222 2521 virum
1252 2475 1375 2519 non
1413 2475 1721 2541 coynosco
1747 2454 1779 2519 {³
1813 2473 1947 2521 non
1998 2452 2496 2532 contradicenS,
2530 2454 2646 2523 sed
2685 2464 2759 2522 ut
2809 2476 2927 2542 per
2978 2456 3179 2525 inter·

641 2543 1061 2632 rogationem
1113 2541 1433 2609 disceret:
1489 2541 1841 2622 Quomodo
1881 2541 2008 2609 erit
2041 2541 2211 2609 mihi
2262 2543 2496 2611 istud?
2533 2549 2694 2633 Ege,
2751 2544 2997 2629 inquit.
3035 2545 3176 2613 sola

639 2645 954 2702 naturam
995 2632 1288 2699 innovo?
1322 2628 1654 2699 librorum
1689 2630 2180 2719 procreationis
2222 2631 2288 2698 in
2322 2653 2427 2699 me
2462 2630 2811 2701 solventur
2852 2633 3181 2702 rationes?

639 2720 755 2789 Dic
806 2720 978 2788 milii
1017 2718 1334 2818 modum,
1375 2740 1413 2786 o
1455 2718 1744 2807 hospes:
1785 2740 2001 2788 novus
2048 2719 2229 2786 enirn
2268 2730 2332 2787 et
2379 2720 2649 2789 alienus
2696 2734 2799 2789 est
2854 2734 3005 2790 tuus
3053 2722 3177 2789 bo·

639 2829 771 2878 nus
821 2829 1143 2877 nuncius,

727 2905 766 2978 S
812 2901 972 2970 10.
1024 2899 1317 2985 Spiritus
1353 2899 1657 2973 Sanctus,
1713 2896 1808 2963 ait
1839 2896 2131 2975 Gabriel,
2187 2900 2604 2988 superveniet
2639 2900 2706 2965 in
2738 2910 2822 2975 tc,
2878 2910 2936 2966 et
2965 2902 3183 2969 virtus

640 2989 975 3054 Altz'ssz'mi
999 2986 1408 3053 obumbrabit
1458 2986 1599 3052 tibi.
1665 2986 1974 3073 Suscipe,
2029 2985 2275 3072 inquit,
2329 3009 2367 3054 o
2423 2987 2660 3076 Virgo,
2718 2987 2784 3055 id
2850 2988 3033 3073 quod
3077 2988 3182 3056 di·

639 3085 824 3143 ctum
875 3087 996 3144 est.
1040 3079 1128 3142 Ne
1150 3075 1245 3142 sis
1273 3072 1536 3142 solicita
1562 3073 1646 3140 de
1684 3095 1785 3151 eo,
1821 3074 2002 3159 quod
2047 3087 2148 3143 est
2179 3075 2578 3143 mandatum
2618 3074 2913 3144 silentio
2946 3080 3184 3147 Pal-tui

640 3162 780 3231 sero
817 3163 1306 3241 testimonium,
1346 3161 1624 3230 modum
1669 3161 1961 3232 dimitto.
2001 3163 2166 3231 Veni
2198 3164 2282 3231 ad
2320 3177 2380 3232 te
2413 3164 2737 3245 nunciuS,
2780 3188 2914 3234 non
2941 3165 3184 3236 doctor

634 3251 1094 3321 oeconomiae.
1126 3251 1372 3319 Missus
1407 3272 1561 3319 sum
1599 3272 1842 3340 praeco
1869 3251 2203 3320 adventus
2234 3252 2594 3332 Dominici,
2637 3275 2767 3322 non
2807 3256 3176 3344 interpres.

634 3339 1009 3422 QuomodO,
1069 3339 1252 3407 novit
1322 3340 1467 3428 ipse
1530 3340 1647 3426 qui
1706 3340 1918 3411 adest:
1972 3341 2212 3409 adesse
2281 3341 2463 3410 enim
2516 3341 2680 3410 scio.
2748 3347 2823 3410 In
2878 3355 2937 3412 te
2986 3346 3180 3413 enim

634 3428 903 3517 prosilit
951 3428 1227 3519 signum
1309 3428 1681 3497 internum:
1736 3451 1871 3497 non
1947 3450 2229 3518 possum
2290 3442 2517 3499 autem
2575 3429 2802 3499 dicere
2857 3433 3175 3502 modum.

635 3518 825 3599 Quod
878 3530 1103 3585 autem
1157 3539 1290 3585 non
1343 3516 1513 3585 falsa
1557 3516 1808 3597 dicam,
1867 3518 2333 3588 testimonium
2404 3519 2573 3587 mihi
2623 3518 2749 3588 fert
2798 3520 3174 3601 Elizabeth,

625 3627 799 3693 quae
852 3607 916 3673 in
956 3604 1306 3675 sterilitate
1338 3620 1401 3674 et
1450 3617 1794 3676 senectute
1842 3606 2156 3695 concepit
2204 3612 2748 3677 Praecursorem.
2790 3614 2865 3678 In
2920 3611 3180 3679 sterili-

628 3706 759 3765 tate
799 3707 1025 3766 autem
1083 3707 1146 3763 et
1201 3707 1544 3764 senectute
1593 3694 1763 3764 dixit
1809 3716 1960 3764 eam
2015 3696 2437 3785 concepisse,
2491 3697 2676 3783 quod
2733 3699 3015 3784 quidem
3077 3716 3181 3769 est

628 3805 762 3852 non
817 3806 1099 3873 parvum
1177 3785 1450 3873 pignus.
1526 3789 1709 3852 Inter
1756 3806 1967 3852 anum
2017 3786 2204 3853 enim
2283 3784 2581 3855 sterilem
2648 3799 2714 3855 et
2763 3788 3117 3877 Virginem
3157 3844 3172 3863 ,

626 3871 800 3941 nihil
842 3885 942 3943 est
977 3872 1488 3949 intermedium,
1529 3872 1709 3958 quod
1747 3874 1986 3942 attinet
2024 3872 2109 3941 ad
2150 3874 2588 3962 pariendum.

713 3965 749 4048 ἓ
795 3968 928 4035 11.
984 3965 1161 4030 Haec
1202 3984 1358 4031 cum
1405 3962 1626 4051 Virgo,
1668 3962 2023 4042 audiisset,
2065 3963 2246 4031 venit
2280 3963 2363 4031 ad
2406 3963 2608 4033 aedes
2657 3964 3048 4045 Zachariae,
3108 3978 3172 4035 et

624 4073 787 4120 cum
838 4050 1177 4119 Elizabeth
1231 4051 1602 4121 invenisset
1634 4052 2056 4140 concepisse,
2098 4073 2249 4120 eam
2286 4052 2626 4121 salutavit.
2668 4051 2906 4120 Infans
2936 4068 3174 4124 autem

623 4139 815 4209 intus
867 4139 1243 4229 respondit.
1313 4140 1562 4208 Infanti
1620 4142 1802 4209 enim
1865 4140 2126 4209 auditio
2181 4141 2397 4209 extitit
2446 4141 2706 4211 auditio
2774 4142 3038 4213 matris.
3103 4149 3182 4213 Et

622 4228 953 4315 quoniam
986 4229 1319 4307 Joannes,
1351 4230 1472 4315 qui
1504 4230 1686 4297 intra
1737 4242 2020 4298 naturae
2050 4229 2223 4299 sines
2271 4232 2734 4311 coercebatur,
2789 4230 2980 4316 loqui
3030 4255 3176 4301 non

625 4328 911 4407 poterat,
959 4317 1215 4389 saliens
1263 4316 1555 4397 dicebat,
1600 4340 1760 4387 cum
1813 4318 2088 4408 propria
2138 4331 2355 4388 matre
2405 4319 2690 4405 loquens
2735 4341 2853 4409 per
2901 4319 3176 4391 exulta·

622 4407 864 4489 tioneS,
904 4408 1106 4478 matri
1139 4420 1365 4477 autem
1400 4407 1770 4477 Servatoris
1801 4407 2220 4498 respondens
2263 4430 2383 4498 per
2407 4408 2712 4499 linguam
2748 4421 3169 4478 maternam.
