3357 4995
208 295 409 362 JUNII
456 297 495 359 5
870 311 946 358 nn
995 312 1050 358 S.
1105 309 1438 360 nemmem
1486 309 1684 360 EPISC.
1739 310 1813 357 ar
1860 308 2047 356 naar.
2514 291 2639 356 ⁴49

213 392 630 473 crediderint,
684 413 766 462 ex
812 413 890 461 eo
933 403 1392 482 percontatur.
1449 391 1574 461 Ubi
1625 390 1710 459 ad
1753 411 1834 458 ea
1884 389 2235 479 respondit
2285 389 2386 458 vir
2420 404 2722 473 sanctuS,

216 480 494 550 Pontifex
539 480 602 550 ei
652 501 846 550 suam
883 480 1101 571 aperit
1136 480 1577 559 voluntatem,
1621 477 1805 566 quod
1841 499 1999 547 eum
2040 477 2411 548 decreverit
2457 480 2729 569 Episco-

219 592 366 659 pum
414 569 760 649 ordinare,
814 582 889 638 ut
935 591 1013 639 eo
1065 570 1304 656 maiori
1352 567 1738 638 constantia
1795 578 2098 635 errantes
2147 567 2486 656 corrigere
2531 581 2596 637 et
2640 568 2726 638 ad

220 659 372 727 viam
425 658 725 729 veritatis
789 678 1101 728 revocare
1151 658 1386 748 possit,
1450 677 1587 744 quo
1636 656 1726 725 sit
1773 653 2093 745 ampliori
2159 655 2577 744 Apostolicae
2623 657 2730 725 di-

217 746 475 836 gnitatis
528 747 926 816 auctoritate
988 746 1349 816 suffultus:
1418 757 1742 832 tantoque
1810 743 1991 833 apud
2064 764 2303 812 omnes
2369 745 2732 817 conciones

210 838 342 935 ejus
391 835 830 925 gratiosiores
863 836 1023 916 sint,
1075 846 1334 922 quanto
1380 835 1632 903 certius
1681 845 1973 911 constet,
2018 854 2056 900 a
2097 832 2413 901 Praesule
2452 837 2732 923 Aposto-

208 922 326 992 lico
367 925 623 1011 ipsum,
678 935 754 993 ut
801 923 1265 1003 concionetur,
1322 944 1470 994 esse
1516 921 1960 991 destinatum.

282 1015 316 1098 ἓ
363 1017 510 1085 14.
566 1016 731 1082 Tum
764 1012 865 1080 vir
896 1012 1008 1080 Dei
1042 1012 1275 1081 omnia
1309 1011 1646 1099 sagaciter
1678 1009 2133 1100 perpendens,
2172 1021 2621 1097 metuensque
2649 1034 2732 1081 ne

206 1100 369 1168 illud
426 1101 906 1190 Propheticum
960 1101 1027 1168 in
1079 1100 1311 1189 ipsum
1360 1111 1794 1189 competeret,
1833 1100 2060 1167 Noluit
2094 1099 2629 1179 benedictionem,
2669 1112 2730 1169 ct

202 1191 623 1280 elonqabitur
670 1191 752 1258 ab
802 1211 873 1258 eo
913 1192 1137 1273 (Psal.
1200 1194 1324 1256 108
1377 1211 1390 1255 :
1447 1200 1671 1257 tantae
1720 1186 2212 1256 benedictionis
2258 1187 2551 1287 gratiam
2602 1190 2731 1257 mi-

198 1278 379 1345 nime
432 1278 793 1348 recusavit.
862 1282 942 1346 Ut
988 1289 1216 1347 autem
1257 1299 1297 1346 a
1350 1275 1478 1346 suit
1522 1276 1672 1345 dies
1718 1274 2170 1344 ordinationis
2235 1296 2389 1361 ejus
2436 1277 2557 1363 qui
2605 1275 2732 1347 fuit

196 1365 415 1455 pridie
446 1365 776 1436 Calendas
802 1366 1209 1440 Decembris,
1235 1364 1537 1436 Pontifex
1560 1386 1718 1434 eum
1746 1376 1812 1432 et
1834 1363 2255 1433 consecravit
2282 1359 2724 1465 Episcopum,

200 1467 259 1521 et
294 1453 717 1525 Bonifacium
769 1454 1092 1543 deinceps
1131 1454 1268 1523 dici
1306 1454 1536 1534 voluit,
1590 1475 1750 1522 cum
1800 1464 1998 1521 antea
2045 1451 2426 1523 Winfridus
2473 1453 2731 1523 dicere-

199 1554 340 1612 tur:
371 1556 440 1612 et
472 1556 551 1613 ut
583 1543 665 1611 ad
703 1542 1160 1613 obedientiam
1191 1543 1324 1613 sibi
1358 1543 1642 1629 suisque
1683 1541 2197 1612 suecessoribus
2243 1540 2725 1625 exhihendam,

198 1652 614 1718 omnemque
672 1653 904 1700 sacrae
967 1630 1127 1700 fidei
1197 1631 1630 1700 traditionem
1698 1629 2193 1699 observandam
2256 1631 2512 1699 arctius
2569 1653 2731 1701 eum

198 1721 629 1809 astringeret,
672 1721 1147 1810 juramentum
1199 1720 1284 1788 ab
1330 1741 1410 1788 eo
1438 1719 1657 1809 exegit
1683 1732 1748 1787 et
1777 1719 2078 1807 accepit:
2131 1719 2314 1805 quod
2345 1719 2627 1805 quidem
2660 1721 2732 1789 in

196 1808 502 1895 antiquis
540 1807 1047 1897 exemplaribus
1078 1806 1169 1876 ita
1203 1808 1538 1898 scriptum
1592 1807 1915 1876 habetur:
1956 1812 2088 1875 «In
2141 1807 2418 1876 nomine
2464 1809 2733 1877 Domini

116 1896 140 1915 ⁰
199 1897 306 1964 Dei
339 1896 737 1966 Salvatoris.
770 1896 982 1966 nostri
1020 1902 1186 1965 Jesu
1234 1896 1560 1966 Christi...
1619 1896 1942 1965 Promitte
1989 1917 2113 1985 ego
2150 1895 2560 1976 Bonisacius,
2619 1899 2733 1966 Dei

198 1986 417 2071 gratia
472 1990 518 2053 E
572 1985 872 2074 iscopuS,
920 1984 1040 2052 tibi
1091 1984 1281 2053 beate
1331 1990 1519 2053 Petre
1558 1983 2032 2075 Apostolorum
2072 1985 2415 2075 princeps,
2446 1986 2733 2056 vicario-

192 2095 322 2159 que
356 2086 481 2142 tuo
527 2008 723 2143 beato
758 2073 1077 2161 Gregorio
1126 2078 1346 2162 Papae
1391 2084 1465 2141 et,
1503 2073 2020 2144 successoribus
2067 2073 2242 2161 ejus,
2300 2095 2419 2163 per
2466 2079 2731 2143 Patrem

193 2175 254 2230 et
304 2161 557 2231 Filium
593 2174 660 2230 et
693 2161 1019 2251 Spiritum
1075 2165 1426 2242 Sanctum,
1470 2162 1865 2230 Trinitatem
1917 2162 2472 2251 inseparabilem,
2505 2175 2570 2233 et
2599 2164 2730 2232 hoc

195 2250 746 2319 sacratissimum
785 2253 1042 2338 Corpus
1089 2262 1311 2330 tuum,
1343 2272 1450 2319 me
1499 2272 1774 2320 omnem
1816 2249 2023 2319 fidem
2063 2264 2128 2319 et
2216 2252 2532 2320 uritatem
2570 2274 2733 2321 san-

194 2353 338 2408 ctae
402 2339 566 2408 fidei
618 2337 998 2408 Catholicae
1044 2338 1387 2418 exhibere,
1431 2351 1497 2408 et
1551 2339 1617 2408 in
1676 2338 1941 2408 unitate
1987 2339 2137 2429 ejus
2188 2361 2296 2408 em
2362 2340 2542 2418 fidei,
2603 2346 2731 2409 Deo

192 2440 545 2519 operante,
603 2426 983 2516 persistere,
1014 2428 1083 2495 in
1119 2448 1255 2513 quo
1285 2428 1512 2499 omnis
1560 2427 2099 2497 Christianorum
2151 2428 2340 2497 salus
2387 2449 2534 2499 esse
2584 2430 2733 2499 sine

196 2517 409 2588 dubio
460 2518 983 2607 comprobatur:
1036 2516 1228 2586 nullo
1278 2516 1480 2587 modo
1531 2539 1638 2585 me
1686 2531 1923 2588 contra
1973 2517 2304 2587 unitatem
2339 2518 2732 2587 communis

192 2619 255 2674 et
303 2605 721 2675 universalis
750 2605 1089 2674 Ecclesiae
1115 2605 1446 2676 suadente
1474 2606 1802 2696 quopiam
1833 2606 2242 2684 consentire,
2278 2605 2421 2686 sed,
2458 2619 2534 2675 ut
2558 2605 2725 2687 dixi,

197 2694 403 2763 fidem
458 2706 522 2763 et
571 2694 935 2784 puritatem
992 2715 1213 2763 meam
1265 2707 1468 2781 atque
1524 2716 1944 2765 concursum
1996 2694 2118 2763 tibi
2184 2706 2250 2764 et
2316 2693 2735 2766 utilitatibus

199 2796 350 2854 tuae
401 2782 791 2862 Ecclesiae,
854 2781 966 2850 cui
1017 2805 1058 2851 a
1107 2782 1394 2853 Domino
1446 2788 1574 2853 Deo
1627 2794 1921 2873 potestas
1971 2782 2233 2873 ligandi
2291 2782 2735 2870 solvendique

202 2871 351 2941 data
401 2883 531 2950 est,
594 2886 660 2941 et
705 2869 1054 2963 praedicto
1082 2872 1374 2941 -Vioario
1431 2885 1548 2942 tuo
1604 2884 1810 2959 atque
1856 2871 2375 2941 successoribus
2421 2872 2572 2961 ejus
2615 2894 2734 2961 per

200 2961 426 3030 omnia
497 2960 839 3029 exhibere.
909 2960 1034 3029 Sed
1099 2972 1163 3029 et
1225 2961 1281 3029 si
1330 2982 1711 3051 cognovero
1751 2961 2087 3029 antistites
2134 2974 2370 3029 contra
2416 2959 2734 3030 instituta

207 3050 490 3135 antiqua
555 3061 947 3119 sanctorum
1002 3053 1275 3117 Patrum
1334 3049 1760 3129 conversari,
1813 3070 1971 3118 cum
2022 3049 2121 3118 eis
2171 3049 2434 3119 nullam
2486 3050 2734 3118 habere

204 3138 764 3206 communionem
813 3149 933 3206 aut
969 3138 1562 3237 conjunctionem:
1618 3137 1736 3207 sed
1791 3138 2034 3228 magiS,
2089 3137 2147 3207 si
2187 3138 2464 3207 valuero
2502 3139 2734 3228 prohi-

204 3225 376 3307 bere,
419 3226 868 3315 prohibeam:
921 3226 982 3296 si
1018 3247 1273 3305 minus,
1316 3225 1608 3295 fideliter
1655 3226 1883 3295 statim
1918 3226 2201 3296 domino
2255 3249 2407 3296 meo
2454 3232 2735 3317 Aposto-

208 3312 330 3384 lico
379 3313 831 3384 renunciabO.
872 3313 1063 3397 Quod
1102 3315 1183 3395 si,
1235 3314 1414 3400 quod
1453 3315 1655 3397 absit,
1709 3329 1948 3385 contra
1995 3315 2204 3415 hujus
2254 3316 2735 3405 promissionis

209 3425 391 3474 meae
441 3404 687 3475 seriem
737 3402 999 3491 aliquid
1048 3401 1269 3474 facere
1316 3402 1623 3491 quolibet
1673 3403 1875 3474 modo
1929 3426 2052 3472 seu
2083 3405 2361 3494 ingenio
2397 3404 2496 3475 vel
2539 3427 2736 3474 occa-

208 3492 391 3561 sione
444 3504 811 3572 tentavero,
867 3513 1024 3562 reus
1071 3492 1383 3560 inveniar
1431 3493 1500 3561 in
1550 3504 1826 3569 aeterno
1848 3491 2141 3582 judicio,
2186 3492 2512 3562 ultionem
2567 3498 2737 3562 Ana·

210 3580 355 3649 niae
402 3592 469 3650 et
519 3580 849 3738 saphirae
896 3581 1250 3650 incurram
1316 3581 1433 3668 qui
1496 3581 1687 3652 vobis
1754 3582 1960 3650 etiam
2024 3580 2108 3649 de
2167 3580 2372 3651 rebus
2442 3582 2738 3672 propriis

207 3666 516 3739 fraudem
610 3690 804 3741 acere
853 3683 1488 3759 praesumpserunt.
1542 3674 1743 3739 Hunc
1793 3682 2023 3739 autem
2073 3669 2457 3739 indiculum
2513 3693 2739 3740 sacra-

209 3759 414 3826 menti
455 3779 581 3848 ego
630 3756 1023 3828 Bonisacius
1061 3757 1352 3851 exiguus
1413 3757 1793 3849 Episcopus
1859 3780 2073 3827 manu
2136 3758 2414 3848 propria
2463 3759 2733 3849 scripsi,

208 3857 405 3931 atque
457 3867 719 3936 ponens
766 3868 978 3935 supra
1026 3846 1572 3917 sacratissimum
1622 3868 1876 3938 corpus
1927 3852 1992 3916 S.
2030 3847 2228 3926 Petri,
2277 3847 2392 3926 ita,
2437 3858 2513 3916 ut
2543 3869 2736 3937 prae-

210 3935 540 4026 scriptum
582 3938 878 4034 esu-Deo
927 3946 1091 4005 teste
1138 3945 1202 4004 et
1238 3934 1499 4024 judice,
1538 3933 1666 4004 feci
1717 3947 2229 4005 sacramentum
2275 3934 2458 4022 quod
2493 3948 2558 4005 et
2582 3957 2743 4006 con-

211 4042 474 4091 servare
523 4033 868 4113 promltto.
909 4046 948 4090 »

295 4112 331 4197 ξ
375 4115 517 4184 15.
574 4117 935 4198 Postquam
987 4111 1327 4202 ejusmodi
1367 4111 1869 4203 jusjurandum
1901 4110 2088 4201 apud
2138 4113 2544 4202 Gregorium
2572 4118 2748 4182 Pon·

215 4197 460 4269 tificem
509 4199 719 4279 dedit,
758 4199 875 4270 ille
922 4198 1224 4270 vicissim
1278 4200 1349 4270 in
1397 4201 1726 4270 omnibus
1758 4221 1918 4269 eum
1950 4201 2217 4301 juvare,
2257 4201 2650 4290 provehere,
2683 4213 2750 4272 et

216 4289 517 4383 yenerari
565 4288 804 4359 studit.
838 4293 1005 4358 Nam
1058 4288 1395 4368 libellum,
1436 4289 1504 4356 in
1532 4309 1670 4375 quo
1720 4289 2188 4358 sacratissima
2235 4289 2749 4360 Ecclesiasticae

218 4375 660 4447 institutionis
687 4379 875 4467 ‚jura,
920 4376 1439 4447 Pontificalibus
1487 4376 1754 4467 digesta
1780 4377 2257 4458 conventibus,
2291 4377 2744 4458 habebantur,
