3357 4995
198 330 409 421 JUNII
465 332 492 395 l
1041 349 1119 396 ne
1166 348 1223 396 s.
1277 346 1548 397 sumone
1593 331 1895 398 uonhcno
2570 335 2657 399 25

201 427 465 498 servitio
489 427 782 497 fratrum
814 427 1215 519 permansit.
1261 432 1615 499 Crescente
1645 442 1875 499 autem
1912 429 2333 520 perfectioris
2358 432 2535 503 vitae
2560 431 2744 513 desi·
2820 464 2826 469 ·

200 517 408 598 derio,
464 516 794 588 Abbatem
837 515 1192 588 humiliter
1224 517 1509 607 rogavit,
1545 531 1621 588 ut
1653 517 1889 589 liceret
1926 518 1989 587 ei
2019 518 2090 587 in
2124 517 2359 605 aliquo
2391 520 2743 591 secretiori

200 605 340 675 loco
388 627 857 686 commanere,
912 617 978 676 et
1023 606 1436 696 impetravit.
1472 606 1565 675 Ad
1600 628 1795 676 oram
1836 605 2052 707 igitur
2099 606 2293 677 rubri
2345 609 2559 680 maris
2638 631 2750 678 ar-

197 694 425 764 mlam
477 694 614 765 sibi
670 692 1077 784 speluncam
1141 695 1209 763 in
1283 694 1584 782 quadam
1641 717 1815 787 rupe
1871 695 2168 775 invenit,
2228 696 2353 766 ubi
2402 719 2524 787 per
2619 720 2748 768 uos

194 783 405 852 ferme
475 783 808 853 habitavit
866 804 1088 854 annos
1145 782 1358 853 solus.
1427 787 1517 853 De
1590 784 2008 855 monasterio
2058 805 2216 855 vero
2266 806 2390 874 pro
2454 808 2746 856 numero

193 871 469 942 dierum
519 870 898 943 Dominicis
951 871 1201 942 diebus
1248 893 1585 942 numerus
1631 872 1697 942 ei
1751 873 2149 944 mittebatur
2199 893 2486 963 panum.
2556 879 2747 962 Aqua

194 959 473 1029 stillans
518 958 604 1029 de
634 981 833 1049 rupe,
888 960 1146 1029 sitienti
1195 960 1524 1030 haustum
1574 961 1969 1051 praebebat.
2024 966 2165 1032 Hoc
2214 974 2455 1053 pastus
2484 962 2741 1045 eduli0,

192 1049 263 1118 in
314 1047 558 1118 eodem
610 1047 1024 1136 aliquandiu
1073 1048 1328 1118 mansit
1375 1048 1548 1119 loco.

280 1140 320 1224 ξ
367 1141 455 1210 4.
510 1141 678 1207 Cum
730 1159 886 1206 vero
932 1158 974 1205 a
1021 1137 1534 1227 navigantibus,
1589 1137 1691 1208 vel
1740 1138 1944 1208 etiam
1996 1138 2084 1208 ab
2131 1138 2244 1210 his
2339 1139 2412 1208 ui
2464 1153 2747 1230 propter

194 1225 423 1295 varios
470 1247 643 1295 usus
692 1225 1068 1296 sanitatum
1118 1225 1346 1296 oleum
1397 1225 1814 1317 colligebant
1843 1279 1864 1307 ,
1919 1226 2104 1315 quod
2154 1227 2240 1297 de
2341 1249 2491 1298 rma
2551 1240 2745 1318 petra

190 1335 411 1404 prope
478 1313 882 1403 speluncam
934 1313 1127 1384 illius
1175 1315 1456 1396 fluebat,
1507 1314 1771 1384 visitari
1818 1315 2179 1407 coepisset,
2232 1316 2513 1387 fratrem
2580 1339 2746 1405 quo-

190 1424 331 1489 que
374 1404 493 1490 qui
542 1424 791 1492 panem
842 1401 1214 1483 adferebat,
1256 1401 1800 1491 frequentatione
1846 1417 1910 1474 et
1960 1404 2294 1496 longioris
2337 1404 2604 1476 itineris
2643 1406 2746 1476 fa-

192 1492 544 1581 tigatione,
600 1492 862 1561 tristem
912 1491 1217 1572 vidisset,
1271 1492 1635 1580 sciensque
1666 1513 1740 1563 se
1771 1492 2090 1564 homines
2124 1492 2334 1563 latere
2368 1515 2503 1564 non
2541 1515 2746 1584 posse

188 1578 523 1668 amplius,
576 1580 661 1649 ad
716 1581 1215 1671 monasterium
1272 1579 1500 1661 rediit,
1567 1593 1634 1650 et
1671 1581 1869 1671 juxta
1918 1581 2286 1652 cu'usdam
2337 1581 2468 1653 viri
2515 1583 2741 1653 sancti

188 1667 691 1739 habitationem
740 1667 1061 1756 cellulam
1112 1668 1246 1739 sibi
1294 1668 1681 1756 acquisivit.
1729 1670 1941 1759 Cujus
1997 1670 2135 1740 idei
2183 1691 2256 1741 se
2297 1683 2513 1741 totum
2554 1694 2747 1741 com-

188 1756 557 1838 mendanS,
610 1769 678 1826 et
726 1756 1133 1848 magistrum
1169 1779 1329 1828 eum
1366 1770 1520 1848 post
1566 1769 1791 1829 tantos
1828 1758 2100 1830 labores
2146 1758 2510 1849 adoptans,
2553 1760 2745 1831 illius

188 1845 461 1915 vivebat
490 1840 827 1936 imperio:
863 1846 1121 1949 quippe
1168 1845 1290 1933 qui
1335 1842 1496 1916 eum
1545 1846 1925 1934 aliquando
1953 1847 2042 1917 ob
2074 1847 2406 1929 oratione,
2444 1848 2737 1919 lectione

188 1933 295 2003 vel
348 1956 551 2025 opere
601 1946 951 2003 vacantem
1001 1947 1284 2026 paterne
1330 1935 1885 2026 reprehenderet,
1939 1948 2005 2006 et
2052 1936 2252 2024 quasi
2302 1956 2542 2006 recens
2574 1960 2740 2009 con-

186 2043 471 2092 versum
519 2024 858 2093 instanter
904 2036 1246 2114 argueret.
1323 2028 1400 2093 In
1465 2025 1717 2095 vertice
1778 2035 2007 2094 autem
2061 2046 2172 2094 mo
2229 2025 2315 2097 tis
2365 2025 2603 2108 Sinai,
2661 2048 2743 2097 eo

184 2111 509 2195 videlicet
555 2111 732 2197 loco,
784 2111 855 2179 in
903 2134 1041 2199 quo
1078 2117 1340 2202 Moyses
1389 2111 1682 2204 gloriam
1733 2112 1850 2199 Dei
1901 2112 2091 2194 vidit,
2257 2118 2502 2204 Legem
2539 2115 2608 2183 in
2639 2126 2738 2184 ta-

182 2199 377 2268 bulis
425 2199 720 2289 lapideis
788 2201 1109 2292 scripsit,
1167 2200 1357 2271 aliud
1421 2202 1920 2271 monasterium
1982 2213 2170 2284 erat,
2222 2202 2408 2290 quod
2460 2216 2741 2294 propter

185 2287 627 2359 incursantes
693 2289 942 2379 Arabes
977 2343 992 2368 ,
1043 2289 1164 2376 qui
1228 2310 1350 2379 per
1416 2288 1605 2358 illam
1655 2292 1967 2360 eremum
2028 2312 2304 2381 semper
2352 2306 2690 2383 vagantur
2720 2347 2736 2373 ,

184 2377 385 2446 omni
434 2377 818 2447 habitatore
849 2378 1197 2447 desertum
1235 2390 1681 2449 remanserat.
1718 2384 1809 2448 Eo
1860 2391 2012 2469 post
2061 2379 2229 2449 haec
2277 2380 2602 2450 exercitia
2637 2381 2744 2450 vir

188 2465 309 2535 Dei
360 2465 635 2535 Simeon
687 2465 1024 2548 mittitur,
1086 2479 1152 2536 et
1216 2478 1293 2537 ut
1351 2466 1448 2537 ibi
1497 2480 1929 2550 moraretur,
1984 2468 2433 2568 praecipitur.
2489 2469 2741 2560 Implet

183 2553 373 2641 quod
416 2554 746 2642 jubetur,
798 2569 864 2626 et
910 2578 1085 2626 nova
1132 2555 1692 2626 machinamenta
1739 2557 2009 2643 antiqui
2049 2557 2266 2628 hostis
2321 2561 2727 2647 perpetitur.

185 2644 557 2713 Nocturnis
606 2643 795 2712 horis
848 2658 926 2715 ut
973 2644 1249 2714 Missam
1297 2644 1615 2725 celebret,
1668 2645 1961 2716 daemon
2012 2645 2353 2715 hortatur.
2405 2650 2562 2735 Ipse
2614 2667 2739 2715 nec

182 2732 397 2820 plane
456 2730 858 2813 dormiens,
912 2755 1037 2802 nec
1100 2732 1393 2823 perfecte
1453 2733 1752 2824 vigilans
1798 2733 2245 2814 contradicit,
2302 2755 2440 2804 non
2489 2732 2741 2803 debere

184 2821 341 2889 sine
386 2821 797 2910 presbyterii
843 2822 1096 2893 Ordine
1134 2821 1606 2909 aliquemhoc
1642 2822 2104 2893 ministerium
2135 2822 2449 2912 implere.
2491 2827 2741 2893 Contra

182 2908 522 2978 inimicus
555 2910 787 2990 instat,
828 2933 900 2981 se
939 2910 1054 2980 Dei
1102 2909 1407 3011 legatum
1437 2932 1609 2991 esse,
1648 2911 1996 2980 Christum
2047 2911 2177 2981 hoc
2225 2911 2422 2992 velle,
2457 2932 2583 2981 nec
2618 2912 2740 2981 de-
2822 2966 2829 2982 .

185 3018 347 3066 cere
387 3009 709 3067 sanctum
760 2998 985 3069 locum
1039 2999 1420 3069 ministerio
1479 2999 1598 3068 tali
1645 2998 1913 3070 diutius
1964 2999 2242 3100 privari.
2300 2999 2735 3071 Renitentem
2845 3031 2853 3040 ·

184 3106 351 3175 ergo
396 3099 464 3156 et
508 3086 1117 3169 contradicentem,
1159 3087 1488 3178 adjuncto
1537 3086 1676 3157 sibi
1724 3102 2071 3160 consortio
2119 3088 2408 3158 alterius
2453 3088 2740 3158 daemo-

186 3175 300 3244 nis
332 3229 347 3255 ,
398 3174 485 3244 de
532 3175 783 3246 lectulo
828 3175 1178 3257 educunt,
1234 3188 1391 3246 ante
1461 3176 1675 3247 altare
1723 3176 1872 3267 jam
1940 3176 2339 3268 vigilantem
2390 3189 2730 3258 statuunt,

185 3262 348 3332 alba
394 3263 736 3345 induunt,
789 3264 875 3335 de
920 3266 1093 3335 stola
1142 3265 1491 3353 utrimque
1536 3264 1996 3346 altercantur,
2062 3261 2281 3347 hostis
2330 3287 2519 3337 more
2586 3287 2740 3356 pre-

184 3351 485 3441 sbyteri,
543 3352 816 3422 Simeon
882 3376 1071 3425 more
1117 3353 1390 3424 diaconi
1451 3353 1907 3425 contendebat
1953 3354 2089 3425 sibi
2136 3354 2406 3445 imponi
2455 3354 2730 3425 debere.

186 3440 489 3511 Tandem
542 3441 659 3511 Dei
707 3441 1009 3512 famulus
1076 3442 1164 3512 ad
1212 3465 1285 3513 se
1323 3464 1673 3523 reversus,
1738 3443 1988 3513 virtute
2036 3435 2369 3513 orationis
2415 3455 2481 3514 et
2529 3444 2734 3535 signo

186 3530 427 3601 Crucis
475 3529 837 3600 inimicum
886 3529 1180 3621 repellit,
1233 3552 1444 3619 seque
1507 3531 1832 3602 delusum
1883 3531 2307 3623 ingemiscit.
2363 3535 2520 3602 Post
2570 3533 2740 3602 haec
2825 3565 2834 3572 ·

184 3617 271 3687 ad
326 3618 823 3689 monasterium
871 3620 1282 3711 regreditur,
1337 3641 1463 3690 suo
1505 3621 1838 3711 magistro
1887 3619 2138 3690 iterum
2191 3619 2564 3692 subditur:
2624 3621 2742 3690 cui

184 3707 527 3777 confitens
583 3717 942 3797 perpessas
1002 3708 1296 3780 insidias
1348 3707 1656 3790 diaboli,
1710 3707 2117 3779 districtiori
2174 3730 2250 3779 se
2311 3709 2741 3780 continentia

184 3795 620 3875 constrinxit,
670 3817 789 3885 per
834 3796 1097 3885 aliquot
1133 3796 1607 3869 hebdomadas
1639 3796 1754 3867 die
1793 3808 2061 3868 tantum
2108 3797 2467 3868 Dominica
2496 3799 2735 3869 cibum

98 3881 107 3890 “
184 3905 496 3955 sumens.
564 3884 825 3975 Regula
873 3897 1100 3955 autem
1151 3885 1551 3957 monasterii
1600 3885 1758 3958 talis
1803 3899 1972 3968 erat,
2017 3898 2098 3958 ut
2145 3907 2284 3956 non
2336 3886 2741 3978 prohibere-

184 3983 323 4056 tur,
373 3972 803 4061 quicumque
838 3974 1161 4065 jejunare
1209 3974 1435 4044 vellet.
2239 4047 2246 4050 ,

271 4059 312 4147 ἓ
355 4067 448 4135 5.
499 4062 800 4152 Dignum
838 4083 1002 4154 ergo
1049 4062 1217 4133 duxi
1263 4063 1427 4134 huic
1474 4064 1667 4153 operi
1715 4063 2120 4164 adjungere,
2156 4063 2341 4151 quod
2385 4063 2534 4134 suis
2570 4075 2741 4133 tem-

184 4149 475 4238 poribus
522 4150 593 4218 in
643 4149 882 4222 eodem
933 4151 1347 4222 monasterio
1397 4151 1570 4221 mihi
1618 4151 1852 4236 retulit
1899 4152 2300 4243 contigisse.
2359 4157 2485 4222 Per
2519 4164 2730 4223 totam

183 4242 564 4331 Aegyptum
622 4251 772 4309 orta
816 4252 919 4311 est
963 4239 1180 4311 fame‘s
1227 4238 1453 4310 valida
1480 4294 1496 4321 ,
1547 4239 1645 4310 ita
1693 4253 1770 4312 ut
1815 4242 1912 4344 in·
1940 4241 2087 4313 sola
2125 4241 2399 4312 civitate
2445 4239 2738 4398 Babfl'o-

184 4327 303 4398 nia
348 4338 782 4398 mortuorum
830 4348 1119 4419 corpora
1166 4343 1702 4406 numerarentur
1747 4350 1972 4417 usque
2018 4330 2106 4400 ad
2155 4341 2434 4401 centum
2486 4329 2579 4398 mi
2616 4329 2731 4409 lia,

186 4416 461 4488 civibus
486 4416 752 4487 refertis
777 4438 972 4500 auro,
1006 4417 1325 4508 gemmis,
1350 4417 1775 4507 caeterisque
1802 4418 2254 4500 ornamentis,
2282 4417 2739 4489 morientibus
