3357 4995
216 321 430 390 JUNII
478 322 564 388 29
878 340 957 390 nn
1004 341 1096 389 ss‚
1147 338 1486 390 Arosroms
1532 340 1729 390 rnrao
1775 341 1851 389 nr
1897 340 2100 391 raum
2526 318 2641 389 64]

220 426 558 507 diaconis,
610 424 1016 496 diversatur.
1056 431 1135 496 Et
1174 439 1326 516 post
1370 425 1518 498 dies
1546 427 1830 515 aliquot,
1865 426 2156 497 sublatis
2198 426 2512 508 sarcinis,
2565 427 2750 498 venit

217 514 622 586 Jerusalem.
675 519 755 586 Et
791 526 1048 604 septem
1098 513 1248 586 dies
1296 515 1726 605 purificatus,
1782 514 2114 606 templum
2161 514 2568 606 ingreditur,
2620 537 2748 584 an-

219 604 568 674 nuncians
616 602 933 692 impletos
969 626 1118 676 esse
1167 604 1315 675 dies
1363 603 1890 694 purificationis.

308 694 346 781 §
393 696 543 763 19.
596 696 743 774 Quo
791 690 860 762 in
893 690 1041 763 loco
1073 693 1193 780 qui
1239 705 1436 762 erant
1478 715 1557 762 ex
1604 693 1760 762 Asia
1796 691 2062 775 ludaei,
2119 713 2279 762 cum
2342 700 2499 762 eum
2551 713 2751 784 aspe-

216 781 515 859 xissent,
555 779 1060 852 conturbarunt
1113 803 1386 851 omnem
1440 780 2000 861 multitudinem,
2052 792 2119 850 et
2166 802 2418 851 manus
2467 802 2629 852 suas
2676 782 2748 850 in

216 868 511 941 Paulum
568 869 1028 948 immiserunt,
1096 869 1497 952 clamanteS,
1552 869 1678 939 viri
1719 869 2114 947 Israelitae,
2169 868 2335 939 ferte
2380 868 2744 940 auxilium.

222 963 391 1029 Cum
451 957 693 1028 fuisset
749 970 975 1027 autem
1029 958 1373 1028 maximus
1495 959 1693 1048 opuli
1759 979 2176 1040 concursuS,
2236 971 2611 1047 coeperunt
2677 958 2749 1028 in

216 1069 376 1117 eum
412 1046 578 1117 haec
623 1045 874 1116 dicere:
912 1046 1037 1116 Hic
1067 1060 1193 1128 est,
1230 1047 1351 1134 qui
1374 1070 1414 1117 a
1468 1069 1705 1117 versus
1738 1046 1954 1139 legem
1989 1058 2056 1117 et
2086 1045 2312 1117 locum
2347 1047 2561 1128 hunc,
2599 1068 2752 1117 om-

216 1158 341 1207 nes
387 1136 646 1223 ubique
683 1134 899 1205 docet.
953 1136 1342 1219 Quinetiam
1384 1135 1674 1227 gentiles
1723 1135 2102 1207 introduxit
2147 1134 2218 1205 in
2273 1134 2629 1225 templum,
2686 1147 2754 1206 et

216 1224 287 1294 id
328 1224 734 1312 inquinavit.
789 1224 1166 1312 Statimque
1214 1237 1398 1296 mota
1461 1224 1879 1306 multitudo,
1937 1223 2215 1293 incitata
2262 1236 2388 1306 est,
2441 1237 2518 1293 ut
2585 1247 2748 1295 eum

219 1312 484 1383 tolleret
511 1312 597 1383 de
630 1310 878 1383 medio.
934 1312 1062 1384 Sed
1112 1334 1264 1383 mox
1313 1313 1687 1384 adveniens
1745 1312 2095 1384 Tribunus
2143 1313 2401 1414 Lysias,
2453 1334 2611 1383 eum
2663 1311 2751 1383 li-

218 1401 434 1484 berat,
468 1414 534 1471 et
577 1423 737 1472 cum
770 1400 1051 1472 militari
1090 1401 1348 1473 auxilio
1392 1425 1549 1473 eum
1587 1402 1795 1472 mittit
1840 1400 1926 1471 ad
1976 1401 2361 1471 Praesidem
2415 1400 2744 1484 Felicem,
2828 1406 2836 1415 '

217 1490 333 1560 cui
394 1488 727 1561 successit
774 1493 1035 1560 Festus.
1086 1495 1254 1561 Cum
1314 1491 1641 1562 sensisset
1686 1504 1914 1563 autem
1964 1489 2220 1561 Paulus
2265 1512 2307 1560 a
2350 1488 2628 1562 ludaeis
2675 1490 2747 1559 in

218 1579 452 1670 ipsum
505 1578 678 1649 strui
726 1577 1041 1661 insidias,
1096 1601 1218 1669 pro
1254 1578 1582 1650 tribunali
1612 1580 1701 1651 ad
1750 1584 2103 1650 Caesarem
2138 1578 2369 1649 statim
2403 1591 2745 1668 provocat,

219 1681 285 1738 et
320 1680 484 1739 tunc
529 1665 809 1756 quidem
844 1667 1213 1738 dimittitur
1259 1691 1299 1738 a
1328 1668 1633 1759 judicio:
1669 1680 1943 1739 cessant
1988 1680 2217 1737 autem
2252 1688 2429 1754 quae
2478 1667 2547 1738 in
2585 1690 2747 1739 eum

218 1779 260 1827 a
296 1755 577 1826 ludaeis
608 1756 1031 1846 parabantur
1055 1756 1388 1829 insidiae:
1423 1769 1488 1827 et
1534 1757 1862 1847 deinceps
1918 1779 1957 1826 a
2006 1756 2447 1827 Praesidibus
2491 1768 2559 1825 et
2606 1778 2751 1826 ma-

219 1844 622 1937 gistratibus
670 1844 964 1916 mittitur
1019 1844 1105 1915 ad
1156 1850 1531 1916 Caesarem.
1602 1850 1770 1915 Cum
1817 1867 1974 1916 vero
2021 1858 2199 1918 esset
2254 1843 2743 1926 constitutum,

216 1947 296 2004 ut
342 1932 595 2003 Paulus
659 1931 1014 2025 navigaret
1084 1935 1154 2004 in
1204 1935 1468 2005 Italiam
1504 1990 1520 2017 ,
1572 1956 1871 2023 cumque
1918 1956 1999 2004 eo
2056 1945 2376 2024 accept0,
2430 1933 2748 2005 Centurio

218 2021 501 2109 quidam
540 2022 817 2092 nomine
841 2021 1104 2104 Julius,
1158 2045 1297 2093 una
1344 2046 1504 2094 cum
1552 2021 1711 2093 aliis
1756 2023 2005 2093 vinctis
2052 2044 2291 2094 navem
2327 2022 2749 2092 ascendisset

218 2110 761 2193 Adrumetlnam,
806 2111 989 2180 venit
1044 2110 1390 2193 Sidonem,
1444 2125 1509 2181 et
1547 2111 1741 2181 illinc
1789 2113 1857 2182 in
1909 2115 2233 2202 Cyprum.
2286 2115 2452 2181 Cum
2515 2121 2744 2181 autem

220 2199 926 2291 praeternavigassent
974 2200 1261 2292 pelagus
1291 2201 1473 2288 quod
1507 2213 1610 2271 est
1653 2222 1734 2271 ex
1782 2201 2065 2272 adverso
2119 2199 2392 2270 Ciliciae
2433 2211 2500 2269 et
2547 2204 2747 2269 Pam-

220 2286 521 2377 phyliae,
574 2287 857 2359 veniunt
886 2288 1126 2359 Miram
1188 2291 1428 2360 urbem
1474 2289 1739 2378 Lyciae.
1777 2295 2045 2359 Etcum
2102 2310 2344 2359 navem
2393 2286 2746 2359 ascendis-

218 2387 371 2446 sent
415 2375 967 2457 Alexandrinam,
1004 2379 1111 2447 vix
1141 2378 1431 2449 Cnidum
1477 2378 1906 2468 perveniunt.
1951 2383 2026 2447 Et
2075 2398 2233 2447 cum
2291 2375 2745 2477 subnavigas-

219 2477 370 2535 sent
424 2469 684 2537 Cretam
766 2487 885 2556 per
954 2464 1342 2538 Salmonem
1379 2522 1396 2550 ,
1479 2479 1813 2538 venerunt
1860 2466 1931 2537 in
2003 2465 2229 2538 locum
2300 2465 2422 2554 qui
2491 2465 2748 2536 dicttur

220 2553 498 2625 Pulchri
550 2567 808 2645 portus.
860 2559 954 2625 Ex
998 2577 1136 2644 quo
1183 2579 1343 2627 cum
1396 2554 1782 2637 solvissent,
1852 2567 1920 2626 et
1981 2560 2242 2626 Cretam
2295 2553 2749 2646 praeterlege-

217 2656 394 2725 rent,
446 2655 512 2714 et
559 2655 824 2725 ventuS,
874 2643 996 2733 qui
1029 2643 1284 2717 dicitur
1329 2644 1793 2737 Typhonicus,
1845 2645 1965 2733 qui
2000 2643 2172 2714 latas
2219 2644 2463 2713 excitat
2491 2641 2741 2723 undas,

218 2732 572 2823 spirasset,
627 2753 840 2824 prope
886 2732 1184 2804 Caudam
1222 2789 1238 2817 ,
1289 2755 1465 2822 quae
1513 2734 1612 2804 sic
1665 2733 1944 2815 dicitur,
1984 2731 2362 2804 decurrunt
2407 2731 2740 2813 Insulam,

217 2833 284 2890 et
329 2819 715 2892 vehementi
753 2834 1150 2911 tempestate
1180 2822 1524 2914 exagitati,
1566 2835 1633 2894 et
1681 2822 1875 2893 navis
1930 2821 2378 2893 armamentis
2428 2820 2748 2912 projectis

217 2909 366 2980 suis
414 2909 760 2981 manibus.

306 2999 344 3086 ς
394 3002 564 3071 Do.
617 3003 783 3069 Cum
816 3011 1045 3070 autem
1070 3020 1311 3070 omnes
1345 3022 1596 3091 magna
1641 2999 1862 3070 affecti
1897 2999 2170 3070 tristitia
2217 3009 2284 3071 et
2326 3010 2610 3068 mortem
2635 3019 2747 3067 ex-

223 3099 596 3177 pectarent,
650 3109 943 3178 surgens
973 3088 1229 3160 Paulus
1260 3088 1332 3159 in
1367 3088 1595 3159 medio
1641 3110 1908 3171 eorum,
1954 3088 2164 3178 jussit
2208 3108 2324 3157 eos
2371 3107 2519 3158 esse
2565 3085 2746 3157 bono

218 3174 493 3257 animo,
552 3197 712 3246 cum
776 3175 969 3248 nulla
1035 3176 1124 3248 sit
1176 3199 1417 3249 eorum
1467 3177 1771 3268 peritura
1816 3177 2048 3248 anima
2078 3233 2094 3258 ‚
2147 3188 2415 3278 praeter
2461 3196 2739 3245 navem:

216 3263 668 3353 hortatusque
711 3275 815 3338 est
859 3286 976 3335 eos
1033 3278 1110 3336 ut
1154 3265 1389 3336 cibum
1431 3278 1804 3348 sumerent,
1850 3278 1930 3337 ut
1974 3265 2096 3356 qui
2132 3286 2280 3355 jam
2329 3262 2746 3353 quatuorde-

217 3353 355 3423 cim
407 3352 557 3423 dies
603 3367 961 3425 manerent
996 3354 1247 3446 jejuni.
1312 3359 1619 3443 Cumque
1689 3355 1936 3426 servati
1990 3363 2219 3425 essent
2279 3351 2328 3423 ii
2385 3351 2506 3442 qui
2552 3364 2748 3422 erant

219 3463 382 3512 cum
423 3440 656 3523 Pau10,
694 3464 776 3513 ex
808 3442 1240 3533 navigatione
1288 3466 1458 3514 nave
1507 3443 1843 3516 dissoluta
1879 3444 1966 3513 ab
1999 3441 2346 3515 undarum
2398 3440 2739 3522 violentia,

217 3528 709 3603 descendentes
756 3530 827 3601 in
871 3545 1145 3614 terram,
1181 3544 1646 3622 cognoverunt
1683 3532 1984 3604 insulam
2014 3530 2240 3602 vocari
2269 3529 2561 3601 Meliten.
2599 3534 2746 3614 Quo

218 3619 289 3689 in
335 3617 485 3691 loco
532 3641 692 3690 cum
741 3633 1188 3712 congregaret
1233 3620 1487 3694 Paulus
1534 3634 2038 3692 sarmentorum
2074 3618 2617 3701 multitudinem,
2645 3617 2745 3687 vi-

220 3729 386 3798 pera
417 3707 572 3797 ejus
621 3730 905 3779 manum
937 3709 1415 3801 apprehendit.
1454 3714 1670 3793 Quam
1699 3732 1859 3780 cum
1910 3710 1979 3779 in
2029 3708 2051 3777 i
2106 3729 2261 3779 nem
2308 3707 2741 3787 excussisset,

218 3795 396 3866 nihil
456 3796 620 3867 mali
672 3818 943 3888 passm,
995 3802 1172 3868 Deus
1216 3798 1646 3870 existimatus
1698 3810 1801 3868 est
1857 3820 1897 3868 a
1949 3802 2079 3867 Bar
2129 3796 2290 3868 aris.
2358 3795 2745 3880 Quinetiam

219 3904 377 3954 cum
400 3898 657 3977 patrem
688 3885 914 3957 Publii
940 3885 1295 3959 liberasset
1320 3887 1407 3957 ab
1436 3908 1514 3957 eo
1539 3908 1677 3976 quo
1701 3886 2052 3958 laborabat
2078 3884 2370 3957 tormine
2391 3884 2749 3955 intestino-

222 3993 379 4041 rum
416 4028 432 4056 ,
482 3987 548 4043 et
594 3973 796 4065 plura
843 3974 980 4045 alia
1027 3975 1298 4046 fecisset
1345 3974 1704 4059 miracula,
1756 3997 1916 4046 cum
1968 3974 2053 4045 iis
2109 3972 2232 4077 qui
2279 3972 2751 4045 secumssnavi-

223 4059 500 4150 gabant,
536 4062 673 4133 alia
722 4086 893 4134 nave
939 4063 1123 4134 venit
1160 4068 1559 4156 Syracusas,
1601 4077 1667 4134 et
1700 4062 1892 4135 illinc
1932 4063 2299 4155 Rhegium,
2337 4061 2586 4133 deinde
2618 4067 2750 4132 Pu-

224 4147 460 4247 teolos,
512 4163 855 4241 postremo
904 4157 1188 4225 Romam
1239 4153 1487 4245 ipsam.
1524 4157 1692 4224 Cum
1734 4165 1963 4224 autem
1990 4152 2470 4245 cognovissent
2507 4150 2750 4221 fratres

221 4259 371 4326 ejus
418 4236 813 4325 adventum,
855 4241 1123 4313 iverunt
1167 4241 1231 4312 ei
1269 4240 1543 4313 obviam
1590 4263 1676 4311 us
1726 4263 1812 4311 ue
1870 4240 1955 4312 ad
2014 4246 2259 4313 Forum
2311 4240 2632 4342 Appium,
2684 4251 2749 4309 et

182 4341 358 4395 ·tres
406 4326 772 4426 Tabernas.
824 4335 902 4402 Et
950 4331 1265 4401 Centurio
1303 4329 1581 4418 quidem
1618 4353 1690 4401 re
1723 4331 1922 4420 iquos
1953 4330 2212 4401 vinctos
2260 4327 2540 4400 tradidit
2584 4327 2749 4398 duci

222 4427 597 4487 exercitus:
636 4418 889 4489 Paulus
941 4431 1169 4489 autern
1220 4432 1355 4491 toto
1401 4418 1681 4491 hiennio
1728 4419 2128 4491 servabatur
2178 4418 2265 4489 ab
2315 4439 2454 4489 uno
2504 4415 2742 4500 milite,

378 4545 614 4600 Sui-ius
646 4577 661 4587 ·
698 4544 857 4605 Vitae
883 4546 991 4607 38.
1018 4580 1039 4589 ·
1067 4545 1195 4607 Vol.
1226 4547 1327 4608 VI.
1584 4601 1591 4607 .
2509 4545 2586 4604 41
