3357 4995
188 338 352 404 thn
396 341 437 404 2
695 356 1036 404 munstar.
1093 359 1184 405 ss.
1241 359 1354 405 nu.
1410 357 1589 404 rmm
1638 357 1715 404 nr
1764 354 2143 404 mancatum
2527 341 2610 405 79

192 438 321 510 sacto
376 442 464 511 de
525 463 772 512 somno
836 441 1174 531 evigilans
1231 441 1302 509 in
1355 440 1526 511 lecto
1575 462 1703 510 suo
1750 439 2132 518 resideret,
2187 450 2252 508 et
2289 440 2490 528 juxta
2532 463 2697 511 con-

191 530 582 600 suetudinem
643 529 1265 619 expergiscentium
1316 530 1756 620 protensione
1805 527 2249 597 brachiorum
2302 540 2368 598 et
2414 530 2700 601 assidua

185 619 542 691 oscitatione
611 618 698 687 ad
749 617 1264 689 discutiendum
1316 639 1698 688 marcorem
1750 638 1821 689 se
1877 616 2293 698 extenderet,
2347 639 2423 686 os
2487 618 2698 707 paulo

183 705 519 788 diductius,
573 729 785 795 quam
827 706 1140 787 debebat,
1177 708 1472 797 aperuit,
1527 705 2041 798 disjunctisque
2079 706 2280 795 Juxta
2308 727 2513 776 aures
2551 730 2698 777 ma-

179 794 467 868 xillarum
515 796 969 886 coagmentis,
1021 796 1224 866 hians
1274 796 1489 866 rictus
1537 796 1846 866 constitit
1892 794 2317 865 immobilis:
2374 792 2498 865 hec
2546 797 2694 884 jam

176 905 231 952 os
269 885 589 957 claudere
637 885 893 965 valenS,
948 905 1282 975 personae
1311 907 1521 972 quam
1564 884 1833 956 homini
1881 883 2180 953 similior
2226 883 2488 963 effecta,
2542 906 2697 975 gra·

173 972 463 1044 vissimas
492 975 814 1044 incautae
846 973 1271 1044 oscitationis
1303 995 1559 1065 poenas
1590 974 1847 1044 luebat.
1903 976 2043 1042 Hoc
2076 973 2201 1042 ubi
2251 971 2692 1042 mulierculis

170 1062 227 1130 in
277 1063 514 1133 eodem
568 1062 787 1131 fundo
836 1062 1311 1134 habitantibus
1359 1063 1682 1143 innotuit,
1738 1074 2138 1140 accurrunt,
2194 1060 2571 1149 herbisque
2636 1074 2702 1131 et

168 1150 406 1222 frivolis
456 1151 1044 1222 incantationibus
1092 1151 1275 1222 male
1320 1151 1601 1221 habenti
1651 1171 2060 1223 succurrere
2106 1150 2517 1221 moliuntur.
2569 1150 2698 1220 Sed

167 1261 288 1309 non
323 1240 570 1311 habuit
606 1240 920 1310 effectum
971 1261 1147 1310 vana
1194 1262 1275 1310 ac
1309 1240 1789 1330 superstitiosa
1838 1240 2339 1329 praesumpti0‚
2381 1238 2697 1309 vexabat-

168 1350 286 1415 que
330 1330 558 1420 potius
605 1329 1031 1399 laborantem
1062 1340 1269 1416 atque
1300 1328 1645 1407 laedebat,
1685 1328 2017 1416 quicquid
2056 1328 2418 1418 imperitae
2446 1349 2701 1398 manus

168 1417 335 1487 velut
378 1416 613 1490 studio
671 1417 993 1487 medendi
1048 1417 1275 1487 eidem
1335 1417 1828 1488 adhibuerunt.
1885 1422 2153 1487 Interea
2201 1416 2412 1487 frater
2459 1417 2697 1486 mariti

169 1506 459 1594 eJ'usdem
511 1505 828 1576 mulieris
875 1507 1295 1596 supervenit,
1346 1506 1747 1595 salubrique
1793 1506 2088 1576 consilio
2129 1506 2417 1597 rogavit,
2479 1518 2558 1576 ut
2611 1505 2700 1575 ad

170 1593 506 1665 basilicam
559 1606 941 1684 martyrum
992 1596 1143 1665 sine
1176 1616 1368 1664 mora
1407 1594 1796 1676 duceretur,
1854 1594 1951 1665 ibi
1999 1594 2358 1665 affirmans
2404 1616 2554 1665 esse
2592 1616 2702 1665 sa-

170 1683 499 1763 nandam,
555 1684 613 1751 si
668 1705 978 1771 unquam
1030 1683 1201 1753 soret
1264 1697 1627 1774 receptura
1688 1683 2077 1755 sanitatem.
2147 1683 2529 1771 Statimque
2591 1683 2701 1770 ju-

172 1785 381 1842 mento
428 1772 826 1861 impositam
876 1771 1127 1842 ducere
1177 1772 1545 1863 incipiunt:
1602 1773 2246 1863 appropinquantes
2295 1783 2525 1843 autem
2577 1772 2699 1841 ba·

176 1860 414 1939 silicae,
451 1860 540 1929 de
575 1861 892 1951 jumento
935 1860 1317 1951 depositam
1367 1862 1666 1952 pedibus
1708 1861 2024 1931 incedere
2063 1860 2350 1932 faciunt.
2389 1865 2699 1947 Cumque

170 1969 238 2017 eo
286 1947 410 2019 loci
457 1963 737 2019 ventum
786 1962 984 2029 esset,
1026 1963 1106 2019 ut
1142 1950 1288 2039 jam
1342 1950 1702 2030 turricula,
1734 1972 1914 2038 quae
1943 1950 2145 2041 signa
2173 1948 2506 2019 basilicae
2535 1970 2698 2017 con·

175 2037 454 2117 tinebat,
526 2038 612 2108 ab
664 2038 765 2109 eis
824 2038 1133 2128 conspici
1183 2039 1562 2129 potuisset,
1616 2040 1819 2127 eique
1864 2051 1942 2108 ut
1988 2038 2077 2108 ad
2126 2058 2276 2108 eam
2330 2037 2699 2107 videndam

174 2125 391 2196 oculos
438 2126 690 2195 levaret
737 2126 809 2195 hi
856 2128 976 2213 qui
1027 2148 1180 2197 eam
1238 2127 1585 2198 ducebant
1649 2129 2095 2218 imperarent,
2160 2128 2446 2217 aspexit,
2505 2126 2694 2206 vidit,

177 2235 248 2281 ac
291 2215 433 2284 sine
479 2214 625 2284 ulla
674 2215 1073 2304 interposita
1135 2237 1330 2285 mora
1386 2217 1749 2287 sanitatem
1794 2217 2070 2316 recepit.
2126 2215 2231 2285 Ibi
2279 2237 2518 2285 omnes
2583 2238 2706 2306 pa-

175 2302 326 2372 riter
365 2304 436 2372 in
489 2315 736 2373 terram
772 2315 1129 2385 corruunt,
1168 2304 1472 2375 divinam
1530 2304 2105 2385 misericordiam,
2159 2305 2419 2391 quibus
2478 2303 2705 2374 valent

177 2388 482 2462 laudibus
529 2390 887 2472 extollunt,
944 2405 1441 2483 surgentesque
1480 2392 1567 2463 ad
1625 2393 1984 2463 basilicam
2035 2404 2483 2484 properanter
2546 2414 2701 2482 per-

176 2493 372 2634 gunt:
439 2493 504 2552 et
565 2480 869 2552 adoratis
939 2482 1396 2552 sanctissimis
1461 2483 1924 2573 martyribus,
1979 2504 2061 2552 ac
2108 2481 2280 2552 votis
2328 2504 2453 2572 pro
2502 2480 2706 2551 modo

201 2569 560 2640 acultatum
616 2569 1004 2660 persolutis,
1060 2571 1143 2640 ad
1245 2573 1673 2661 ropria-cum
1727 2572 1945 2642 multa
2001 2571 2420 2642 exultatione
2476 2591 2703 2639 rever-

175 2668 418 2728 tuntur.
472 2658 788 2728 Vidimus
838 2678 966 2729 nos
1015 2680 1164 2729 eam
1220 2682 1325 2729 em
1377 2660 1779 2740 foeminam,
1831 2673 1897 2730 et
1944 2681 2107 2729 cum
2159 2658 2278 2727 illa
2327 2658 2535 2728 locuti
2579 2681 2695 2727 su-

179 2766 361 2900 anus,
411 2761 475 2818 et
519 2769 602 2817 ea
658 2768 834 2834 quae
899 2748 1084 2818 circa
1132 2748 1323 2818 illam
1380 2760 1570 2839 gesta
1618 2749 1936 2827 fuerunt,
2006 2748 2159 2837 ipsa
2207 2759 2531 2816 narrante
2588 2746 2694 2815 di-

223 2855 478 2908 icimus.
788 2887 793 2892 -

258 2925 291 3008 ξ
330 2929 466 2998 15.
521 2930 714 2995 Nunc
763 2923 938 2994 illud
972 2925 1223 2995 referre
1272 2925 1446 3007 volo,
1484 2925 1667 3012 quod
1722 2926 1870 3014 ipse
1918 2926 1985 2993 in
2023 2924 2135 2994 die
2184 2925 2494 2995 natalitio
2541 2924 2705 2994 bea-

182 3019 379 3110 torum
427 3026 815 3103 martyrum
849 3014 1221 3105 contigisse
1260 3014 1423 3084 vidi.
1472 3018 1650 3084 Puer
1682 3012 1969 3102 quidam
2019 3013 2278 3085 surdus
2326 3024 2391 3083 et
2430 3025 2692 3093 mutus,

183 3115 474 3182 quiante
522 3103 902 3173 triennium
952 3101 1119 3173 illuc
1169 3116 1467 3184 venerat,
1520 3115 1586 3173 et
1642 3103 1714 3172 in
1766 3102 1972 3172 domo
2017 3101 2326 3172 custodis
2373 3101 2705 3172 ecclesiae

185 3187 474 3261 ostiarius
514 3190 603 3261 ab
650 3211 730 3260 eo
762 3190 985 3261 fuerat
1017 3192 1456 3273 constitutuS,
1525 3192 1697 3262 sesto
1744 3192 1855 3262 die
1885 3192 2033 3281 jam
2084 3191 2305 3272 finito,
2359 3203 2424 3260 et
2471 3190 2700 3261 officio

185 3280 532 3367 vespertino
574 3292 1077 3362 consummatO,
1131 3303 1292 3351 cum
1330 3282 1526 3368 juxta
1572 3281 1828 3351 ostium
1879 3280 2166 3359 sederet,
2212 3291 2493 3370 repente
2542 3300 2705 3348 con-

187 3382 446 3456 surgens
508 3366 870 3440 basilicam
921 3369 1237 3450 intravit,
1288 3380 1353 3439 et
1398 3392 1440 3439 a
1496 3369 1755 3440 dextris
1811 3368 2050 3440 altaris
2098 3390 2364 3459 pronus
2412 3367 2696 3438 corruit.

189 3454 460 3543 Cumque
506 3479 668 3528 eum
718 3456 1063 3539 aedituuS,
1119 3459 1241 3546 qui
1291 3458 1799 3529 candelabrum.
1837 3480 1999 3528 cum
2048 3478 2243 3527 cereo
2282 3467 2440 3526 ante
2491 3455 2706 3552 altare

188 3544 481 3642 ponebat,
530 3546 628 3616 ibi
658 3546 1003 3637 jacentem
1038 3548 1436 3628 invenisset,
1488 3547 1820 3617 continuo
1867 3546 2043 3616 mihi
2076 3546 2208 3616 hoc
2245 3544 2555 3615 indicare
2579 3568 2703 3615 cu-

186 3646 353 3702 ravlt.
419 3640 550 3707 Nos
598 3647 827 3706 autem
888 3636 1009 3722 qui
1067 3649 1232 3708 tunc
1281 3656 1425 3705 una
1478 3657 1759 3706 eramus
1806 3633 2173 3705 ecclesiam
2223 3633 2536 3705 celeriter
2584 3633 2698 3703 in-

187 3723 397 3805 gressi,
444 3723 771 3794 eumdem
826 3723 1007 3794 sicut
1052 3724 1140 3794 ab
1200 3724 1477 3796 aedituo
1519 3735 1833 3815 repertus
1870 3736 1995 3804 est,
2044 3723 2391 3811 jacentem
2439 3723 2704 3793 inveni-

188 3825 341 3879 muS.
389 3817 601 3895 Quem
639 3834 802 3883 cum
852 3813 1074 3883 levare
1115 3814 1552 3902 juberemus
1605 3812 1794 3883 velut
1841 3812 2250 3904 gravissimo
2290 3833 2534 3902 sopore
2581 3812 2703 3882 de-

187 3914 435 3981 pressus
480 3901 762 3971 excitari
813 3923 947 3972 non
1000 3902 1246 3993 potuit.
1298 3902 1603 3973 Tandem
1633 3902 1850 3992 igitur
1877 3900 2079 3988 quasi
2109 3901 2449 3992 evigilans
2479 3900 2692 3971 erexit

187 4003 264 4081 ⁸9⁹
282 4010 708 4085 ¹cernensque
742 4003 868 4061 nos
895 3991 1449 4071 circumstantes,
1474 3991 1795 4072 surrexit,
1818 4000 2023 4078 atque
2053 3989 2139 4059 ad
2166 4012 2306 4071 θος,
2338 3990 2460 4077 qui
2490 4010 2703 4081 prope

187 4073 296 4171 sibi
339 4080 771 4160 assistebant,
825 4080 1058 4151 Latine
1106 4080 1380 4151 locutus
1426 4091 1551 4150 est.
1590 4084 1764 4149 Sunt
1794 4079 2079 4167 quidam
2129 4101 2210 4148 ex
2260 4078 2537 4160 nostris,
2575 4079 2699 4165 qui

187 4158 399 4237 dicunt
439 4167 763 4239 eumdem
813 4189 1107 4257 puerum
1157 4167 1297 4258 fere
1342 4179 1501 4238 ante
1550 4190 1665 4238 sex
1714 4189 2033 4250 menseS,
2088 4189 2248 4238 cum
2321 4169 2392 4237 in
2463 4168 2700 4257 cujus-

189 4246 323 4321 dam
361 4255 663 4326 hominis
703 4258 918 4327 nostri
968 4257 1174 4328 domo
1224 4269 1435 4328 noctu
1480 4256 1872 4338 dormisset,
1926 4256 2063 4327 duo
2103 4257 2443 4344 quaedam
2498 4254 2703 4326 verba

188 4356 289 4492 per
329 4365 401 4413 so
450 4366 638 4416 orem
688 4345 905 4417 fuisse
953 4346 1289 4428 locutum,
1343 4358 1409 4416 et
1445 4345 1792 4434 auditum,
1845 4366 1982 4433 quo
2016 4358 2301 4416 eatenus
2349 4344 2590 4414 itidem
2624 4355 2702 4413 ut

209 4432 385 4516 oquel
492 4434 805 4517 carebat,
870 4436 939 4505 in
1002 4435 1123 4506 illa
1180 4435 1351 4506 hora
1409 4434 1761 4526 recipisse.
1825 4433 2020 4517 Quod
2071 4436 2166 4505 ita
2214 4434 2474 4505 factum
2539 4431 2703 4501 inde
