3357 4995
201 345 391 413 mun
439 347 466 409 ‘l
1016 364 1095 411 na
1143 365 1197 412 s.
1254 363 1529 412 sfflaorza
1577 364 1874 414 momiano
2540 350 2624 416 33

202 448 673 537 frequentaret,
730 447 994 518 meritis
1041 448 1234 519 illius
1283 448 1676 519 illuminata
1725 462 1848 519 est.
1930 449 2019 518 Ad
2075 450 2257 521 idem
2313 452 2716 542 sepulcrum

130 596 139 607 .
240 537 500 608 uaedam
550 537 1005 607 daemoniaca
1039 537 1397 629 perducta,
1428 560 1607 626 quae
1637 560 1815 626 quos
1855 549 2142 629 poterat,
2173 539 2507 611 rdentibus
2541 564 2722 612 mor-

201 560 364 697 debat
409 639 476 696 et
527 625 858 695 manibus
908 625 1236 708 laniabat,
1339 648 1415 696 er
1464 639 1731 698 noctem
1792 626 2000 727 ligata
2055 628 2332 698 mansit.
2389 635 2582 700 Mane
2620 630 2722 701 sa-

195 729 294 796 cto,
339 716 679 786 daemone
730 714 1016 785 liberata
1048 770 1069 797 ‚
1126 717 1285 785 inco
1315 716 1503 787 umis
1563 730 1896 788 remeavit
1940 715 2027 786 ad
2071 718 2372 807 propria.
2428 719 2722 801 Quidam

191 826 396 875 servus
443 803 743 873 Palatini
792 804 1066 874 comitis
1114 804 1360 876 habuit
1407 805 1763 885 ancillam,
1799 806 2004 895 cujus
2045 826 2298 875 manus
2330 828 2468 876 una
2498 808 2717 887 arida,

187 892 530 963 imbecillis
579 905 645 963 et
703 904 843 961 tam
883 892 1082 988 exilis
1128 906 1297 976 erat,
1351 906 1429 964 ut
1470 894 1557 963 ad
1608 894 1888 965 nullum
1939 915 2119 984 opus
2168 894 2445 964 valeret.
2490 896 2724 966 Tradi-

180 980 263 1050 dit
304 1003 464 1073 ergo
513 1003 668 1051 eam
719 980 806 1051 ad
848 982 1251 1073 sepulcrum
1288 982 1415 1052 viri
1456 983 1573 1052 Dei
1607 983 1976 1053 Simeonis.
2026 982 2277 1052 Eadem
2319 995 2513 1054 nocte
2545 985 2721 1054 miro

180 1070 359 1140 modo
408 1072 564 1161 ipsa
613 1091 866 1140 manus
914 1072 1260 1142 intantum
1311 1072 1557 1152 crevit,
1592 1082 1670 1142 ut
1704 1071 1900 1141 alteri
1948 1093 2082 1141 non
2117 1071 2483 1143 dissimilis
2517 1088 2716 1143 esset.

175 1160 446 1242 Quidam
500 1156 703 1230 miles
742 1159 1093 1246 quandam
1146 1160 1391 1231 habuit
1437 1160 1804 1243 famulam,
1861 1160 2034 1230 adeo
2082 1160 2389 1251 paralysi
2437 1183 2722 1253 corpore

173 1248 561 1318 dissolutam
594 1302 610 1329 ,
665 1258 742 1317 ut
790 1269 914 1317 nec
962 1247 1048 1319 de
1105 1248 1278 1320 lecto
1344 1271 1629 1351 surgere
1663 1306 1678 1333 ‚
1734 1271 1860 1319 nec
1929 1249 1997 1317 in
2069 1248 2252 1320 latus
2300 1250 2595 1321 alterum
2648 1274 2719 1323 se

170 1349 548 1408 convertere
618 1347 868 1426 posset.
923 1342 1002 1407 In
1050 1359 1131 1407 co
1188 1339 1352 1407 hino
1402 1339 1618 1430 igitur
1664 1338 1751 1408 ad
1803 1338 1931 1407 viri
1981 1339 2097 1408 Dei
2148 1339 2552 1429 sepulcrum
2606 1340 2718 1410 de-

173 1438 441 1513 portata,
498 1447 620 1516 per
652 1425 918 1513 aliquot
968 1426 1098 1496 heb
1153 1428 1439 1499 omadas
1487 1427 1586 1498 ibi
1635 1427 1983 1518 hospitata
2029 1437 2154 1497 est.
2200 1433 2370 1498 Cum
2420 1451 2588 1520 ergo
2646 1432 2718 1498 in
2835 1504 2848 1520 ‚

170 1513 322 1585 festo
365 1515 672 1603 quodam
724 1513 1061 1604 populum
1098 1516 1358 1586 videret
1390 1515 1474 1586 ad
1513 1517 1757 1588 Missas
1803 1537 2242 1597 concurrere,
2299 1530 2366 1587 et
2415 1517 2566 1608 ipsa
2601 1541 2722 1589 su-

168 1603 295 1674 bito
341 1604 427 1673 de
479 1602 652 1674 lecto
712 1603 1023 1685 exilienS,
1083 1626 1247 1675 cum
1296 1605 1396 1675 eis
1444 1606 1675 1696 coepit
1717 1605 2112 1676 ambulare.
2162 1606 2257 1674 Ad
2313 1606 2720 1697 sepulcrum

170 1692 369 1781 igitur
412 1692 544 1761 viri
596 1692 711 1761 Dei
770 1692 1091 1773 veniens,
1159 1706 1224 1763 et
1287 1716 1415 1764 sua
1463 1712 1617 1764 vota
1667 1715 1900 1764 coram
1957 1693 2219 1784 populo
2268 1716 2720 1787 nuncupans,

166 1802 329 1867 quae
372 1792 738 1871 apportata
777 1778 1000 1850 fuerat
1039 1781 1339 1855 aliorum
1391 1783 1742 1866 manibuS,
1785 1803 1957 1855 sana
2004 1795 2068 1853 et
2119 1783 2501 1854 incolumis
2566 1807 2724 1876 pro-

172 1870 331 1958 priis
380 1868 738 1959 repedavit
771 1868 1094 1959 pedibus
1526 1910 1533 1919 ·

244 1961 280 2046 ξ
324 1962 483 2033 19.
523 1963 600 2028 In
643 1957 962 2028 Calendis
999 1960 1401 2030 Novembris
1428 1982 1587 2031 «eum
1633 1961 2009 2050 placuisset
2046 1961 2334 2031 domino
2367 1962 2722 2053 Archiepi-

169 2068 364 2138 scopo
440 2050 511 2117 in
580 2046 898 2118 aedificio
948 2047 1208 2128 turris,
1269 2049 1390 2120 ubi
1460 2072 1718 2140 corpus
1768 2050 1898 2119 viri
1950 2050 2064 2119 Dei
2116 2049 2470 2140 sepultum
2519 2065 2719 2132 erat,

166 2135 366 2207 altare
417 2138 490 2206 in
544 2137 873 2207 honorem
920 2138 1239 2208 omnium
1311 2150 1713 2210 sanctorum
1762 2151 2213 2218 construere,
2271 2138 2538 2209 multus
2585 2162 2721 2210 un-

165 2226 362 2313 dique
429 2224 738 2316 populus
801 2226 1152 2297 confluxit.
1225 2233 1397 2298 Dum
1458 2247 1622 2317 ergo
1671 2240 2050 2318 apparatus
2098 2227 2219 2310 fit,
2273 2239 2340 2297 et
2387 2228 2721 2298 dominus

163 2315 528 2406 episcopus
572 2316 1002 2404 expectatur',
1055 2315 1342 2403 quidam
1407 2316 1748 2406 puerulus
1796 2329 2194 2386 contractus
2259 2328 2416 2386 ante
2480 2317 2716 2408 sepul-

164 2425 349 2473 crum
400 2403 531 2472 viri
591 2405 705 2473 Dei
745 2425 959 2475 sanus
1005 2405 1317 2494 erigitur.
1365 2405 1615 2475 Eodem
1665 2405 1778 2474 die
1824 2405 2110 2493 quidam
2154 2405 2480 2494 juveniS,
2550 2428 2709 2475 cum

165 2491 241 2562 ad
290 2505 554 2563 tantam
622 2490 760 2562 diei
807 2492 1136 2563 laetitiam
1185 2491 1557 2564 ascendere
1610 2493 1817 2564 vellet
1862 2518 2021 2565 cum
2076 2494 2345 2582 reliqua
2397 2495 2712 2566 multitu-

164 2582 351 2663 dine,
407 2580 604 2652 nullo
653 2581 858 2653 modo
920 2582 1118 2652 valet.
1192 2582 1615 2674 Impingitur
1685 2585 1914 2671 itaque
1962 2607 2000 2653 a
2051 2584 2355 2675 populo,
2410 2584 2710 2653 trahitur

165 2684 221 2740 et
264 2672 601 2762 porhtur:
655 2669 773 2740 sed
823 2669 1000 2742 vires
1049 2672 1475 2760 portantium
1524 2671 1881 2752 deficiunt,
1924 2674 2185 2762 etipse
2235 2684 2372 2741 toto
2421 2693 2711 2760 corpore

164 2781 390 2839 sanus,
435 2759 663 2850 magis
697 2758 1054 2850 magisque
1101 2759 1179 2828 fu
1226 2759 1678 2851 ponderosus.
1718 2760 2249 2831 consulentibus
2284 2759 2708 2847 quibusdam

278 2860 595 2919 catorum
643 2869 933 2918 suorum
980 2848 1483 2920 confessionem
1524 2849 1709 2930 facit,
1769 2859 1835 2918 et
1883 2849 2163 2919 tandem
2212 2849 2300 2918 ad
2352 2870 2705 2949 vesperam

189 2938 322 3008 evis
368 2937 624 3018 factuS,
676 2936 1023 3019 ascendit,
1075 2937 1630 3009 emendationem
1680 2938 1859 3008 vitae
1906 2952 2145 3008 sancto
2196 2938 2500 3008 Simeoni
2545 2960 2710 3028 pro-

166 3027 400 3107 mittit,
459 3025 700 3112 sicque
746 3024 968 3097 laetus
1015 3026 1302 3096 domum
1354 3026 1552 3097 redit.
1621 3025 1768 3096 Alio
1823 3040 2130 3117 tempore
2177 3026 2521 3113 quaedam
2574 3048 2712 3096 me—

165 3115 358 3185 retrix
394 3136 559 3186 cum
610 3115 979 3185 ascendere
1026 3113 1113 3185 ad
1162 3115 1562 3205 sepulcrum
1612 3115 1742 3184 viri
1793 3116 1907 3185 Dei
1957 3115 2181 3196 vellet,
2234 3116 2435 3202 quasi
2467 3137 2506 3184 a
2536 3137 2707 3202 quo-

166 3202 313 3274 dam
361 3203 737 3294 repellente
785 3204 1054 3361 refjec‘ta,
1107 3204 1194 3273 de
1226 3204 1451 3295 gradu
1490 3203 1762 3285 cecidit,
1798 3217 1862 3274 et
1909 3203 2088 3274 sacta
2133 3204 2494 3284 exanimis,
2546 3225 2706 3272 cum

169 3305 516 3389 putaretur
561 3314 603 3361 a
649 3314 839 3383 popu
866 3311 908 3359 o
955 3292 1187 3363 statim
1239 3293 1598 3375 moritura,
1652 3293 1836 3363 foras
1886 3294 2205 3364 trahitur.
2263 3292 2391 3362 Sed
2435 3314 2596 3361 cum
2632 3314 2714 3360 ex

169 3379 276 3450 1110
320 3380 643 3452 aedificio
688 3393 1039 3472 exportata
1086 3393 1301 3464 esset,
1338 3382 1540 3470 quasi
1576 3381 1671 3451 nil
1710 3381 1874 3451 mali
1919 3403 2145 3472 passa,
2193 3382 2263 3450 in
2305 3379 2512 3471 pedes
2549 3402 2715 3450 con-

173 3469 354 3551 stitit,
410 3483 476 3540 et
522 3468 610 3539 de
656 3469 782 3540 illa
826 3469 1098 3542 civitate
1147 3490 1364 3560 ocyus
1412 3469 1709 3561 aufugit.

246 3560 282 3645 ἓ
332 3562 503 3631 21).
557 3557 853 3641 Quidam
880 3560 1183 3630 rusticus
1211 3580 1373 3629 cum
1407 3558 1634 3630 debile
1665 3580 1923 3658 corpus
1948 3580 2028 3628 ac
2109 3580 2235 3627 ene
2260 3556 2702 3639 dissolutum,

173 3646 489 3718 manibus
514 3659 722 3735 atque
746 3647 1040 3738 genibus
1062 3647 1388 3738 repende,
1425 3647 1916 3717 miserabiliter
1942 3659 2044 3718 tra
2098 3659 2262 3728 eret,
2287 3660 2353 3717 et
2381 3668 2501 3736 per
2524 3648 2720 3734 quin·

211 3756 292 3803 ue
337 3756 618 3808 menses
664 3734 792 3805 viri
841 3737 959 3806 Dei
1007 3736 1410 3828 sepulcrum
1474 3736 1948 3810 indesinenter
1995 3736 2493 3823 frequentaret,
2549 3757 2719 3822 qua-

214 3843 320 3891 am
371 3822 486 3894 die
536 3823 842 3916 profusis
887 3825 1217 3915 lacrymis
1255 3847 1415 3896 eum
1462 3825 1574 3896 his
1625 3825 1909 3896 vocibus
1957 3822 2398 3915 interpellare
2445 3825 2713 3914 coepit:
2795 3897 2803 3908 ,

176 3910 303 4000 Eja‚
356 3933 556 3982 serve
602 3912 721 3982 Dei
768 3916 1070 3996 Simeon,
1104 3934 1314 4001 quam
1358 3914 1617 3985 durum
1666 3924 1734 3983 et
1787 3912 2407 3984 immisericordem
2444 3927 2505 3982 te
2546 3914 2718 3982 mihi

176 3999 501 4085 praebes:
554 4001 863 4102 quotidie
920 4014 984 4073 te
1031 4001 1310 4090 requiro
1343 4056 1361 4082 ,
1463 4001 1726 4073 uotidie
1791 4013 1856 4073 te
1901 4001 2146 4072 invoco
2177 4057 2192 4082 ,
2244 4013 2310 4072 et
2355 4013 2583 4071 tamen
2634 4002 2722 4072 ad

177 4087 717 4160 misericordiam
767 4112 903 4161 non
952 4091 1275 4172 flecteris,
1331 4091 1429 4159 mi
1486 4090 1647 4179 ique
1678 4090 1813 4161 soli
1845 4112 2058 4181 negas
2089 4089 2506 4162 beneficium
2535 4090 2720 4178 quod

176 4173 321 4246 aliis
370 4176 746 4269 impendis.
788 4180 1267 4251 Certe-deince
1320 4202 1354 4250 s
1393 4179 1480 4250 ad
1531 4191 1595 4251 te
1641 4179 1877 4251 venire
1923 4200 2213 4249 recuso:
2266 4180 2557 4270 jamjam
2606 4179 2722 4247 de-

179 4265 481 4366 sperans,
532 4266 821 4338 domum
869 4280 1126 4360 repeto.
1180 4272 1262 4339 Se
1360 4267 1533 4357 quid
1582 4267 1812 4340 dicam
1855 4268 2103 4339 amicis
2134 4322 2151 4349 ‚
2199 4267 2609 4359 propinquis
2657 4278 2724 4335 et

178 4353 416 4426 vicinis
463 4354 686 4427 meis?
716 4357 863 4429 Noli
917 4357 1064 4434 noli
1110 4370 1348 4430 sancte
1399 4355 1517 4427 Dei
1565 4369 1706 4427 tam
1756 4355 2402 4428 immisericorditer
2446 4377 2559 4424 me
2607 4377 2750 4442 sor

180 4433 308 4516 lum
358 4439 1049 4527 dimitterefsaltem
1108 4445 1377 4534 aliquid
1441 4445 1618 4516 mihi
1689 4445 1969 4537 largire.
2039 4451 2202 4516 Toto
2265 4465 2426 4535 ergo
2486 4444 2719 4513 animo

326 4553 577 4614 surius
606 4585 623 4598 ·
657 4552 819 4619 Vitae
840 4554 951 4623 ΕΒ.
974 4586 1001 4604 ·
1026 4550 1160 4620 Vol.
1189 4552 1291 4619 Π.
2495 4550 2538 4614 3

186 4795 291 4846 *Α
