3357 4995
630 342 757 405 1102
844 357 875 392 ν
1245 359 1323 404 nn
1372 358 1427 405 s.
1483 355 1748 415 omnmo
1797 355 1994 404 aelst:-
2049 357 2124 403 nr
2172 358 2361 405 usar.
2429 356 2435 367 ·
2767 343 2988 409 JUNII
3033 348 3076 409 4

534 442 776 514 beatus
813 441 1143 525 Quirinus
1192 442 1571 532 Episcopus
1621 440 2014 511 Sciscianus
2036 441 2142 541 (a)
2170 462 2210 510 a
2244 441 2533 511 Maximo
2582 443 2902 514 Praeside
2919 445 3072 535 jus-

537 554 658 601 sus
696 544 798 601 est
841 529 1355 621 comprehendi.
1402 535 1614 613 Quem
1667 551 1827 598 cum
1880 529 2183 600 studiose
2228 544 2658 617 quaererent,
2710 543 2776 602 et
2831 534 3075 606 beatus

535 620 604 690 id
657 620 979 692 sensisset
1027 619 1430 710 EpiscopuS,
1487 639 1810 709 egressus
1855 631 1956 687 est
2003 641 2043 688 a
2098 618 2407 689 civitate:
2459 633 2524 690 et
2571 620 2647 691 fu
2697 621 2848 691 iens
2886 644 3077 693 com-

536 709 921 799 prehensus
968 721 1068 778 est
1104 720 1169 778 et
1216 707 1579 778 deductus.
1627 712 1933 794 Cumque
1992 729 2030 776 a
2080 707 2371 777 Maximo
2420 710 2647 779 Praesi
2701 733 2738 780 e
2787 711 3077 781 interro-

534 809 813 955 garetur
849 818 988 884 quo
1034 795 1321 888 fugeret,
1361 795 1696 879 Quirinus
1743 800 1790 864 E
1845 796 2123 885 iscopus
2171 797 2557 887 respondit:
2596 820 2630 864 «
2669 804 2810 869 Non
2861 799 3079 890 fugie-

584 908 719 967 am,
782 885 900 970 sed
950 887 1229 975 jussum
1283 885 1554 954 Domini
1604 886 1740 954 mei
1813 885 2145 954 aciebam.
2184 885 2527 976 Scriptum
2565 886 2763 959 nobis
2810 901 2952 959 est:
3004 892 3083 960 Si

535 998 647 1045 vos
676 986 1158 1066 persequentur
1193 976 1265 1043 in
1294 997 1435 1042 una
1464 975 1758 1053 civitate,
1796 976 2015 1063 suqite
2049 977 2120 1043 in
2158 976 2395 1062 aliam.
2439 997 2474 1040 »
2509 976 2847 1046 Maximus
2883 982 3078 1047 Prae-

535 1086 642 1134 ses
691 1063 890 1133 dixit:
946 1087 982 1129 «
1011 1064 1179 1145 Quis
1227 1064 1354 1132 hoc
1406 1062 1790 1152 praecepit?
1825 1086 1861 1128 »
1911 1062 2242 1144 Quirinus
2275 1064 2653 1152 Episcopus
2687 1066 3070 1166 respondit:

540 1182 565 1217 u
600 1153 930 1232 Christus,
984 1152 1106 1238 qui
1141 1172 1342 1222 verus
1373 1163 1475 1221 est
1511 1155 1778 1220 Deus.»
1828 1151 2166 1221 Maximus
2196 1150 2406 1222 dixit:
2447 1175 2483 1233 ς(
2508 1157 2585 1222 Et
2626 1174 2873 1235 nesciS,
2912 1156 3079 1241 quia

531 1242 792 1329 ubique
839 1253 903 1310 te
949 1246 1449 1331 Imperatorum
1492 1252 1855 1330 praecepta
1905 1250 2216 1329 poterant
2253 1240 2582 1322 invenire,
2621 1253 2686 1312 et
2718 1241 2831 1312 hic
2869 1263 3079 1330 quem

531 1330 708 1400 dicis
741 1335 954 1399 Deum
1009 1349 1269 1410 verum,
1309 1347 1457 1398 com
1517 1328 1803 1399 rehenso
1839 1328 1962 1400 tibi
1992 1329 2360 1398 subvenire
2395 1350 2531 1399 non
2567 1343 2860 1420 poterat:
2896 1333 3078 1403 sicut

532 1432 596 1489 et
629 1419 830 1488 modo
871 1418 1144 1509 fugiens
1193 1438 1470 1508 compre
1522 1438 1734 1489 ensus
1764 1439 1839 1487 es
1866 1428 1931 1487 et
1963 1416 2400 1488 deductus‘?»
2430 1418 2764 1500 Quirinus
2802 1421 3077 1520 Episco-

535 1530 670 1597 pus
720 1507 1108 1597 respondit:
1164 1530 1200 1572 «
1239 1511 1520 1596 Semper
1538 1506 1912 1590 ,nobiscum
1960 1519 2085 1587 est,
2137 1516 2203 1575 et
2238 1506 2664 1594 ubicumque
2711 1507 3071 1590 fuerimus,

535 1597 867 1665 Dominus
903 1617 1108 1683 quem
1141 1594 1437 1664 colimus
1471 1595 1840 1665 subvenire
1870 1606 2111 1685 potest.
2154 1599 2230 1663 Et
2265 1595 2468 1670 modo
2491 1617 2652 1665 cum
2685 1598 3076 1688 apprehen-7

535 1707 657 1753 sus
701 1704 962 1765 essem,
1004 1705 1275 1754 mecum
1338 1695 1522 1753 erat:
1589 1697 1653 1752 et
1705 1683 1816 1754 hic
1874 1695 2144 1753 mecum
2192 1695 2316 1764 est,
2370 1683 2766 1754 confortans
2825 1707 2959 1768 me,
3012 1698 3078 1757 et

535 1774 684 1863 ipse
713 1772 797 1842 de
833 1794 980 1843 meo
1028 1795 1145 1841 ore
1180 1770 1303 1842 tibi
1334 1771 1766 1862 respondet.»
1807 1771 2145 1842 Maximus
2192 1773 2398 1842 dixit:
2431 1773 2701 1843 «Multa
2740 1774 3066 1862 loqueris,

532 1875 597 1929 et
647 1860 989 1950 loquendo
1029 1881 1442 1952 magnorum
1495 1882 1736 1952 regum
1797 1857 2111 1931 instituta
2163 1860 2504 1933 diffamas.
2546 1867 2717 1965 Lege
2762 1886 2926 1955 ergo
2972 1864 3076 1933 di-

535 1950 729 2019 vinos
777 1951 1031 2041 apiceS,
1087 1963 1153 2019 et
1200 1949 1304 2019 fac
1364 1948 1549 2036 quod
1593 1950 1870 2038 jussum
1915 1962 2038 2021 est.
2079 1972 2114 2015 »
2164 1950 2494 2031 Quirinus
2543 1956 2923 2041 Episcopus
2971 1973 3079 2022 re-

537 2038 854 2128 spondit:
892 2062 928 2105 «
971 2043 1109 2128 Ego
1142 2043 1645 2128 Imperatorum
1698 2050 1973 2108 tuorum
2015 2038 2404 2128 Jussionem
2454 2061 2588 2108 non
2626 2040 2858 2111 audio:
2913 2043 3082 2129 quia

534 2126 869 2217 sacrilega
917 2140 1040 2209 est,
1093 2139 1157 2196 et
1196 2138 1435 2196 contra
1484 2127 1599 2195 Dei
1648 2139 2009 2217 praecepta
2047 2127 2248 2227 jubet
2294 2149 2523 2198 servos
2553 2128 2803 2199 Christi
2832 2130 3078 2200 immo-

537 2215 677 2284 lare
725 2216 950 2296 idolis,
1004 2216 1260 2304 quibus
1306 2237 1431 2305 ego
1490 2236 1624 2285 non
1676 2215 1895 2284 servio
1942 2238 2106 2303 quia
2156 2216 2326 2285 nihil
2380 2229 2564 2285 sunt.
2620 2222 2798 2288 Deus
2846 2228 3075 2288 autem

535 2326 754 2387 meuS‚
797 2305 924 2375 -cui
971 2304 1214 2385 servm,
1268 2303 1417 2394 ipse
1448 2317 1551 2374 est
1596 2304 1666 2372 in
1718 2303 1903 2374 coelo
1949 2315 2016 2373 et
2063 2305 2131 2372 in
2185 2316 2363 2374 terra
2408 2318 2473 2374 et
2519 2306 2590 2373 in
2655 2306 2856 2375 mari.
2921 2312 3078 2397 Ipse

532 2405 634 2462 est
682 2395 749 2462 in
787 2394 995 2482 omni,
1020 2393 1205 2464 loco:
1258 2391 1586 2463 omnibus
1633 2405 1863 2462 autem
1914 2393 2251 2483 superior,
2296 2394 2461 2481 quia
2508 2394 2688 2464 intra
2736 2416 2809 2464 se
2856 2396 3079 2466 conti-

534 2497 647 2553 net
708 2483 971 2553 omnia:
1032 2481 1362 2570 quoniam
1415 2503 1537 2570 per
1584 2480 1815 2573 ipsum
1866 2497 2117 2552 cuncta
2179 2481 2356 2553 facta
2405 2496 2608 2565 sunt,
2659 2493 2725 2553 et
2794 2484 2866 2553 in
2926 2485 3077 2575 ipso

533 2582 849 2641 constant
879 2571 1225 2642 universa.
1274 2596 1299 2634 ι)
2973 2616 2994 2626 -

619 2663 657 2746 ξ
700 2664 794 2732 8.
850 2660 1187 2731 Maximus
1223 2658 1431 2728 dixit:
1491 2683 1516 2722 ι
1558 2664 1684 2728 Per
1731 2660 2025 2729 nimium
2076 2673 2350 2750 tempus
2398 2660 2684 2730 vivendo
2732 2661 3074 2749 quasdam

531 2746 801 2818 fabulas
839 2748 1169 2820 didicisti.
1225 2752 1726 2838 Supponuntur
1774 2748 1897 2817 tibi
1947 2749 2172 2829 thura,
2199 2759 2265 2818 et
2296 2749 2486 2818 disce
2513 2754 2683 2819 Deos
2719 2772 2874 2821 essew
2900 2771 3076 2837 quos

531 2837 783 2906 nescis.
818 2842 959 2906 Non
989 2859 1281 2937 parvum
1316 2849 1819 2908 consecuturus
1847 2858 1920 2907 es
1945 2859 2206 2908 munus
2230 2837 2745 2928 intelligentiae,
2785 2839 2845 2908 si
2880 2860 3075 2929 prae-

530 2925 748 3015 ceptis
808 2925 1134 2995 obediens
1199 2947 1348 2995 esse
1407 2925 1731 2997 volueris.
1776 2926 1971 3008 Quod
2020 2926 2081 2996 si
2130 2927 2278 3016 ipse
2339 2926 2463 2997 tibi
2522 2948 2658 2995 non
2717 2928 3065 3009 suaseris,

527 3027 605 3081 ut
651 3014 932 3083 devotus
963 3036 1321 3104 appareas,
1375 3035 1712 3105 cognosce
1761 3026 1824 3084 te
1871 3014 2385 3104 subjiciendum
2421 3014 2714 3086 diversis
2763 3014 3065 3106 injuriiS,

528 3101 731 3171 etiam
772 3114 985 3172 morte
1016 3103 1303 3174 terribili
1342 3104 1548 3173 vitam
1581 3116 1770 3173 tuam
1823 3102 2227 3195 finiendam.
2251 3126 2289 3170 »
2331 3103 2665 3186 Quirinus
2693 3104 3078 3205 Episcopus

530 3190 916 3280 respondit:
972 3215 1008 3258 «
1042 3193 1341 3282 Injurias
1372 3213 1548 3279 quas
1579 3191 1754 3260 mihi
1799 3191 2114 3274 minaris,
2168 3192 2389 3284 gloria
2434 3204 2573 3262 est:
2624 3204 2693 3262 et
2731 3214 3076 3284 promlssa

529 3301 737 3360 morS,
794 3279 852 3349 si
902 3302 1186 3364 merear,
1251 3283 1460 3352 vitam
1511 3279 1704 3349 dabit
1758 3291 2129 3350 aeternam.
2184 3288 2545 3382 Propterea
2586 3286 2721 3351 Deo
2755 3301 2906 3352 meo
2955 3282 3076 3352 de-

531 3382 725 3439 votus
764 3390 911 3438 esse
943 3370 1171 3461 cupi0,
1229 3391 1364 3439 non
1410 3369 1691 3458 regibus
1738 3368 1900 3438 tuis.
1956 3374 2183 3458 Neque
2223 3392 2412 3440 enim
2462 3370 2626 3440 deos
2673 3369 2880 3440 credo
2927 3392 3076 3440 esse

526 3456 646 3542 qui
698 3479 829 3527 non
868 3472 1051 3539 sunt,
1088 3471 1154 3529 et
1200 3460 1342 3530 aris
1389 3457 1808 3527 daemonum
1849 3457 2055 3527 thura
2094 3480 2227 3528 non
2269 3480 2471 3550 pono,
2510 3458 2675 3545 quia
2705 3458 2848 3530 scio
2879 3480 3074 3529 aram

526 3567 674 3614 esse
722 3548 835 3615 Dei
888 3547 1061 3627 mei,
1118 3548 1190 3615 in
1239 3568 1380 3633 qua
1436 3557 1596 3637 apta
1639 3546 1704 3615 ei
1769 3546 2109 3617 sacrificia
2158 3548 2321 3619 boni
2377 3547 2610 3617 odoris
2670 3547 2975 3617 incendi.
3034 3571 3070 3614 »

529 3635 865 3705 Maximus
903 3635 1107 3706 dixit:
1174 3658 1201 3699 ‹
1236 3635 1467 3716 video,
1506 3635 1671 3723 quia
1718 3646 1781 3704 te
1827 3634 2102 3706 insania
2135 3637 2317 3728 cogit
2349 3635 2436 3705 ad
2473 3646 2801 3716 mortem:
2857 3637 3076 3706 sacri-

529 3723 660 3793 fica
708 3723 912 3793 diis.»
963 3723 1294 3807 Quirinus
1342 3722 1723 3813 Episcopus
1754 3745 1861 3795 res
1914 3725 2141 3794 ondit:
2183 3748 2218 3792 «
2257 3731 2400 3796 Non
2436 3723 2749 3794 sacrifico
2796 3722 3076 3795 daemo-

528 3812 690 3893 niis,
743 3812 906 3899 quia
947 3813 1281 3903 scriptum
1332 3824 1467 3882 est:
1523 3819 1777 3883 Omnes
1878 3813 1930 3882 ii
2032 3814 2296 3884 entium
2345 3812 2734 3893 daemonia,
2786 3825 2885 3883 et:
2941 3814 3075 3896 Qui

527 3900 920 3971 sacrificant
949 3901 1106 3981 diis,
1142 3900 1751 3971 eradicabuntur.»
1775 3906 1965 3972 Tunc
2057 3903 2327 3974 aximus
2361 3907 2639 3973 Praeses
2667 3901 2882 3992 jussit
2910 3924 3075 3972 eum

525 3986 826 4060 fustibus
875 3989 1092 4069 caedi,
1158 3988 1273 4059 cui
1320 4001 1386 4059 et
1430 3990 1641 4060 dixit:
1697 4011 1734 4055 «
1786 3989 2073 4081 Respice
2117 4003 2183 4062 et
2221 4011 2518 4081 agnosce
2565 4002 2872 4081 potentes
2921 4010 3078 4062 esse

525 4076 712 4157 deOS,
749 4077 1007 4163 quibus
1042 4083 1509 4149 Romanorum
1561 4077 1767 4148 servit
1814 4078 2212 4168 imperium.
2251 4084 2533 4169 Propter
2608 4079 2743 4148 uod
2779 4099 3079 4157 consen-

436 4224 463 4237 ..
528 4166 749 4244 tiens,
821 4166 956 4235 eris
1017 4166 1334 4238 sacerdos
1399 4189 1649 4258 magno
1712 4167 1840 4239 deo
1898 4169 2073 4238 Jovi.
2143 4166 2462 4256 Alioquin
2524 4189 2566 4238 a
2673 4167 3120 4238 Amantium.

524 4252 914 4324 Praesidem
985 4255 1247 4345 primae
1314 4256 1709 4327 Pannoniae
1775 4256 2139 4348 dirigeriS‚
2194 4280 2236 4327 a
2282 4279 2420 4345 quo
2483 4255 2769 4347 dignam
2827 4256 3073 4326 mortis

574 4461 638 4515 (a)
667 4465 823 4507 Sciet-ia
852 4467 1019 4508 civitas
1050 4467 1143 4509 fuit
1170 4465 1463 4519 Episcopalis
1492 4470 1543 4508 tn
1570 4469 1831 4513 Pannonis:
1858 4468 2085 4511 hodierna
2113 4467 2470 4511 nomenclaturt
2499 4470 2689 4521 Sesoyin
2705 4468 2961 4519 Bnugma.
