3357 4995
702 335 830 402 606
1329 352 1407 399 nn
1455 352 1511 399 s.
1563 350 1895 400 altmanno
1943 349 2182 399 minuc.
2230 353 2430 407 arisc.
2792 334 3007 400 JUNII
3060 335 3144 398 26

611 448 1000 528 peccatores
1030 435 1449 527 poenitentes
1494 458 1705 524 quam
1758 437 1936 526 pius,
1993 436 2337 527 benignus
2383 450 2450 508 et
2483 436 2875 507 misericors
2909 434 3139 517 fuerit,

612 538 867 597 norunt
914 524 1039 607 illi,
1090 525 1210 614 qui
1238 526 1302 595 ei
1349 537 1625 617 peccata
1671 547 1799 595 sua
1847 524 2138 596 confessi
2187 537 2374 606 sunt,
2410 539 2476 596 et
2521 528 2671 617 ejus
2723 546 2973 595 manus
3003 525 3143 595 im-

612 615 950 706 positione
1013 635 1173 685 cum
1221 619 1353 684 Deo
1411 615 1483 684 in
1531 614 1824 706 gratiam
1893 614 2209 685 restituti.
2277 616 2458 687 Totis
2531 636 2697 686 sane
2754 611 3146 684 visceribus

613 703 1019 774 condolebat
1064 702 1228 784 illis,
1273 703 1482 790 idque
1544 724 1680 773 non
1730 702 1880 772 sine
1935 702 2284 792 lacrymis,
2335 725 2510 791 quas
2574 705 2662 775 ab
2722 701 2944 772 oculis
2996 704 3150 793 ejus

608 792 923 864 eliciebat
954 813 1091 861 non
1141 814 1409 862 moeror
1441 791 1695 872 animi,
1749 791 1867 860 sed
1900 792 2147 882 ingens
2188 793 2404 881 pietas
2452 804 2520 861 et
2573 789 3056 862 misericordia
3087 805 3153 861 et

611 882 907 953 laetitiae
965 880 1392 972 magnitudo.
1461 881 1635 949 Jure
1703 880 1889 949 enim
1937 879 2384 970 gaudendum
2438 880 2922 960 existimabat,
2976 901 3144 949 cum

608 970 790 1062 (ipso
839 969 1101 1040 Christo
1148 968 1463 1059 testante)
1509 967 1847 1058 gaudium
1882 968 1969 1039 sit
2020 969 2092 1038 in
2141 969 2349 1039 coelis
2399 991 2630 1040 coram
2688 968 2967 1060 Angelis
3018 969 3139 1037 Dei

613 1082 822 1151 super
858 1079 997 1128 uno
1050 1070 1401 1148 peccatore
1449 1056 1938 1148 poenitentiam
1991 1069 2255 1148 agente.
2312 1058 2806 1128 consolabatur
2858 1078 3146 1145 quoque

612 1148 792 1230 illos,
858 1146 1096 1216 dicens
1152 1147 1420 1217 veniam
1471 1158 1536 1215 et
1583 1145 1700 1215 Dei
1760 1145 2051 1235 gratiam
2115 1147 2303 1237 ipsos
2364 1168 2515 1217 esse
2559 1147 2882 1237 adeptos:
2935 1158 3147 1234 atque

612 1237 960 1327 deincepS,
1012 1235 1169 1305 licet
1213 1257 1451 1306 omnes
1501 1256 1582 1305 ex
1639 1233 1876 1304 animo
1926 1234 2050 1304 dili
2101 1248 2263 1315 eret,
2320 1235 2487 1305 istos
2535 1247 2763 1305 tamen
2829 1234 3145 1325 peculia-

612 1327 784 1407 riuS,
837 1345 974 1394 non
1022 1323 1242 1404 aliter,
1291 1345 1502 1411 quam
1533 1344 1697 1393 suos
1744 1334 1958 1393 mater
2005 1323 2051 1392 fi
2084 1324 2205 1393 ios.
2263 1324 2525 1395 Miseris
2554 1338 2620 1394 et
2666 1323 2940 1394 afflictis
2979 1346 3150 1393 con-

611 1414 931 1495 dolebat,
999 1434 1251 1499 eosque
1318 1411 1829 1492 consolatione,
1880 1411 2215 1495 consilio,
2269 1412 2661 1501 auxilioque
2717 1411 3010 1482 fovebat.
3068 1417 3145 1480 In

617 1523 954 1594 pauperes
1000 1522 1157 1570 vero
1201 1511 1266 1572 et
1313 1501 1552 1601 inopes
1598 1499 1757 1587 quis
1804 1500 1924 1571 illo
1972 1522 2283 1587 unquam
2346 1501 2732 1593 benignior,
2791 1502 2962 1589 quis
3011 1501 3146 1569 hu·

613 1592 884 1661 manior
930 1590 1118 1660 visus
1163 1592 1304 1658 est?
1342 1611 1501 1678 quis
1550 1587 1789 1677 majori
1836 1611 2001 1689 erga
2054 1589 2213 1659 illos
2280 1590 2775 1671 misericordia,
2848 1589 3013 1676 quis
3061 1589 3147 1681 de

611 1679 893 1750 illorum
950 1677 1373 1749 sublevanda
1425 1676 1657 1768 inopia
1695 1676 2025 1748 solicitior
2069 1677 2248 1748 fuit?
2303 1684 2395 1748 Ex
2442 1679 2528 1748 iis
2590 1700 2769 1767 quae
2817 1679 3140 1758 habebat,

614 1768 801 1837 nihil·
840 1789 1046 1837 suum
1094 1766 1579 1847 arbitrabatur,
1639 1765 1758 1835 sed
1806 1766 2042 1836 omnia
2149 1788 2531 1857 auperum:
2596 1766 2781 1855 quod
2857 1767 3146 1854 quidem

610 1856 814 1928 etiam
855 1876 1086 1925 revera
1133 1855 1233 1924 sic
1278 1868 1445 1925 erat.
1485 1859 1625 1924 Non
1662 1855 2034 1925 incubabat
2080 1790 2196 1925 ille
2230 1856 2566 1946 pecuniae
2617 1855 2990 1938 thesauris,
3024 1854 3146 1942 qui

613 1966 751 2015 non
791 1956 1232 2036 permanent:
1285 1943 1402 2015 sed
1438 1943 1577 2013 illis
1616 1943 1848 2034 potius
1890 1943 2376 2014 coacervandis
2436 1945 2741 2014 intentus
2791 1957 2973 2026 erat,
3025 1943 3147 2031 qui

611 2034 684 2103 in
736 2033 945 2104 coelis
979 2032 1280 2123 repositi,
1321 2032 1545 2102 amitti
1590 2032 1694 2101 vel
1728 2032 2080 2122 corrumpi
2111 2054 2494 2120 numquam
2539 2046 2847 2124 possunt.
2906 2037 3145 2120 Itaque

611 2122 913 2213 demptis
943 2120 1027 2189 iis
1057 2142 1234 2208 quae
1279 2120 1675 2191 moderatus
1724 2120 1945 2191 victus
1980 2142 2257 2211 poscere
2298 2121 2663 2203 videretur,
2698 2134 2969 2192 caetera
2995 2140 3147 2190 om-

612 2211 731 2280 nia
761 2211 831 2281 in
881 2231 1218 2302 pauperes
1264 2210 1611 2301 erogabat,
1665 2209 1987 2299 inprimis
2034 2222 2263 2281 autem
2314 2209 2672 2300 religiosos
2721 2210 2862 2279 sive
2903 2231 3146 2279 mona-

615 2300 823 2372 sticae
846 2300 1023 2368 vitae
1056 2298 1380 2369 cultores.
2483 2332 2492 2337 -

701 2391 738 2478 ξ
784 2393 941 2461 34.
994 2391 1160 2456 Cum
1238 2398 1466 2457 autem
1515 2397 1753 2455 sancta
1797 2386 1947 2457 loca
1992 2386 2225 2456 omnia
2281 2408 2513 2456 amore
2558 2399 2625 2457 et
2671 2386 3145 2457 benevolentia

611 2476 1200 2568 complecteretur,
1243 2476 1419 2546 duas
1464 2474 1804 2564 quasdam
1854 2485 2124 2547 sanctas
2161 2496 2288 2547 con
2345 2475 2729 2568 regationes
2777 2475 2913 2546 sibi
2942 2487 3143 2547 tuen-

611 2568 737 2638 das
783 2565 1244 2653 fovendasque
1289 2576 1707 2655 susceperat,
1765 2564 2104 2655 singulari
2152 2586 2288 2652 quo
2341 2587 2454 2634 am
2503 2565 2733 2636 studio
2776 2565 2935 2634 illas
2992 2586 3144 2656 pro·

612 2676 948 2745 sequens,
1001 2666 1066 2724 et
1127 2654 1399 2744 magnis
1464 2665 1859 2725 sustentans
1906 2652 2295 2736 beneficiiS,
2348 2665 2496 2723 tum
2546 2654 2617 2722 in
2679 2654 2765 2724 iis
2811 2675 2992 2740 quae
3057 2652 3143 2723 ad

612 2754 1017 2824 structuras,
1071 2754 1217 2812 tum
1266 2763 1444 2830 quae
1502 2741 1588 2811 ad
1640 2741 1895 2812 victum
1945 2742 2400 2829 vestitumque
2446 2755 2676 2813 essent
2724 2744 3134 2814 necessaria.

610 2838 704 2904 Ex
751 2833 862 2903 his
894 2853 1036 2902 una
1081 2843 1227 2900 erat
1271 2830 1686 2912 ancillarum
1735 2830 2006 2912 Christi,
2061 2830 2426 2901 viduarum
2461 2842 2526 2901 et
2574 2831 2925 2922 virginum
2962 2851 3142 2918 quae

612 2943 850 2993 sexum
892 2918 1303 2989 imbecillem
1352 2940 1514 2989 cum
1557 2919 1710 3010 ipso
1758 2918 2020 2989 mundo
2069 2918 2250 2989 virili
2301 2919 2536 2990 animo
2568 2919 2895 3001 vicerant,
2954 2933 3024 2989 et
3070 2921 3138 2989 in

611 3011 761 3081 loco
790 3064 805 3091 ,
846 3008 969 3097 qui
1030 3008 1362 3078 Buntzis*
1400 3007 1656 3078 dicitur
1682 3062 1702 3088 ,
1756 3008 2182 3078 eremiticam
2237 3007 2585 3079 ducebant
2631 3009 2867 3079 vitam.
2919 3007 3142 3077 Altera

611 3109 756 3170 erat
802 3098 1255 3188 leprosorum,
1309 3097 1440 3166 sub
1488 3096 1728 3187 regula
1773 3094 2207 3187 degentium:
2258 3118 2467 3183 quam
2501 3096 2779 3184 quidem
2830 3095 2935 3165 vir
2979 3118 3140 3166 san-

610 3200 760 3258 ctae
807 3185 1342 3257 conversationis
1367 3197 1434 3255 et
1458 3185 1673 3254 mirae
1720 3184 2156 3267 humilitatis,
2209 3189 2342 3255 Deo
2372 3184 2656 3256 devotus
2689 3184 2816 3255 Gui
2867 3206 2907 3254 o
2938 3185 3141 3255 miles

612 3274 861 3346 Christi
905 3274 1094 3344 eoin
1144 3274 1316 3355 loco,
1367 3295 1599 3361 quem,
1639 3273 1819 3344 inter
1847 3295 2032 3355 saxa,
2087 3286 2330 3343 vocant
2359 3273 2452 3356 μ,
2507 3273 2594 3343 ad
2642 3274 2789 3344 Rho
2843 3273 2958 3344 ani
2989 3295 3140 3343 ma-

611 3365 734 3456 gni
796 3363 1110 3434 fluminis
1174 3361 1398 3454 ripam
1464 3373 1935 3434 construxerat
1972 3362 2516 3451 institueratque.
2570 3367 2749 3433 Haec
2804 3361 2942 3433 duo
2988 3361 3140 3432 loca

608 3452 847 3524 crebro
893 3451 1152 3522 solebat
1189 3463 1469 3523 sanctus
1506 3451 1886 3542 Episcopus
1933 3451 2249 3532 invisere,
2310 3451 2846 3539 animarumque
2889 3461 2954 3520 et
2984 3473 3136 3521 cor-

610 3560 857 3634 porum
898 3562 1138 3611 curam
1188 3561 1461 3632 gerere:
1512 3539 2113 3628 delectabaturque
2136 3561 2380 3612 eorum
2426 3540 2813 3628 colloquiis,
2845 3560 2967 3609 nec
2997 3538 3138 3609 foe·

609 3631 961 3701 minarum
998 3628 1456 3701 reformidans
1500 3649 1858 3701 accessum
1905 3628 2011 3697 vir
2041 3628 2498 3710 castissimus,
2539 3650 2665 3698 nec
2703 3629 3130 3720 leprosorum

606 3717 965 3790 fastidiens
992 3717 1530 3789 familiaritatem
1577 3738 1817 3789 servus
1864 3716 2112 3787 Christi
2160 3716 2600 3789 humilimus.

695 3810 733 3896 ξ
777 3812 935 3881 35.
989 3812 1080 3877 Eo
1113 3829 1318 3889 anno,
1370 3828 1507 3895 quo
1535 3807 1624 3878 ab
1662 3806 1793 3877 hac
1836 3806 1975 3877 vita
2020 3804 2336 3888 decessit,
2369 3827 2624 3897 magna
2669 3826 2988 3875 annonae
3017 3825 3126 3874 ca-

591 3895 778 3969 ritas
843 3918 1168 3986 magnam
1219 3894 1469 3966 famem
1529 3907 1595 3965 et
1639 3894 2099 3966 calamitatem
2146 3895 2399 3964 invexit
2446 3893 2518 3963 in
2567 3894 2910 3964 homineS.
2967 3898 3134 3963 Tum

608 4007 766 4056 vero
804 3984 921 4055 ille
966 3983 1305 4073 quasdam
1351 3995 1746 4055 sanctorum
1778 3983 2341 4074 congregationes
2376 3983 2525 4054 suis
2557 3982 2720 4054 fovit
2753 3981 3128 4062 beneficiiS,

609 4088 676 4146 et
708 4074 1205 4146 confluentium
1233 4073 1543 4161 undique
1569 4094 1956 4166 pauperum
2005 4074 2278 4143 turbam
2309 4093 2532 4161 usque
2564 4071 2652 4142 ad
2688 4071 2935 4142 messis
2964 4082 3133 4141 tem-

611 4186 745 4257 pus
772 4162 1192 4253 quotidianis
1229 4162 1684 4254 eleemosynis
1713 4162 2136 4235 sustentavit.
2176 4161 2602 4232 Mirabantur
2646 4180 2910 4241 omneS,
2948 4159 3137 4230 unde

662 4364 690 4392 ⁸
719 4364 871 4415 Vulgo
897 4364 1030 4411 Bone.
1057 4361 1254 4403 Abbatia
1276 4361 1384 4404 ord.
1412 4362 1603 4405 otnero.
1635 4360 1878 4408 aedificat·
1905 4371 1932 4404 a
1956 4360 2211 4414 ungant·
2238 4359 2449 4405 Bab-ud·
2470 4358 2717 4405 flamberti
2747 4358 2814 4402 m
2847 4364 3026 4403 acrore,
3059 4357 3135 4398 ubi

609 4415 1294 4523 “sspaebhtztbcigfiffffissfflgrv
1310 4468 1499 4514 dieitur.
