3357 4995
659 347 787 411 208
1409 364 1486 409 nr.
1534 363 1588 410 s.
1644 363 1938 412 manauco
1985 363 2281 412 EPISCOPO
2801 349 3022 414 JUNII
3073 352 3112 413 8

660 453 695 537 ξ
743 454 889 521 188.
948 447 1242 536 Contigit
1273 469 1350 516 eo
1400 449 1467 514 in
1507 460 1811 537 tempore
1852 449 2460 520 Viromandensem
2495 450 2936 541 Episcopum,
2989 453 3112 538 qui

573 561 695 630 per
720 538 1346 624 aliquotannorum
1389 537 1740 606 curricula
1784 538 2002 628 ipsam
2044 552 2305 607 rexerat
2354 539 2747 619 Ecclesiam,
2795 539 3113 609 divinum

575 628 658 696 ad
699 627 1048 717 judicium
1114 626 1404 704 evocari,
1459 639 1523 694 et
1571 648 1827 717 sponso
1877 641 2250 717 praerepto,
2294 627 2667 700 Ecclesiam
2739 627 2931 697 illam
2993 649 3122 718 per

575 715 853 803 aliquod
905 715 1233 804 temporis
1287 714 1584 805 spatium
1637 714 1931 784 viduari.
1990 717 2284 785 Peractis
2337 739 2489 785 vero
2523 738 2655 784 non
2699 718 2847 785 sine
2898 717 3117 787 multo

576 806 741 875 fletu
783 804 1026 894 Episco
1081 803 1100 870 i
1135 804 1243 872 sui
1293 803 1624 882 excubiis,
1657 805 1861 894 Regis
1894 818 1958 874 et
1988 806 2398 895 optimatum
2432 825 2722 874 assensu
2756 806 3115 874 sanctissi-

577 916 771 963 mum
824 915 1020 963 sacer
1070 902 1250 962 otem
1301 891 1701 961 Medardum
1751 893 1947 983 plebs
1995 894 2222 962 omnis
2270 893 2387 962 illa
2430 894 3012 974 viromandensiS,
3051 907 3118 963 et

576 1004 814 1053 omnes
862 982 1086 1050 eidem
1139 981 1530 1071 provinciae
1569 981 1985 1068 adjacentes,
2052 983 2465 1072 Episcopum
2510 983 2642 1052 sibi
2692 983 3119 1052 unanimiter

576 1071 1054 1140 acclamabant
1086 1071 1497 1140 consecrari.
1532 1075 1835 1152 Quorum
1885 1072 2189 1161 petitioni
2223 1093 2380 1141 cum
2418 1071 2705 1151 diutius,
2744 1072 3112 1161 indignum

579 1183 650 1229 se
674 1159 1026 1250 judicanS‚
1064 1159 1165 1226 vir
1201 1160 1314 1226 Dei
1354 1158 1734 1238 restitisset,
1787 1160 2022 1228 divina
2060 1160 2335 1228 tandem
2387 1159 2835 1249 dispositione
2877 1160 3115 1229 multi-

580 1249 805 1319 modis
852 1269 1089 1317 eorum
1164 1248 1483 1336 precibus
1530 1247 1892 1338 fatigatus,
1957 1270 2319 1318 assensum
2380 1249 2588 1328 dedit,
2643 1262 2709 1318 et
2758 1251 3114 1317 Viroman-

579 1338 814 1406 densis
856 1335 1290 1426 praesulatus
1342 1358 1582 1405 curam
1637 1338 2005 1426 regendam
2036 1338 2361 1426 suscepit.
2416 1337 2608 1419 Quod
2651 1359 2805 1406 vero
2855 1339 3115 1407 invitus

584 1426 909 1516 suscepit,
976 1425 1262 1494 feliciter
1308 1438 1373 1493 et
1422 1426 1678 1495 intente
1719 1426 2246 1496 administravit.
2302 1427 2524 1516 Hujus
2555 1427 2814 1516 quippe
2848 1425 3115 1516 praela-

581 1515 784 1583 tionis
833 1515 1090 1583 honore
1138 1513 1574 1592 sublimatus.
1638 1514 2248 1600 sanctissimaeque
2297 1515 2645 1583 unctionis
2680 1527 3113 1584 sacramento

579 1603 1050 1681 confirmatuS,
1107 1602 1216 1670 die
1249 1616 1591 1689 noctuque
1639 1604 1707 1672 in
1763 1604 1905 1692 lege
1950 1605 2215 1672 Domini
2267 1603 2746 1683 meditabatur,
2785 1603 3117 1680 etinfati-
3161 1684 3166 1688 ,

580 1691 898 1781 gabiliter
944 1691 1199 1759 divinis
1246 1691 1314 1759 in
1371 1689 1697 1761 laudibus
1734 1693 2169 1781 persistebat:
2224 1705 2289 1760 et
2336 1714 2493 1760 cum
2546 1694 2633 1763 ab
2667 1692 2819 1793 ipsa
2884 1692 3115 1760 infan-

583 1781 675 1848 tia
704 1779 1034 1849 curandis
1065 1780 1506 1936 cpauperibus
1545 1781 1789 1849 sedulo
1827 1781 2238 1859 insudasset,
2294 1794 2437 1849 tum
2492 1801 2860 1871 praecipue
2894 1780 3115 1868 majo-

581 1889 724 1937 rem
769 1869 835 1937 in
888 1869 1016 1936 hoc
1119 1867 1493 1958 iligentiam
1545 1869 1905 1950 adhibens,
1959 1871 2027 1937 in
2083 1870 2251 1958 ipsis
2285 1870 2702 1958 majestatem
2741 1870 2964 1959 ipsam
3001 1868 3117 1937 Dei

579 1980 650 2026 se
701 1979 834 2025 non
867 1957 1220 2037 diffidebat
1266 1956 1665 2046 amplexari.
1706 1958 1953 2026 Sedula
2000 1959 2278 2044 quidem
2322 1957 2829 2046 praedicatione
2878 1957 3116 2026 subdi-

586 2059 813 2115 torum
862 2047 1132 2116 animas
1179 2067 1213 2113 a
1282 2045 1623 2115 diabolica
1658 2047 1989 2116 liberabat
2036 2047 2454 2127 seductione,
2512 2047 2688 2116 bono
2751 2069 2916 2116 suae
2954 2068 3117 2115 con-

581 2134 986 2204 versationis
1006 2133 1317 2224 exemplo
1337 2134 1770 2204 subditorum
1796 2136 2066 2206 animas
2082 2134 2528 2215 confortabat,
2553 2148 2619 2203 et
2639 2155 3117 2222 quoscumque

575 2223 808 2292 devios
842 2245 965 2292 seu
1012 2244 1332 2292 erroneos
1389 2237 1689 2303 noverat,
1747 2224 1829 2292 de
1880 2225 2056 2314 ipsis
2114 2224 2350 2292 mortis
2406 2225 2727 2294 faucibus
2775 2223 2860 2291 ad
2902 2224 3109 2293 vitam

581 2311 1045 2412 praedicando
1086 2310 1463 2381 revocabat.
1519 2313 1694 2393 Quid
1734 2313 1975 2402 plura?
2016 2314 2205 2394 Quod
2255 2335 2370 2381 ore
2406 2312 2866 2401 praedicabat,
2913 2332 3118 2402 opere

578 2400 1086 2472 indissimulate
1141 2422 1230 2468 ne
1276 2400 1431 2468 aliis
1475 2401 1901 2489 praedicans,
1958 2402 2103 2490 ipse
2147 2401 2478 2490 reprobus
2532 2400 2959 2480 efficeretur,
3013 2422 3118 2469 ex-

582 2490 766 2580 plere
817 2508 947 2560 non
1001 2488 1412 2580 negligebat.

662 2582 697 2665 ἓ
743 2582 889 2653 18.
947 2585 1190 2647 Verum
1257 2578 1660 2667 priusquam
1732 2580 2170 2649 beatissimus
2222 2579 2519 2668 pontifex
2560 2579 2936 2668 episcopali
2986 2600 3108 2647 su—

577 2668 907 2737 blimatus
937 2668 1200 2747 suisset,
1232 2665 1579 2745 cathedra,
1618 2668 1879 2737 crebris
1909 2682 1973 2736 et
2000 2668 2552 2736 intolerabilibus
2588 2667 3102 2740 Wandalorum.

581 2762 1039 2835 Hunnorum,
1119 2760 1602 2846 Hungarorum
1675 2770 1741 2825 et
1811 2757 2105 2825 aliarum
2170 2757 2477 2845 gentium
2552 2756 3101 2845 irruptionibus,

575 2844 989 2914 universalis
1036 2844 1382 2914 devastata
1422 2859 1566 2914 erat
1616 2845 1856 2913 Gallia.
1921 2845 2290 2914 Destructis
2349 2845 2791 2924 civitatibus,
2854 2844 3109 2912 exectis

585 2944 883 3002 matrum
929 2933 1329 3013 visceribus,
1376 2933 1738 3003 inhumata
1778 2932 2147 3002 infantium
2196 2933 2736 3022 projiciebantur
2780 2953 3107 3021 corpora:

583 3020 1008 3111 conjugibus
1057 3022 1466 3100 intersectis,
1523 3034 1871 3091 matronae
1922 3022 2236 3090 viduatae
2285 3032 2780 3099 remanserant,
2832 3033 2898 3088 et
2946 3041 3113 3110 prae

583 3110 803 3178 nimia
836 3109 1256 3178 desolatione
1303 3110 1390 3178 ad
1442 3110 1975 3180 internecionem
2005 3131 2226 3196 usque
2261 3111 2404 3178 indi
2455 3132 2624 3178 enae
2654 3132 2891 3179 omnes
2940 3131 3117 3198 pene

583 3198 1023 3267 devenerant.
1065 3198 1307 3267 Dolens
1340 3200 1572 3285 itaque
1604 3200 1707 3268 vir
1750 3200 1994 3267 beatus
2042 3199 2334 3268 civitatis
2385 3198 2428 3266 il
2466 3199 2571 3266 ius
2622 3198 3117 3267 viromanden-

582 3288 703 3366 siS,
744 3308 950 3373 quam
999 3286 1376 3377 regendam
1425 3302 1847 3376 susceperat,
1892 3287 2039 3377 jam
2090 3287 2337 3356 factam
2393 3287 2977 3367 destructionem,·
3010 3308 3119 3354 ve-

577 3376 895 3461 ritusque
941 3374 1323 3445 iterandam
1376 3396 1802 3467 paganorum
1875 3376 2354 3466 irruptionem,
2421 3376 2852 3456 Noviomum,
2905 3395 3115 3461 quem

578 3464 1037 3535 munitionem
1106 3464 1831 3553 praenominavimuS,
1896 3486 2066 3533 sano
2114 3465 2280 3534 satis
2326 3464 2616 3534 consilio
2666 3464 2896 3534 sedem
2947 3485 3113 3532 con-

576 3554 794 3622 stituit
840 3552 1327 3642 episcopalem.
1369 3558 1483 3622 Est
1506 3554 1761 3622 etenim
1802 3552 1987 3643 regio
2017 3552 2133 3621 illa
2162 3552 2401 3623 fertilis
2438 3562 2509 3621 *et
2551 3574 2866 3633 amoena,
2893 3552 3115 3620 vineis

577 3653 643 3710 et
693 3640 909 3712 hortis
949 3641 1341 3721 abundans,
1378 3641 1733 3728 multaque
1773 3662 2090 3710 annonae
2142 3641 2439 3722 cultura,
2497 3640 2860 3711 bellicosos
2909 3661 3115 3730 gene-

577 3750 742 3799 rans
793 3730 1131 3809 homines,
1162 3742 1227 3799 et
1276 3730 1343 3797 in
1384 3730 1879 3800 Ecclesiasticis
1926 3729 2170 3800 officiis
2219 3731 2584 3815 utriusque
2631 3752 2836 3799 sexus
2886 3750 3118 3818 perso-

581 3839 707 3887 nas
758 3824 889 3888 Deo
929 3839 1258 3909 generose
1325 3820 1750 3889 servientes.
1784 3824 1895 3889 Est
1941 3832 2007 3889 et
2075 3819 2261 3910 regio
2328 3820 2478 3907 ipsa
2541 3818 2754 3907 sylvis
2816 3818 3119 3887 circum-

580 3906 737 3975 data
799 3919 867 3977 et
914 3906 1338 3997 paludibus,
1405 3920 1469 3977 et
1517 3908 1872 3997 suaipsius
1939 3906 2289 3977 habilitate
2351 3918 2588 3976 contra
2649 3906 2930 3977 hostiles
2979 3927 3117 3974 non

577 4016 826 4095 parum
871 3996 1141 4065 munita
1188 4017 1542 4066 excursus.
1584 3998 2135 4083 circumquaque
2170 3997 2266 4065 ibi
2319 3996 2535 4064 virent
2562 3996 2893 4084 pomeria,
2924 4006 3119 4085 grata

581 4082 678 4153 1hi
730 4083 1051 4174 planities
1098 4099 1202 4154 est
1243 4097 1308 4154 et
1345 4085 1859 4166 amoenissima,
1919 4086 2270 4174 pratisque
2307 4098 2370 4154 et
2418 4084 2697 4174 pascuis
2738 4083 3121 4152 virentibus

579 4172 731 4242 suis
780 4194 917 4243 non
969 4172 1320 4244 modicum
1372 4173 1629 4245 arridet
1684 4173 2209 4244 habitatoribus.
2266 4179 2379 4245 Est
2440 4173 2645 4243 etiam
2711 4173 2907 4242 locus
2969 4172 3120 4263 ipse

577 4261 670 4330 ab
719 4261 993 4332 Oriente
1037 4273 1101 4332 et
1141 4262 1504 4333 Occidente
1545 4263 1839 4354 rupibus
1887 4262 2057 4332 adeo
2111 4262 2404 4333 vallatus
2440 4275 2506 4332 et
2545 4261 2811 4341 rivulis,
2868 4261 3119 4331 monti-

582 4351 715 4419 bus
763 4354 1038 4439 quoque
1083 4364 1151 4422 et
1199 4350 1481 4421 vallium
1515 4351 1888 4431 cuniculis,
1924 4373 2061 4438 quo
2109 4364 2347 4420 contra
2428 4350 2770 4421 ‘lurimam
2808 4348 3117 4419 hostium

586 4439 1052 4512 incursionem
1088 4462 1129 4533 a
1181 4439 1419 4532 paucis
1465 4439 2022 4513 commodissime
2059 4440 2272 4530 possit
2302 4372 2601 4508 delendi.
2660 4439 2757 4508 lbi
2809 4460 2995 4529 ergo,
3035 4458 3121 4507 ne
