3357 4995
632 348 759 411 206
1380 361 1457 407 DE
1507 361 1562 407 s.
1617 360 1911 407 MEDARDO
1958 358 2255 406 ssrlscoro
2771 342 2987 406 JUNII
3037 345 3075 405 8

455 510 464 524 ,
541 449 658 518 ille
708 449 799 517 ita
847 446 1165 526 subsidit,
1223 445 1405 515 velut
1437 467 1591 514 cera
1625 468 1663 513 a
1714 445 1886 513 facie
1918 444 2276 515 candentis
2303 443 2462 513 ferri
2492 445 2831 530 liquescit.
2859 451 3078 535 Appa-

545 550 644 606 ret
684 534 1000 622 equidem
1050 535 1276 624 figura
1307 535 1580 623 plantae
1630 534 1822 622 pedis
1853 535 2027 623 ejus,
2083 534 2152 601 in
2200 533 2437 602 eadem
2490 546 2687 615 caute
2717 535 2886 604 adeo
2912 535 3077 605 sub-

545 626 752 695 tiliter
799 644 1140 714 expressa.
1179 635 1253 692 ut
1301 646 1342 691 a
1392 623 1582 691 nullo
1631 623 1973 691 artificum
2037 623 2430 712 expressius
2478 624 2752 712 exculpi
2812 638 2931 692 aut
2986 625 3076 694 si-

542 714 742 804 gnari
811 712 1044 802 possit.
1120 717 1220 780 lta
1291 713 1726 781 contentione
1794 711 2071 792 sedata,
2145 712 2560 790 Dominum,
2639 713 2755 797 qui
2824 735 3075 802 magna

540 814 862 893 operatur
887 801 957 867 in
1003 800 1335 880 minimis,
1377 799 1861 889 glorificantes»,
1910 800 2260 869 redierunt
2294 801 2362 868 in
2403 823 2549 871 sua.
2586 806 2811 870 Exstat
2852 823 3071 886 usque

541 889 610 959 in
661 889 1076 961 hodiernum
1126 889 1305 957 diem
1362 910 1568 978 penes
1619 910 1743 957 nos
1793 888 1971 956 idem
2010 889 2211 977 lapis,
2250 909 2678 978 magnaeque
2712 891 2897 979 apud
2927 912 3066 970 θος,

539 981 798 1066 quibus
855 991 955 1047 est
1000 978 1393 1068 cognitum,
1459 977 1749 1046 babetur
1811 978 2251 1046 venerationi.
2324 982 2503 1046 Haec
2564 979 2701 1047 duo
2766 1000 2941 1064 quae
3006 981 3073 1047 in

539 1069 835 1158 pueritia
898 1067 1047 1155 ejus
1096 1078 1244 1135 acta
1301 1067 1791 1154 cognovimus,
1846 1066 2097 1135 dixisse
2148 1065 2465 1136 sufficiat.
2523 1066 2775 1135 Amodo
2843 1080 3070 1137 autem

539 1156 623 1226 ad
674 1179 752 1225 ea
800 1177 977 1242 quae
1024 1155 1090 1222 in
1147 1155 1503 1223 maturiori
1546 1155 1701 1243 ejus
1748 1167 1961 1223 aetate
2013 1177 2131 1243 per
2176 1177 2336 1228 eum
2390 1156 2720 1224 Dominus
2753 1169 3075 1244 operatus

543 1259 667 1323 est,
707 1251 839 1312 Deo
888 1245 1037 1334 ipso
1067 1257 1433 1322 annuente,
1489 1256 1622 1311 tota
1675 1244 1923 1328 mentis
1971 1243 2256 1312 intentio
2305 1256 2407 1312 est
2440 1245 2825 1334 dirigenda.

630 1342 666 1414 ἓ
716 1338 795 1404 S.
856 1332 1341 1420 perspicientes
1389 1345 1614 1400 autern
1692 1332 1852 1402 boni
1926 1346 2241 1421 parentes
2300 1332 2519 1402 bonae
2584 1334 2841 1402 sobolis
2908 1357 3074 1403 suae

539 1421 1108 1498 benevolentiam,
1162 1433 1226 1487 et
1286 1421 1351 1487 in
1405 1421 1678 1488 servitio
1740 1421 1852 1488 Dei
1919 1423 2067 1509 ejus
2129 1421 2551 1491 attendentes
2624 1421 3063 1502 industriam,

539 1512 875 1600 Episcopo
901 1531 1062 1578 eum
1090 1510 1211 1595 qui
1241 1520 1400 1577 tunc
1430 1522 1559 1577 tem
1572 1510 1756 1597 poris
1780 1510 2293 1578 viromandensi
2321 1512 2816 1600 (Vermandoz's)
2840 1533 3072 1600 praee-

537 1612 642 1667 rat
697 1599 1059 1676 Ecclesiae,
1126 1598 1803 1676 commendaverunt,
1859 1611 2131 1667 orantes
2198 1599 2655 1678 devotissime,
2728 1613 3069 1685 quatenus
3175 1684 3179 1689 .

540 1687 918 1777 episcopali
951 1686 1421 1755 benedictione
1461 1686 1546 1754 ad
1586 1686 1949 1755 clericatus
1978 1702 2488 1775 promoveretur
2513 1687 2842 1757 officium.
2880 1693 3073 1756 Com-

541 1777 939 1844 mendatum
992 1776 1217 1861 itaque
1266 1775 1396 1843 sibi
1470 1775 1767 1864 benigne
1834 1776 2107 1844 Praesul
2162 1777 2306 1865 ipse
2374 1777 2697 1865 suscepit,
2754 1777 3073 1846 benevole

539 1865 968 1954 amplexatus
1014 1878 1115 1932 est
1183 1877 1246 1931 et
1294 1862 1657 1952 diligenter
1715 1865 2059 1943 enutrivit,
2116 1878 2180 1932 et
2244 1878 2592 1950 tamquam
2659 1867 2944 1934 unicum
3008 1881 3072 1933 et

538 1954 885 2022 uterinum
951 1951 1174 2021 fitium
1225 1953 1289 2018 in
1345 1951 1480 2020 fide
1517 1965 1581 2020 et
1628 1952 1939 2020 doctrina
1997 1953 2465 2022 Ecclesiastica
2534 1954 2827 2022 educare
2905 1954 3071 2023 libe-

539 2042 769 2110 raliter
816 2041 1231 2109 elaborabat.
1284 2045 1589 2121 Quantae
1641 2042 1785 2129 ipse
1852 2040 2299 2121 liberalitatiS,
2362 2055 2662 2128 quantae
2704 2043 3073 2111 sanctimo-

538 2132 692 2199 niae
740 2153 857 2199 seu
910 2129 1353 2198 castimoniae
1405 2151 1474 2198 se
1531 2152 1565 2196 a
1619 2151 1829 2218 puero
1892 2131 2298 2209 exhibuerit,
2371 2145 2628 2216 quanta
2686 2130 3073 2199 humilitate

538 2241 661 2288 seu
704 2219 1078 2286 reverentia
1123 2231 1187 2287 ct
1238 2215 1420 2307 apud
1477 2223 1686 2286 Deum
1734 2232 1800 2286 et
1851 2219 2046 2288 urbis
2098 2219 2487 2309 pontificem
2539 2219 2886 2296 claruerit,
2945 2242 3066 2307 pro

538 2321 723 2377 certo
762 2307 1025 2375 edicere
1075 2319 1343 2375 nostrae
1378 2328 1509 2374 non
1562 2319 1662 2374 est
1713 2307 2206 2395 possibilitatis.
2241 2313 2418 2396 ‚Erat
2465 2308 2743 2394 quidem
2786 2331 3069 2397 magna—

536 2398 770 2465 nimus
821 2397 888 2463 in
948 2395 1273 2474 adversiS‚
1341 2395 1525 2463 mitis
1574 2396 1643 2462 in
1699 2396 2063 2484 prosperiS‚
2123 2409 2407 2466 cunctos
2466 2396 2596 2465 sibi
2645 2397 3071 2466 obedientiae

537 2485 894 2555 sedulitate
921 2483 1332 2574 praeferen5‚
1372 2507 1641 2554 morum
1670 2483 1985 2554 claritate
2017 2483 2457 2575 praecellcnS,
2486 2486 2848 2575 egentibus
2885 2485 3069 2576 larga

536 2574 975 2643 miseratione
1028 2595 1463 2642 succurrens.
1521 2574 1765 2658 Sicque
1817 2575 2100 2643 viriliter
2145 2575 2377 2643 fomite
2426 2574 2827 2644 conculcato
2873 2576 3067 2643 vitio-

536 2686 715 2741 rum,
772 2663 1239 2752 augustiorem
1313 2662 1782 2732 conscendens
1840 2663 2092 2731 scalam
2145 2664 2499 2741 virtutum,
2554 2664 2885 2750 quicquid
2942 2668 3071 2731 Deo

534 2751 958 2821 contrarium
1001 2751 1356 2830 sentiebat,
1413 2751 1835 2819 declinabat:
1890 2752 2219 2838 quicquid
2279 2774 2432 2820 vero
2484 2752 2813 2841 placitum
2865 2773 3063 2819 nove-

535 2853 660 2919 rat,
714 2839 905 2907 omni
956 2841 1114 2909 nisu
1161 2840 1640 2925 exequebatur.
1683 2845 1837 2907 Erat
1896 2840 2235 2925 siquidem
2273 2841 2343 2908 in
2377 2841 2682 2909 oratione
2714 2840 3101 2919 assiduu5„

524 2928 811 3018 jejuniis
874 2939 939 2996 et
995 2928 1249 3017 vigiliis
1312 2928 1654 3005 intentus,
1723 2928 2013 2997 aliorum
2091 2928 2658 2998 tribulationibus
2714 2942 3063 3013 tamquam

534 3016 905 3106 suisipsius
948 3016 1482 3106 lacrymabiliter
1513 3017 1962 3104 compatiens.
2019 3018 2355 3086 Omnibus
2386 3019 2619 3085 omnia
2648 3016 2865 3085 factus
2892 3028 3061 3089 erat.

534 3118 611 3175 ut
658 3126 896 3175 omnes
944 3105 1030 3173 ad
1079 3120 1422 3175 aeternam
1496 3104 1908 3173 confortaret
1961 3105 2525 3174 consolationem.
2595 3097 2771 3187 Qu'id
2824 3104 3067 3193 plura?

537 3193 765 3263 Multis
799 3195 1278 3263 attestantibus
1327 3193 1734 3283 peregrinus
1782 3206 1924 3262 erat
1973 3194 2043 3260 in
2096 3194 2347 3272 seculO,
2410 3209 2474 3262 et
2511 3195 2658 3281 jam
2717 3215 2835 3285 pro
2883 3207 3068 3263 certo

533 3283 1044 3352 mansionarius
1091 3282 1496 3351 credebatur
1544 3281 1613 3349 in
1664 3282 1875 3351 coelo.
1936 3283 2162 3352 Facies
2210 3284 2360 3371 ejus
2406 3282 2769 3371 jucunda,
2826 3281 3069 3372 lingua

533 3372 684 3461 ejus
732 3372 1053 3451 facunda,
1092 3394 1167 3441 os
1205 3371 1355 3460 ejus
1397 3371 1464 3437 in
1519 3370 1790 3439 laudem
1843 3371 1952 3439 Dei
2006 3378 2274 3461 semper
2321 3384 2466 3439 erat
2513 3384 2853 3461 apertum.
2911 3377 3069 3439 Car-

531 3461 640 3530 nis
693 3461 1159 3551 voluptatibus
1228 3460 1592 3529 reluctans,
1639 3458 2108 3549 perfectiorem
2168 3459 2551 3550 spiritualis
2592 3459 2765 3529 vitae
2806 3458 3064 3527 lineam

533 3560 668 3617 toto
700 3550 855 3618 nisu
888 3549 1372 3635 exequebatur.
1413 3547 1850 3617 Obedientiae
1884 3550 2129 3618 virtute
2162 3548 2489 3617 omnibus
2525 3570 2597 3616 se
2626 3547 3059 3621 imitabilem.

532 3637 921 3737 frugalitate
971 3636 1428 3714 laudabilem,
1482 3650 1546 3706 et
1594 3637 1915 3706 universa
1966 3659 2238 3707 morum
2304 3636 2639 3727 probitate
2702 3636 3067 3725 praebebat

528 3728 911 3816 instgnem:
974 3726 1060 3795 de
1108 3725 1354 3795 virtute
1408 3727 1475 3793 in
1524 3725 2309 3805 virtutem,2secundum
2345 3723 2802 3806 Psalmistam,
2846 3738 3068 3794 trans—

531 3815 894 3904 migrabat,
950 3827 1026 3883 ut
1076 3819 1286 3884 Deum
1337 3814 1623 3884 deorum
1676 3813 1904 3883 videre
2002 3827 2459 3884 romereretur
2506 3814 2577 3881 in
2614 3813 2797 3883 Sion.

617 3906 654 3988 ς
701 3906 794 3971 θ.
854 3902 1166 3977 Decursis
1215 3904 1442 3990 itaque
1490 3925 1649 3972 cum
1695 3902 1912 3972 multa
2008 3914 2309 3972 onestate
2358 3901 2760 3972 inferiorum
2801 3901 3065 3971 ordini-

529 3991 660 4060 bus
708 3990 1077 4080 graduum,
1119 4005 1271 4082 post
1317 3994 1567 4061 bonam
1620 4014 1859 4061 eorum
1912 3992 2606 4069 administrationem,
2646 3990 2877 4059 divina
2929 3990 3062 4059 sibi

528 4079 875 4168 aspirante
917 4082 1164 4237 gratia,
1206 4080 1624 4153 sacerdotale
1673 4094 1951 4149 coactus
1981 4093 2082 4148 est
2115 4079 2199 4149 ad
2242 4078 2573 4148 officium.
2626 4079 2843 4148 Simul
2908 4099 3061 4146 vero

479 4236 488 4243 ,
528 4179 605 4237 ut
655 4181 791 4236 tam
834 4192 915 4237 su
971 4170 1115 4238 limi
1167 4184 1520 4261 promotus
1552 4181 1653 4238 est
1686 4169 2039 4258 dignitate,
2075 4181 2331 4256 quanta
2372 4191 2624 4258 corpus
2659 4190 2867 4237 suum
2905 4189 3062 4256 par-

527 4257 823 4326 simonia
873 4261 1335 4339 maceraverit,
1366 4260 1524 4345 quis
1561 4270 1788 4347 posset
1819 4256 2225 4346 explanare?
2267 4263 2444 4347 Ipse,
2490 4255 2809 4344 equidem
2843 4254 3059 4323 multa

527 4368 599 4416 se
647 4345 957 4437 affligens
1004 4349 1442 4428 abstinentia,
1478 4347 1857 4416 esurientes
1891 4345 2273 4415 reficiebat:
2330 4346 2568 4414 sitiens
2619 4345 2787 4434 ipse,
2822 4343 3059 4412 sitien-

527 4449 625 4506 tes
666 4435 1118 4507 refocillabat:
1173 4437 1419 4518 nudos,
1451 4457 1617 4505 suae
1656 4456 1792 4504 non
1826 4454 2115 4524 parcens
2165 4430 2485 4516 nuditati,
2522 4431 3059 4504 misericorditer
