3357 4995
666 311 794 375 576
1424 328 1502 373 nr:
1549 328 1604 374 s.
1659 326 2020 375 AnALaEaro
2069 326 2288 372 13va
2766 308 2803 371 J
2815 308 2986 372 UNII
3035 308 3127 371 25

576 412 720 482 illic
771 411 1124 482 miraculis
1176 423 1606 481 coruscaret:
1660 433 1838 498 quae
1886 410 2170 498 quidem
2222 423 2361 479 tam
2416 408 2633 479 multa
2680 421 2883 490 sunt,
2931 422 3011 479 ut
3060 410 3128 479 si

576 523 655 569 ea
684 501 1086 590 singulatim
1129 500 1515 570 describere
1548 499 1862 580 velimus,
1921 520 2056 569 non
2094 498 2298 568 modo,
2336 497 2689 567 difficilem
2739 497 2858 566 sed
2909 499 3126 567 etiam

579 589 1077 679 impossibilem
1126 601 1191 659 et
1238 589 1353 658 cui
1402 611 1599 679 pares
1664 611 1813 658 esse
1874 610 2319 675 nequeamus,
2375 587 2677 656 laborem
2730 589 3127 677 suscepturi

579 679 823 748 simus.
863 679 1321 761 Quamobrem
1360 698 1635 749 necesse
1659 690 1762 746 est
1780 699 1937 746 eum
1974 699 2097 747 nos
2131 676 2410 756 imitari,
2445 676 2566 764 qui
2598 696 2887 745 amoena
2920 689 3125 765 prata

579 767 1030 858 perlustrans,
1065 767 1260 848 dum,
1303 788 1477 854 quos
1510 766 1830 856 decerpat
1886 766 2104 846 flores,
2144 765 2359 834 animi
2391 764 2650 835 dubius
2680 777 2802 846 est,
2836 766 3126 835 eatenus

579 878 705 926 suo
753 855 1096 925 desiderio
1132 855 1547 936 moderatur,
1596 867 1673 925 ut
1725 866 1817 923 tot
1885 866 2143 945 carpat,
2195 854 2315 940 qui
2391 853 2750 924 sufficiunt
2804 852 2890 921 ad
2940 851 3123 922 dele-

579 945 972 1026 ctationem,
1012 967 1149 1014 non
1200 945 1320 1031 qui
1358 966 1481 1014 suo
1519 944 1819 1032 pondere
1853 955 2170 1033 premant
2202 942 2595 1012 abeuntem.
2645 948 2738 1010 Ita
2773 953 2840 1009 et
2885 963 3008 1010 nos
3041 964 3125 1011 ea

579 1033 913 1103 debemus
946 1034 1048 1103 uti
1090 1032 1582 1112 mediocritate,
1620 1045 1699 1101 ut
1746 1032 2053 1103 recitatio
2101 1029 2618 1121 compendiaria
2649 1042 2712 1099 et
2754 1028 3111 1111 studiosiS‚

577 1133 641 1191 et
689 1121 1065 1192 fastidiosis
1115 1121 1416 1190 vicissim
1469 1120 1863 1190 satisfaciat.
1920 1126 2270 1190 Caeterum
2306 1131 2381 1189 ut
2409 1120 2614 1189 fidem
2649 1118 2963 1188 dicendis
2996 1120 3120 1188 ad-

578 1221 951 1288 struamus,
1008 1231 1143 1280 non
1200 1209 1395 1278 valde
1428 1210 1628 1280 nobis
1668 1209 2126 1279 laborandum
2178 1209 2548 1289 credimus,
2602 1230 2763 1278 curn
2817 1206 3120 1296 profecto

579 1299 960 1369 absurdum
1003 1299 1091 1368 sit
1120 1298 1280 1367 inde
1328 1298 1512 1386 apud
1550 1297 1785 1368 fideles
1833 1299 2128 1385 aliquem
2181 1297 2366 1366 ambi
2468 1297 2652 1366 itatis
2701 1296 3118 1385 scrupulum

576 1389 881 1469 existere,
918 1388 1128 1467 unde,
1182 1399 1457 1457 auctore
1498 1392 1652 1468 Deo,
1693 1400 1953 1457 certum
2003 1399 2128 1465 est,
2157 1387 2354 1455 incre
2405 1385 2557 1455 ulos
2592 1385 2883 1475 pristino
2933 1385 3120 1455 vale-

580 1476 820 1546 fecisse
868 1476 1107 1546 errori.

665 1567 702 1650 ξ
750 1570 843 1635 9.
899 1565 1141 1634 Mulier
1203 1565 1542 1651 quaedam
1610 1570 1876 1634 Esewar
1943 1564 2256 1644 nomine,
2332 1570 2396 1633 S.
2450 1563 2790 1634 Adalberti
2841 1563 3120 1633 servitio

580 1675 650 1722 se
688 1653 977 1733 devovit,
1014 1666 1196 1723 certo
1230 1652 1364 1722 sibi
1397 1652 1842 1744 persuadens,
1880 1653 2184 1743 inopiam
2235 1665 2299 1722 et
2346 1676 2431 1722 an
2488 1654 2704 1723 ustias
2753 1651 3114 1722 viduitatis

581 1763 768 1823 suae,
811 1743 963 1832 ejus
994 1742 1394 1831 patrociniis
1431 1741 1803 1811 relevatum
1855 1742 1961 1811 iri.
1992 1747 2296 1828 Cumque
2334 1765 2451 1810 mu
2484 1742 2569 1811 tis
2603 1741 2808 1811 annis
2847 1742 3115 1813 devotis

580 1830 936 1901 institisset
984 1831 1356 1918 obsequiiS,
1396 1830 1655 1920 piratae
1684 1830 1756 1898 in
1790 1853 1868 1900 ea
1921 1829 2068 1900 loca
2115 1830 2599 1919 irrumpenteS‚
2646 1849 2924 1899 ornnem
2974 1830 3117 1900 cir-

578 1940 1014 2007 cumquaque
1047 1921 1392 2010 regionem
1427 1919 1763 1989 hostiliter
1796 1919 2258 1989 devastarunt:
2304 1919 2728 2009 direptisque
2783 1919 2988 1989 rebus
3047 1929 3119 1986 et

580 2006 1044 2090 facultatibuS,
1101 2008 1413 2080 homines
1461 2009 1765 2108 captivos
1830 2008 2287 2077 abduxerunt.
2361 2008 2607 2079 Mansit
2666 2018 2893 2077 autem
2962 2007 3114 2076 sola

582 2096 750 2166 haec
781 2097 1008 2179 vidua,
1063 2097 1135 2166 in
1186 2110 1372 2166 tanta
1404 2107 1711 2167 vastitate
1761 2097 1924 2184 quid
1978 2109 2227 2186 ageret,
2280 2119 2417 2183 quo
2465 2119 2538 2166 se
2599 2108 2903 2175 verteret,
2966 2117 3114 2166 mo-

581 2184 689 2256 dis
737 2186 1062 2255 omnibus
1103 2187 1452 2276 ignorans:
1506 2187 1764 2276 quippe
1796 2207 1973 2272 quae
2002 2207 2282 2274 prorsus
2332 2185 2505 2255 nihil
2556 2185 2835 2255 haberet
2864 2184 3110 2254 alimo-

582 2273 759 2354 niae,
802 2274 1102 2364 nec,ubi
1154 2273 1254 2342 vel
1290 2274 1472 2344 unde
1520 2297 1668 2343 eam
1722 2289 2171 2363 compararet,
2236 2273 2380 2343 ulla
2425 2274 2485 2343 ei
2546 2273 2745 2363 copia
2786 2285 3116 2364 suppete-

581 2377 702 2431 ret.
758 2364 1058 2433 Tandem
1110 2364 1235 2432 hoc
1285 2385 1506 2433 unum
1556 2364 1616 2432 ei
1660 2363 2001 2450 reliquum
2055 2364 2202 2444 fuit,
2255 2375 2331 2432 ut
2381 2362 2465 2431 de
2513 2374 2843 2432 consueta
2896 2362 3116 2431 sancti

580 2451 921 2529 Adalberti
983 2452 1405 2543 benignitate
1460 2451 1854 2523 confideret.
1909 2457 2037 2523 Nec
2105 2465 2384 2522 sanctus
2453 2451 2762 2542 despexit
2808 2451 2893 2521 de
2967 2453 3113 2539 ipso

583 2540 755 2610 bene
802 2554 1217 2632 sperantem,
1273 2541 1387 2611 sed
1442 2557 1911 2632 opportunum
1963 2541 2063 2609 illi
2115 2541 2497 2610 remedium
2537 2553 2602 2609 et
2650 2561 2850 2630 opem
2906 2540 3105 2610 tulit:

580 2630 1060 2715 quotidianum
1112 2630 1175 2699 ei
1217 2630 1471 2699 victum
1512 2631 1598 2700 ab
1648 2630 1897 2699 Oceani
1933 2628 2248 2700 litoribus
2297 2629 2860 2710 subministranS,
2910 2643 3117 2715 atque

507 2770 510 2775 .
580 2718 709 2787 hoc
760 2720 910 2809 ipso
959 2719 1125 2788 satis
1158 2717 1542 2798 declarans,
1587 2740 1795 2805 quam
1832 2739 2066 2787 verum
2102 2720 2211 2800 sit,
2252 2724 2460 2787 Deum
2498 2718 2902 2788 timentibus
2937 2717 3114 2785 nihil

583 2806 840 2877 deesse.
899 2813 1039 2877 Non
1103 2807 1327 2898 potuit
1372 2807 1487 2898 pia
1552 2807 1761 2876 vidua
1807 2828 2247 2876 communem
2300 2807 2549 2876 sentire
2602 2806 3061 2876 calamitatem
3094 2860 3109 2886 ,

580 2917 756 2982 quae
789 2896 1160 2986 specialius
1210 2897 1428 2966 sancti
1458 2895 1801 2966 Adalberti
1837 2897 2297 2985 patrocinium
2330 2895 2462 2965 sibi
2502 2895 2929 2965 conciliarat.

674 2987 710 3071 ξ
757 2989 915 3058 10.
972 2990 1206 3054 Postea
1242 3007 1399 3055 vero
1483 2985 1788 3073 resbyter
1880 2983 2142 3060 uidam.
2198 2984 2594 3054 Amalathus
2644 2984 2947 3065 nomine,
3013 2983 3117 3054 of-

584 3072 724 3140 ficii
772 3074 881 3142 sui
932 3072 1299 3164 religiosus
1352 3096 1438 3144 cu
1474 3087 1611 3155 tor,
1675 3094 1851 3163 ange
1882 3072 1987 3142 ico
2043 3086 2141 3143 est
2197 3073 2475 3143 oraculo
2540 3072 2937 3144 admonitus
2968 3128 2983 3153 ‚
3038 3085 3119 3143 ut

585 3162 1077 3232 instaurandae
1108 3163 1329 3231 sancti
1357 3161 1703 3232 Adalberti
1734 3160 2083 3242 ecclesiae,
2121 3162 2269 3231 sine
2297 3161 2443 3231 ulla
2472 3160 2801 3231 dilatione
2828 3183 3116 3252 operam

581 3249 795 3320 daret.
843 3255 933 3319 Ne
973 3271 1110 3337 qua
1143 3263 1371 3321 autem
1403 3264 1633 3340 posset
1668 3249 1772 3319 illi
1806 3250 2161 3321 inhaerere
2185 3250 2627 3340 ambiguitas,
2660 3250 2900 3320 eadem
2942 3251 3117 3321 visio

586 3338 791 3407 etiam
844 3338 1001 3408 aliis
1036 3339 1256 3411 tribus
1314 3338 1500 3421 viriS,
1555 3338 1751 3409 laicis
1815 3339 1954 3409 illis
1999 3339 2301 3426 quidem,
2356 3339 2474 3408 sed
2524 3340 2695 3408 bene
2744 3338 3110 3430 religiosiS,

580 3427 807 3496 oblata
856 3440 979 3497 est.
1034 3429 1163 3511 Qui
1211 3449 1371 3498 cum
1433 3429 1495 3496 ei
1543 3427 1709 3515 quid
1745 3427 2078 3498 vidissent
2124 3428 2566 3510 indicassent,
2601 3440 2667 3498 et
2716 3426 2830 3497 ille
2879 3428 3118 3498 omnia

585 3515 843 3585 videret
890 3537 1050 3587 cum
1085 3539 1214 3587 sua
1240 3516 1503 3587 visione
1548 3517 1956 3597 consentire,
1997 3516 2214 3587 multo
2248 3517 2332 3586 ad
2364 3515 2910 3617 aggrediendum
2935 3539 2976 3586 o
3032 3539 3117 3588 us

585 3604 805 3675 factus
835 3619 936 3674 est
984 3604 1299 3675 alacrior.
1338 3612 1575 3692 Itaque
1603 3606 1839 3675 accitis
1881 3605 2190 3693 undique
2222 3605 2578 3696 operariis,
2617 3604 2688 3674 in
2723 3627 2900 3696 opus
2939 3605 2987 3674 il
3020 3604 3120 3676 ud

582 3692 915 3763 ferventer
983 3694 1321 3765 incubuit.
1390 3695 1514 3764 Ubi
1571 3706 1797 3765 autem
1850 3690 2145 3773 artifices
2211 3694 2565 3764 materiam
2616 3708 3119 3785 comportatam

583 3782 963 3873 inspexere,
1005 3783 1266 3853 trabem
1295 3805 1506 3854 unam
1535 3782 1821 3853 caeteris
1854 3783 2070 3853 multo
2101 3783 2476 3853 breviorem
2511 3781 2865 3855 viderunt:
2897 3803 3120 3870 eaque

581 3891 653 3938 re
696 3892 828 3939 non
876 3870 1308 3942 mediocriter
1347 3871 1604 3952 afflicti,
1641 3872 1711 3940 in
1745 3871 2037 3941 alterum
2087 3871 2268 3941 diem
2306 3872 2632 3943 distulere
2664 3871 3121 3943 consultatio-

585 3980 766 4028 nem.
808 3964 1000 4029 Mane
1048 3960 1281 4031 vident
1312 3961 1654 4051 praesenti
1686 3961 1798 4028 Dei
1832 3959 2166 4030 beneficio
2199 3963 2456 4032 trabem
2491 3960 2681 4030 illam
2716 3963 2923 4031 etiam
2958 3983 3120 4030 cae-

584 4046 748 4116 teris
794 4046 1203 4139 longiorem,
1241 4049 1592 4137 multaque
1624 4049 1846 4119 affecti
1883 4049 2158 4130 laetitia,
2215 4061 2399 4120 tanto
2442 4051 2836 4120 accuratius
2876 4060 3124 4139 coepto

583 4134 915 4206 insistunt
948 4137 1188 4219 labori,
1227 4150 1485 4225 quanto
1531 4139 1787 4208 certius
1830 4160 2206 4228 cognovere
2250 4139 2453 4208 etiam
2499 4137 2753 4207 divinis
2784 4160 2855 4210 se
2906 4139 3123 4207 mir-a-

586 4224 763 4295 culis
793 4225 1215 4296 confirmari.
1255 4232 1414 4297 Erat
1449 4238 1677 4298 autem
1728 4227 2017 4296 ecclesia
2071 4227 2213 4309 illa,
2274 4226 2713 4297 sanctissimo
2755 4226 3127 4297 Adalberto

581 4327 998 4393 consecrata,
1020 4316 1107 4386 ad
1142 4315 1305 4387 litus
1332 4317 1543 4387 maris
1574 4318 1726 4396 sita,
1761 4329 1963 4402 atque
1994 4338 2073 4385 ea
2097 4319 2307 4385 causa
2341 4315 2664 4405 piraticae
2694 4314 3124 4385 infestationi

579 4403 906 4493 exposita.
954 4404 1077 4474 Sed
1113 4427 1322 4492 quam
1354 4404 1854 4476 admirabiliter
1885 4404 2162 4494 saepius
2194 4426 2341 4473 eam
2383 4404 2636 4494 potenti
2673 4405 3124 4475 miseratione
