3357 4995
622 334 751 398 452
1278 347 1358 395 DE
1407 350 1463 395 s.
1518 346 1783 395 monuo
1823 349 1900 395 Er
1947 348 2080 396 soc,
2134 350 2324 395 nant.
2731 332 2952 398 JUNII
3003 333 3084 397 ⁴8

621 438 657 523 ξ
709 440 796 505 2.
852 440 1017 504 Cum
1068 434 1281 524 igitur
1328 432 1667 502 Adrianus
1714 455 1795 502 ex
1844 456 2094 523 magna
2132 439 2346 502 Roma
2377 433 2827 515 discessisset,
2866 434 3083 525 signi-

532 526 811 594 ficatum
861 523 920 591 ei
956 522 1083 591 fuit
1130 546 1168 591 a
1216 521 1663 609 quibusdam,
1712 521 1782 589 in
1817 523 1989 592 urbe
2019 522 2271 613 Tripoli
2306 545 2455 591 esse
2496 522 2785 591 militem
2837 544 3079 609 quem-

534 614 719 693 dam,
786 611 1138 680 Leontium
1204 612 1504 692 nomine,
1573 611 1693 696 qui
1744 609 1908 681 deos
1965 610 2153 700 ipsos
2216 612 2631 701 reprobaret,
2685 623 2751 680 et
2799 633 2913 680 eos
2963 616 3086 700 qui

533 723 725 772 sacra
762 700 901 769 illis
935 700 1255 780 facerent,
1286 700 1373 768 ab
1421 722 1658 769 eorum
1711 699 1903 769 cultu
1937 712 2286 779 averteret,
2325 713 2390 769 et
2427 701 2682 790 patrias
2726 698 2907 789 leges
2939 702 3084 773 dis-

534 791 841 861 solveret.
898 793 1064 858 Cum
1118 790 1282 857 haec
1335 789 1672 857 Adrianus
1713 787 1798 857 de
1831 790 2105 858 Leontio
2132 789 2529 863 audivisset.
2575 788 2917 857 hilaritate
2946 814 3083 861 non

532 877 863 948 mediocri
910 878 1194 948 affectus
1242 889 1364 957 est,
1409 890 1474 946 et
1514 877 1813 946 militum
1853 878 2164 947 cohortes
2200 877 2577 968 praemisit,
2623 892 2699 947 ut
2725 880 3074 960 LeontiuS,

531 969 652 1055 qui
704 967 864 1035 talia
912 966 1183 1048 faceret,
1238 966 1959 1057 comprehenderetur.
2001 971 2168 1036 Cum
2208 986 2362 1035 vero
2413 988 2624 1057 prope
2672 968 2917 1035 urbem
2973 991 3084 1038 ve-

530 1058 816 1136 nissent,
856 1078 1093 1124 eorum
1124 1056 1471 1124 Tribunus
1496 1055 1857 1144 HypatiuS,
1879 1056 1997 1142 qui
2032 1069 2094 1125 et
2118 1056 2263 1145 ipse
2296 1055 2715 1124 daemonum
2748 1077 2831 1124 su
2885 1059 3086 1127 ersti-

533 1146 696 1216 tioni
719 1158 782 1215 et
809 1144 1127 1213 addictus
1158 1158 1323 1223 erat,
1360 1159 1631 1232 repente
1682 1143 1865 1212 febre
1896 1157 2077 1216 totus
2109 1156 2463 1235 correptus
2491 1157 2614 1224 est,
2648 1156 2712 1212 et
2741 1145 2833 1212 mi
2872 1146 3085 1216 itibus

530 1236 676 1305 suis
715 1233 1006 1302 dicebat:
1062 1238 1160 1301 Ita
1198 1233 1369 1301 mihi
1403 1233 1498 1300 dii
1554 1233 1827 1322 propitii
1859 1234 2017 1312 sint,
2058 1245 2134 1303 ut
2179 1255 2304 1324 ego
2338 1233 2503 1314 scio,
2561 1232 2910 1301 undenam
2950 1235 3078 1305 hoc

529 1323 793 1392 malum
828 1323 895 1390 in
934 1343 1040 1389 me
1073 1322 1449 1410 profectum
1494 1323 1603 1390 sit.
1642 1322 1741 1389 Dii
1790 1321 2120 1392 adversus
2154 1345 2261 1390 me
2309 1322 2651 1412 indignati
2684 1333 2882 1390 sunt:
2924 1347 3083 1393 cum

532 1412 713 1480 enim
770 1411 906 1479 huc
966 1409 1395 1499 profecturus
1441 1432 1709 1490 essem,
1764 1423 2258 1502 congruentem
2310 1412 2658 1480 victimam
2733 1410 2872 1478 illis
2941 1435 3076 1482 non

533 1499 774 1570 obtuli.
832 1499 1073 1566 Milites
1124 1499 1334 1588 igitur
1366 1521 1525 1567 cum
1581 1499 1963 1568 Tribunum
2025 1522 2230 1569 suum
2283 1500 2376 1569 ita
2424 1498 2592 1569 febri
2646 1513 3072 1570 aestuantem

532 1611 651 1679 per
700 1600 834 1657 tres
883 1588 1054 1667 dies,
1104 1610 1323 1675 neque
1381 1588 1613 1656 cibum
1652 1587 1954 1673 aliquem
2009 1600 2434 1668 sumentem,
2490 1588 2604 1658 sed
2662 1611 2770 1656 ma
2825 1590 2883 1656 is
2937 1612 3078 1658 ma-

531 1678 773 1767 gisque
819 1676 992 1747 febri
1028 1677 1449 1745 laborantem
1501 1676 1827 1746 viderent.
1869 1677 2107 1746 multis
2156 1677 2497 1766 angustiis
2555 1699 2790 1767 preme
2843 1691 3073 1746 antur.

532 1772 736 1835 Nocte
784 1778 1009 1834 autem
1063 1765 1176 1834 illa
1228 1764 1524 1854 Angelus
1586 1766 1852 1833 Domini
1904 1767 2226 1856 apparuit
2277 1767 2362 1833 ei.
2417 1766 2698 1834 dicens:
2743 1765 3069 1847 Tribune‚

532 1855 589 1922 si
622 1855 722 1923 vis
754 1876 966 1923 sanus
1016 1854 1186 1932 fieri,
1225 1877 1367 1923 una
1400 1876 1558 1922 cum
1598 1854 1934 1923 militibus
1994 1856 2114 1941 qui
2153 1867 2378 1923 tecum
2429 1867 2612 1930 sunt,
2656 1869 2756 1922 ter
2788 1854 3071 1925 clames:

531 1948 654 2024 Tu,
694 1943 815 2029 qui
848 1944 1066 2012 sancti
1120 1943 1375 2012 Leontii
1420 1948 1593 2011 Deus
1632 1965 1727 2023 es,
1788 1943 1983 2023 mihi,
2036 1965 2321 2031 quaeSO,
2377 1942 2722 2012 auxilium
2771 1942 2968 2011 feras,
3006 1945 3076 2013 si

532 2031 661 2100 hoc
712 2032 922 2111 diceS,
982 2032 1207 2100 statim
1260 2054 1472 2100 sanus
1520 2031 1664 2099 fies.

623 2123 657 2207 ξ
705 2125 795 2191 3.
853 2125 1014 2188 Cum
1069 2121 1416 2188 Tribunus
1450 2121 1519 2188 in
1554 2119 1756 2188 talem
1811 2121 2059 2189 mentis
2098 2143 2454 2189 excessum
2506 2121 2823 2199 venisset,
2861 2135 2925 2188 et
2970 2142 3078 2190 so-

532 2209 728 2279 brius
759 2221 955 2288 esset,
982 2210 1149 2278 vidit
1178 2208 1533 2298 Angelum,
1573 2221 1648 2277 ut
1680 2208 2179 2279 adolescentem
2214 2209 2540 2294 aliquem,
2576 2209 2873 2278 candida
2899 2222 3082 2279 veste

534 2299 878 2377 indutum,
918 2311 981 2365 et
1021 2312 1340 2388 aspectus
1375 2298 1670 2387 speciem
1723 2298 2097 2384 quamdam
2141 2297 2514 2366 terribilem
2562 2320 2722 2388 prae
2763 2321 2833 2368 se
2859 2298 3081 2368 feren-

530 2398 688 2455 tem.
730 2392 899 2454 Tum
945 2386 1081 2454 ille:
1124 2389 1284 2477 Ego,
1352 2387 1608 2471 inquit,
1668 2388 1926 2456 missus
1976 2409 2130 2456 sum
2171 2410 2308 2455 una
2341 2409 2500 2456 cum
2554 2387 2660 2457 his
2716 2387 3076 2468 militibus,

533 2487 608 2544 ut
652 2477 1001 2549 Leontium
1035 2474 1641 2565 comprehendam,
1682 2487 1746 2544 et
1786 2497 2041 2545 servem
2083 2497 2304 2563 usque
2353 2475 2436 2544 ad
2472 2475 2768 2544 reditum
2799 2476 3082 2547 Adriani

534 2565 738 2633 Ducis
770 2590 783 2632 ;
824 2579 889 2633 et
928 2577 1001 2633 tu
1034 2566 1203 2634 milii
1237 2565 1434 2645 dicis,
1472 2580 1546 2632 ut
1575 2564 1894 2633 clamem:
1947 2571 2121 2635 Deus
2164 2566 2385 2634 sancti
2423 2566 2702 2644 Leontii,
2739 2566 3079 2636 auxilium

529 2654 700 2721 mihi
733 2654 1000 2733 afferas,
1057 2667 1131 2723 ut
1163 2654 1392 2723 salvus
1443 2654 1620 2723 sim?
1651 2658 1817 2722 Cum
1855 2655 2018 2723 haec
2057 2654 2309 2744 Angelo
2357 2654 2635 2735 diceret,
2672 2654 2785 2722 ille
2816 2656 2901 2723 ab
2932 2657 3081 2745 ipso

526 2743 824 2823 evanuit,
880 2755 944 2810 et
992 2754 1233 2832 stupor
1279 2743 1658 2811 Tribunum
1713 2744 2094 2832 corripuit:
2149 2743 2272 2830 qui
2320 2765 2480 2811 cum
2535 2743 2762 2811 adhuc
2818 2744 3080 2831 jaceret

528 2830 596 2897 in
636 2831 907 2910 lectulO,
973 2844 1037 2900 et
1085 2831 1272 2899 febre
1331 2831 1715 2899 vehementi
1766 2844 2146 2911 teneretur,
2203 2832 2542 2901 militibus
2590 2831 2672 2900 ad
2727 2853 2796 2899 se
2845 2852 3078 2899 accer-

527 2919 676 2988 sitis
726 2920 822 2988 sic
855 2920 995 2988 ait:
1034 2919 1297 3000 Audite,
1343 2920 1607 2988 fratreS.
1649 2924 1817 2988 Cum
1871 2922 2174 3010 primum
2219 2942 2542 2989 somnum
2574 2920 2933 3008 cepissem,
2973 2920 3078 2989 vir
3131 2996 3136 3001 ,

523 3008 807 3092 quidam
882 3007 1170 3078 illustris
1234 3009 1317 3077 ad
1374 3031 1479 3077 me
1531 3009 1735 3089 venit,
1789 3021 1854 3078 et
1901 3010 2115 3079 dixit:
2172 3009 2240 3077 Si
2314 3010 2414 3078 vis
2466 3031 2676 3078 sanus
2726 3006 2916 3088 fieri,
2977 3019 3079 3077 ter

526 3095 828 3165 clames:
885 3102 1061 3165 Deus
1133 3097 1351 3166 sancti
1404 3098 1701 3177 Leontii,
1769 3120 1968 3187 opem
2022 3098 2194 3167 mihi
2261 3098 2527 3167 afferas.
2581 3102 2658 3165 Et
2713 3097 2824 3165 his
2872 3097 3080 3166 dictis

526 3186 826 3253 evanuit.
888 3190 1052 3254 Cum
1107 3185 1273 3255 haec
1323 3186 1671 3255 Tribunus
1720 3186 2025 3268 dixisset,
2085 3186 2480 3255 Theodulus
2542 3186 2826 3273 quidam
2880 3186 3080 3257 miles

525 3272 684 3363 plus
733 3275 1018 3343 caeteris
1066 3275 1445 3364 obstupuit,
1497 3287 1562 3344 et
1608 3276 1947 3360 quaesivit
1994 3298 2034 3344 a
2085 3276 2412 3355 Tribuno,
2479 3298 2565 3344 an
2631 3276 2803 3364 ejuS,
2865 3297 3074 3360 quem

523 3361 814 3437 dicebat,
872 3362 1077 3432 vestis
1126 3363 1305 3443 alba,
1364 3375 1428 3431 et
1490 3377 1811 3452 aspectus
1876 3364 2201 3434 terribilis
2250 3364 2537 3434 fuisset:
2591 3364 2800 3450 idque
2865 3364 2957 3432 ita
3007 3386 3080 3432 se

525 3449 777 3520 habere
811 3451 1075 3520 didicit.
1131 3451 1461 3521 Postridie
1495 3475 1650 3521 vero
1686 3475 1886 3523 mane
1935 3453 2328 3524 Theodulus
2378 3454 2525 3542 ipse
2565 3453 2911 3524 assidebat
2931 3453 3080 3520 Tri-

522 3539 734 3619 bun0,
788 3562 965 3627 quae
1012 3541 1387 3621 audiverat,
1447 3541 1515 3610 in
1556 3555 1782 3611 mente
1829 3542 2115 3613 habens.
2171 3546 2337 3612 Cum
2403 3554 2631 3611 autem
2683 3554 2748 3610 et
2796 3564 3076 3631 compo—

523 3628 798 3697 tationis
831 3642 1103 3719 tempus
1137 3632 1452 3710 venisset,
1489 3630 1919 3700 Theodulum
1952 3631 2204 3700 milites
2244 3646 2596 3712 vocarunt,
2635 3645 2710 3701 ut
2743 3635 2887 3699 una
2916 3652 3073 3699 cum

522 3717 716 3807 ipsiS,
771 3719 1357 3804 quemadmodum
1432 3741 1704 3808 semper
1761 3733 2252 3801 consueverat,
2321 3742 2393 3789 se
2450 3721 2859 3791 oblectaret:
2935 3731 3079 3787 erat

520 3806 706 3874 enim
739 3807 1135 3877 Theodulus
1182 3809 1328 3898 ipse
1371 3809 1546 3877 inter
1580 3812 1871 3879 Graecos
1906 3809 2224 3878 homines
2259 3809 2556 3878 maxime
2606 3809 2919 3879 illustris
2957 3806 3080 3876 Ille

518 3894 605 3962 ad
659 3896 1232 3986 compotationem
1307 3898 1657 3979 invitatus,
1734 3920 1977 3968 omnes
2025 3898 2216 3968 cibos
2264 3898 2540 3988 rejecit,
2616 3921 2836 3984 neque
2884 3897 3082 3983 quic-

515 4005 728 4069 quam
765 3998 1043 4074 gustare
1078 3985 1311 4054 voluit:
1353 3986 1468 4055 sed
1508 3986 1705 4055 humi
1748 3987 2011 4077 jacens,
2055 3987 2321 4056 diutius
2360 3988 2633 4076 jejunus
2669 3986 3071 4076 permansit,

519 4094 599 4140 ac
650 4075 923 4142 tandem
1004 4095 1325 4144 somnum
1384 4076 1587 4165 cepit.
1645 4080 2094 4164 Experrectus
2155 4090 2432 4155 autem,
2480 4075 3082 4145 commilitonibus

523 4161 673 4231 suis
710 4186 722 4229 ε
765 4186 799 4227 «
831 4161 1196 4242 Adrianus,
1248 4163 1492 4249 inquit,
1535 4169 1814 4235 Praeses
1870 4164 2167 4233 crastino
2218 4164 2328 4233 die
2377 4164 2622 4244 veniet,
2663 4174 2727 4231 et
2761 4165 3086 4233 Leontius

517 4263 760 4340 captus
801 4273 936 4319 non
970 4251 1116 4320 est?
1156 4251 1278 4320 Sed
1312 4254 1365 4322 si
1398 4252 1616 4342 placet
1648 4254 1972 4322 omnibus
2002 4253 2214 4332 vobis,
2247 4273 2516 4322 mecum
2545 4252 2808 4321 habens
2838 4253 3085 4322 Tribu-

519 4360 715 4421 num,
741 4340 824 4409 ad
859 4340 1101 4409 urbem
1143 4340 1563 4430 proficiscar,
1594 4354 1659 4411 et
1693 4363 2045 4428 quaeram,
2082 4341 2406 4428 quisnam
2444 4342 2532 4409 sit
2566 4341 2694 4411 iste
2728 4342 3080 4411 Leontius:

515 4449 718 4514 quem
789 4444 1151 4520 postquam
1227 4430 2001 4520 comprehenderimus,
2068 4443 2268 4500 caute
2338 4430 2596 4501 servari
2641 4430 3078 4521 jubebimur„
