3357 4995
682 345 813 409 500
1288 361 1368 407 ns
1412 359 1787 407 mulvium
1833 359 1889 406 s.
1941 356 2204 406 sonnis
2251 356 2431 404 narr.
2776 338 3004 404 Jmffl.
3042 339 3136 404 24

597 457 758 517 sunt
790 466 1011 534 supra
1056 457 1398 514 naturam.
1459 443 1689 522 Video,
1747 443 1879 514 etsi
1926 442 2057 513 sim
2122 441 2352 511 adhuc
2401 441 2469 510 in
2525 451 2750 525 utere,
2796 440 3134 527 quoniam

598 535 667 603 in
702 547 896 603 utero
933 533 1185 624 gestari
1233 532 1426 602 video
1459 533 1670 602 solem
1713 532 2042 621 justitiae.
2078 530 2382 600 Auribus
2425 529 2752 619 percipie,
2796 529 3135 615 quoniam

596 622 831 701 audio,
864 634 939 692 ut
961 623 1081 709 qui
1108 643 1352 691 nascar
1370 643 1494 690 vox
1518 621 1752 712 magni
1778 620 1998 689 Verbi.
2023 619 2368 700 Exclamo,
2399 619 2731 706 quoniam
2759 618 3140 708 filiumpa-

598 709 723 780 tris
772 710 1210 802 unigenitum
1239 709 1597 780 considero
1622 731 1776 780 esse
1822 730 2029 779 carne
2077 707 2420 777 indutum.
2480 706 2758 786 Exulto.
2797 708 3138 794 quoniam

596 799 901 869 universi
933 799 1315 869 effectorem
1337 797 1529 868 video
1550 796 1838 868 formam
1866 797 2168 867 hominis
2187 797 2576 885 suscipere.
2596 795 2839 878 —Exilio,
2873 795 3132 883 inquit,

597 889 926 974 quoniam
980 887 1225 958 mundi
1273 886 1798 977 Redemptorem
1848 886 2086 977 cogito.
2135 893 2601 975 corporatum.
2665 885 3134 974 Principium,

597 977 789 1047 vobis
837 976 1150 1067 significo
1202 976 1314 1045 Dei
1347 976 1419 1044 in
1458 974 1802 1045 mundum
1867 976 2243 1065 ingressus,
2295 987 2363 1044 et
2399 972 2736 1043 'adventus
2779 974 3132 1063 corporei.

598 1070 970 1134 Praecurro
1017 1065 1413 1144 adventum,
1452 1077 1516 1132 et
1563 1063 2075 1151 quodammodo
2132 1062 2322 1134 vobis
2363 1083 2634 1152 praeeo>
2670 1060 3133 1132 confessione.

597 1154 898 1243 Accipite
951 1154 1322 1244 psalmum,
1373 1164 1451 1222 ut
1487 1151 1717 1221 dicam
1761 1152 2100 1233 Davidice‚
2136 1165 2201 1221 et
2240 1164 2651 1241 tympanum
2697 1151 3130 1241 Prophetice,

596 1245 1004 1312 Psalterium
1046 1243 1427 1333 jucundum
1455 1264 1606 1310 cum
1646 1241 1935 1317 cithara.
1991 1246 2270 1312 Caritate
2301 1242 2386 1320 ei,
2432 1250 2495 1309 et
2519 1242 2799 1330 psallite
2840 1242 2926 1320 ei,
2963 1264 3138 1310 nar—

596 1341 744 1401 rate
790 1333 1016 1400 omnia
1064 1332 1412 1399 mirabilia
1444 1332 1611 1420 esus.
1667 1329 2016 1416 Numquid
2064 1351 2250 1418 ergo,
2305 1351 2344 1398 o
2389 1334 2712 1408 «Ioannes,
2747 1349 2961 1419 super
2999 1342 3139 1398 ter·

603 1440 768 1488 rena
828 1419 1230 1498 ascendisti,
1284 1418 1370 1487 ad
1432 1417 1749 1488 coelestia
1809 1431 2167 1508 provectus
2214 1440 2312 1497 eS,
2366 1417 2722 1507 Angelicos
2770 1433 2852 1486 ‘et
2904 1419 3138 1507 primo

600 1520 961 1596 operantes
990 1522 1273 1576 ornatus
1324 1506 1847 1578 transcendisti?
1874 1506 2227 1589 Quomodo
2265 1528 2427 1594 ergo
2459 1521 2763 1594 quorum
2805 1521 3132 1578 naturam

602 1617 740 1664 non
803 1595 1359 1685 apprehendisti,
1408 1604 1650 1665 eorum
1708 1617 1782 1666 es
1829 1594 2481 1666 sortitus-ordinemv
2544 1603 2612 1664 et
2678 1593 3138 1694 digni-tatem?

599 1696 666 1752 et
709 1683 892 1770 quod
936 1685 1040 1754 eis
1085 1697 1187 1753 est
1231 1707 1272 1753 a
1314 1682 1543 1753 seculo
1588 1684 1991 1766 obscurum,
2044 1697 2108 1753 et
2139 1683 2322 1770 quod
2375 1683 2662 1752 minime
2707 1682 3153 1764 didicerunt,

601 1773 879 1853 statim,
950 1785 1276 1860 tanquam
1330 1785 1479 1862 post
1533 1777 1745 1842 Deum
1775 1829 1790 1854 ,
1848 1773 2217 1861 trajecisti,
2269 1772 2582 1843 etnobis
2628 1772 3069 1841 annunciasti
3112 1828 3130 1853 ,

607 1860 816 1947 idque
863 1884 1020 1931 cum
1062 1861 1291 1931 adhuc
1338 1882 1521 1930 esses
1567 1862 1638 1929 in
1676 1862 1915 1932 matris
1944 1862 2367 1931 visceribus?

686 1951 723 2036 ξ
756 1955 902 2021 12.
943 1956 1083 2020 Non
1123 1948 1362 2029 volavi,
1394 1950 1638 2037 inquit,
1674 1972 1793 2037 per
1825 1952 2077 2030 aerem,
2109 1972 2242 2019 non
2273 1948 2538 2039 pervasi
2566 1950 2808 2029 nubes,
2839 1970 2974 2018 non
3008 1971 3139 2018 su-

604 2039 836 2194 1[lieravi
869 2037 1116 2119 coelos,
1162 2060 1293 2108 non
1320 2038 1712 2109 transcendi
1745 2040 2103 2108 flammeas
2139 2051 2207 2108 et
2229 2039 2668 2128 incorporeas
2695 2038 3008 2107 virtutes:
3045 2060 3137 2107 ne

654 2148 732 2195 oc
763 2126 1202 2197 existimetis:
1233 2127 1347 2196 sed
1379 2126 1498 2214 qui
1529 2148 1742 2215 supra
1775 2127 2032 2208 omnia,
2076 2139 2143 2196 et
2166 2128 2235 2195 in
2270 2126 2430 2197 sinu
2463 2126 2679 2195 Patris
2708 2139 2938 2195 manet
2965 2148 3130 2196 cum

605 2218 850 2285 Sancto
884 2216 1166 2306 Spiritu,
1220 2216 1684 2286 nescientibus
1731 2215 1887 2284 aliis
1937 2216 2155 2306 igneis
2200 2217 2351 2305 ejus
2402 2215 2757 2295 ministris,
2791 2228 3128 2301 ‘tanquam

601 2302 789 2372 aliud
841 2304 1107 2374 coelum
1159 2306 1535 2395 ingressus,
1576 2305 1645 2372 in
1682 2318 1874 2374 utero
1907 2326 2181 2394 semper
2227 2304 2513 2394 virginis
2541 2303 2794 2373 Mariae
2816 2303 3129 2394 seipsum

602 2392 942 2491 patefecit,
1001 2405 1066 2462 et
1115 2394 1280 2462 haec
1329 2392 1500 2461 mihi
1540 2392 1705 2462 talia
1741 2394 2057 2483 exposuit
2111 2394 2458 2483 mysteria.
2498 2393 2663 2464 Sum
2713 2411 2874 2483 ergo
2926 2394 3125 2482 pueri

604 2479 830 2563 index,
867 2481 1049 2569 quod
1098 2483 1359 2552 scilicet
1399 2481 1585 2551 filius
1628 2482 1826 2553 nobis
1861 2483 2189 2565 nascitur,
2224 2496 2290 2551 et
2321 2481 2506 2551 filius
2546 2481 2748 2552 datus
2775 2494 2890 2551 est
2928 2478 3131 2550 nobis

599 2570 710 2658 (ut
754 2593 865 2640 ma
920 2594 1053 2642 nus
1098 2571 1264 2641 dicit
1304 2571 1548 2729 Isaiasg
1592 2572 1711 2658 qui
1759 2571 2039 2658 quidem
2086 2585 2382 2641 estante
2414 2570 2669 2640 secula.
2708 2574 2892 2639 Sum⁴
2924 2582 3133 2639 natus

601 2679 681 2727 ex
715 2661 874 2729 steri
912 2661 953 2741 i,
1008 2661 1334 2747 quoniam
1375 2683 1496 2750 pro
1540 2658 1923 2729 ¹ibit-foetus
1970 2660 2290 2750 Virginis.

689 2750 919 2835 §la
973 2752 1023 2818 Ο
1093 2770 1271 2839 opus
1337 2748 1812 2840 magnificum,
1879 2760 1945 2817 et
2012 2747 2559 2837 supernaturale.
2609 2752 2663 2817 Ο
2727 2746 3129 2848 prodigium

601 2836 1035 2917 admirabile,
1088 2849 1153 2906 et
1181 2836 1363 2923 quod
1403 2859 1680 2907 omnem
1715 2849 1997 2923 superat
2026 2837 2447 2926 opinionem.
2499 2837 2742 2919 Qualia
2793 2836 3132 2907 nobts'in-

601 2924 757 2994 fans
812 2925 1123 2995 nondum
1162 2939 1361 2995 natus
1407 2925 1788 2995 annunciat
1808 2930 2133 3009 ‘l-Quanta
2182 2927 2379 2997 nobis
2420 2926 2639 2995 foetus
2679 2924 3130 2994 Elizabeticus

600 3012 834 3082 divine
889 3014 1343 3104 significavit?
1391 3014 1632 3083 Exiliat
1680 3026 1817 3083 tota
1852 3036 2027 3102 quae
2078 3027 2178 3084 est
2217 3015 2348 3085 sub
2383 3013 2555 3093 Sole,
2612 3015 2831 3102 regio:
2882 3013 3133 3082 choros

601 3115 758 3191 agat
787 3102 1111 3183 Ecclesia,
1172 3102 1329 3172 festi
1378 3102 1758 3193 praeludia,
1803 3117 1868 3173 et
1918 3102 2164 3173 natalis
2215 3103 2464 3173 Christi
2512 3104 2904 3194 ingressum
2947 3102 3133 3171 cele·

601 3189 845 3260 brans:
890 3204 955 3260 et
1012 3191 1267 3260 laetitia
1300 3191 1721 3280 impleantur
1772 3191 2114 3273 universa,
2170 3192 2618 3282 suscipientia
2645 3190 2954 3262 Iudicem
3004 3189 3134 3259 ad-

601 3290 846 3348 ventus
875 3279 1079 3370 Regis
1123 3281 1629 3350 universorum.
1670 3280 1823 3360 Sed,
1854 3302 1893 3350 o
1924 3281 2114 3350 beate
2143 3282 2475 3360 Joannes‚
2511 3281 2635 3367 qui
2665 3280 3131 3349 maximorum

601 3388 675 3436 es
721 3368 1055 3458 Propheta
1105 3369 1467 3449 maximus,
1520 3370 1641 3456 qui
1688 3390 1761 3438 es
1860 3369 2195 3439 rimorum
2246 3369 2717 3460 primasi-nter
2747 3367 3128 3458 Apostolos„

600 3455 723 3542 qui
767 3477 843 3525 es
892 3462 1263 3545 Martyrum
1316 3462 1567 3547 Martyr
1610 3457 1792 3527 excel
1826 3458 2227 3528 entissimus
2257 3513 2272 3538 ,
2343 3458 2465 3545 qui
2510 3481 2583 3527 es
2632 3456 3031 3527 solitudinis
3091 3479 3137 3528 a

604 3548 737 3613 Deo
782 3544 1141 3616 ordinatus
1193 3559 1541 3635 patronus,
1609 3545 1728 3633 qui
1778 3547 2270 3636 speciosissimi
2314 3547 2554 3636 sponsi
2598 3568 2672 3616 es
2707 3546 2978 3616 amicus
3022 3545 3135 3614 di-

604 3631 845 3713 lectuS,
896 3634 1019 3720 qui
1089 3634 1262 3705 lucis
1308 3657 1483 3722 quae
1539 3635 1681 3704 dici
1736 3655 1869 3704 non
1923 3648 2183 3725 potest.
2236 3649 2592 3726 esparata
2650 3634 2957 3715 lucerna,
3009 3637 3134 3705 cui

603 3721 776 3810 Agni
822 3722 1156 3814 inculpati
1201 3723 1329 3792 fuit
1375 3724 1712 3793 creditum
1765 3725 2232 3813 praeconium,
2283 3724 2406 3811 qui
2457 3737 2775 3812 paternae
2825 3725 3009 3794 vocis
3054 3745 3137 3795 es

603 3810 908 3968 οὲιίιῃυε
936 3812 1230 3891 auditor,
1257 3813 1376 3898 qui
1405 3811 1836 3902 preedicatus
1855 3810 2047 3883 fuisti
2068 3812 2665 3902 Baptista'Christi,
2690 3812 2818 3899 qui
2841 3811 3138 3885 Herodis

604 3898 653 3968 li
708 3897 917 3970 idinis
947 3900 1117 3970 liber
1151 3900 1341 3970 fuisti
1384 3901 1855 3990 reprehensor,
1913 3904 2030 3987 qui
2089 3902 2173 3972 iis
2217 3903 2339 3988 qui
2386 3915 2581 3972 erant
2631 3900 2822 3993 apud
2879 3901 3139 3971 inferos

526 4054 541 4070 ,
603 3987 808 4056 vitam
865 3988 1460 4079 praesignificasti,
1496 3990 1617 4076 qui
1668 3995 1880 4059 Deum
1912 3990 2317 4081 significans
2362 3989 2555 4061 fuisti
2585 3994 2749 4061 tuba
2774 3991 2964 4061 orbis
2997 4004 3139 4060 ter-

604 4097 873 4145 rarum:
921 4100 1103 4147 nunc
1143 4098 1416 4164 quoque
1456 4078 1654 4148 nobis
1703 4100 1947 4148 sonum
1997 4078 2121 4148 ede
2167 4077 2455 4149 coelitus
2498 4078 2990 4149 sacratissimis
3022 4079 3140 4148 in-

606 4166 1158 4247 tercessionibuS,
1228 4177 1292 4234 et
1336 4177 1479 4236 esto
1528 4189 1651 4256 pro
1706 4167 1869 4237 itius
1927 4167 2178 4258 populo
2235 4169 2356 4238 tibi
2411 4167 2822 4250 decantanti,
2882 4183 2948 4238 et
3001 4169 3140 4237 mi-

606 4252 795 4322 nimo
833 4267 947 4324 tuo
994 4255 1209 4355 gregi,
1261 4276 1420 4324 cum
1471 4256 1652 4324 excel
1686 4269 1839 4325 ente
1881 4270 1995 4326 tuo
2030 4262 2242 4337 Patre,
2294 4258 2696 4327 condonans
2725 4278 2969 4326 rursus
3003 4256 3141 4327 hoe

604 4341 831 4411 audax
871 4343 1004 4411 mei
1061 4344 1292 4412 miseri
1359 4343 1737 4434 inceptum,
1799 4357 1872 4413 ut
1917 4345 2100 4432 quod
2159 4367 2291 4416 non
2341 4346 2430 4415 sit
2478 4368 2733 4416 munus
2789 4344 3133 4427 oblatum,

603 4429 723 4499 sed
787 4443 1113 4518 tanquam
1163 4431 1431 4501 inutilis
1460 4432 1659 4514 servi,
1715 4432 1899 4521 quod
1947 4433 2071 4504 tibi
2096 4434 2401 4516 offertur,
2455 4434 2765 4505 debitum
2793 4455 2954 4517 cnm
3004 4434 3140 4503 tri-

602 4517 773 4588 huto
821 4530 887 4589 et
940 4518 1317 4592 desiderio:
1371 4525 1447 4590 In
1512 4520 1776 4607 Christo
1814 4522 1989 4594 Jesu
2038 4523 2325 4593 Domino
2373 4536 2627 4593 nostr0.
