3357 4995
193 321 411 386 JUNII
471 322 546 385 16
1040 339 1117 384 mv.
1166 339 1222 384 5.
1278 337 1602 384 romanor.
1654 338 1908 384 vincins
2534 325 2663 388 4⁴3

281 425 313 512 ᾗ
359 428 436 494 ³2.
494 429 615 493 Per
662 422 846 492 idem
895 422 1032 491 sere
1101 435 1397 511 tempuS‚
1461 444 1621 492 cum
1681 423 1911 492 adhuc
1958 435 2024 492 et
2071 445 2358 511 corpore
2410 439 2476 495 et
2531 439 2755 496 aetate

195 526 376 583 esset
403 512 794 592 tenerrima,
842 523 1039 581 noete
1063 511 1368 598 quadam
1399 511 1583 581 circa
1616 524 1891 602 tempus
1932 523 2429 582 nocturnarum
2468 536 2753 614 precum

194 624 371 689 quas
421 602 790 671 Matutinas
837 614 1104 680 vocant,
1161 601 1372 670 sudor
1419 621 1571 669 eam
1610 600 1978 669 vehemens
2007 613 2072 670 et
2108 601 2447 671 naturalis
2476 604 2748 673 invasit.

196 698 364 760 Cum
416 713 578 781 ergo
626 713 667 759 a
716 690 1038 780 precibus
1098 689 1458 760 nocturnis
1506 690 1747 759 abesse
1803 688 2024 769 vellet,
2069 702 2146 758 ut
2187 703 2420 779 postea
2470 691 2553 759 ad
2607 714 2753 761 ser-

196 779 523 850 viendum
579 784 712 848 Deo
761 778 998 848 fortior
1044 793 1254 858 esset,
1311 777 1600 848 eredens
1663 778 1866 848 illum
1916 777 2239 847 sudorem
2307 780 2576 869 corpori
2629 803 2756 850 suo

200 869 577 938 salutarem
646 890 836 949 esse,
899 867 1128 937 subito
1176 868 1261 936 ad
1313 889 1462 936 eam
1517 891 1643 936 vox
1692 867 1869 936 facta
1916 879 2058 936 est:
2120 867 2297 948 Quid
2367 868 2461 938 ita
2519 869 2758 958 jaces?

199 980 410 1048 surge
458 979 717 1047 ocyus:
772 968 1036 1048 oportet
1083 969 1160 1026 ut
1208 957 1702 1047 poenitentiam
1756 978 1940 1026 nune
1987 979 2153 1045 agas
2202 979 2326 1046 pro
2376 958 2755 1048 peccatori-

196 1049 354 1127 buS‚
394 1048 518 1133 qui
564 1047 636 1115 in
688 1046 836 1116 suis
883 1045 1208 1116 sordibus
1245 1047 1502 1136 jacent,
1537 1067 1673 1115 non
1726 1045 1965 1114 sudori
1997 1045 2385 1135 indulgeas.
2434 1053 2604 1116 Tum
2635 1046 2757 1116 illa

197 1138 519 1205 exterrita
550 1135 868 1216 surrexit,
921 1147 986 1204 et
1035 1135 1373 1204 inchoatis
1414 1135 1563 1223 jam
1607 1134 1982 1214 MatutiniS,
2030 1134 2115 1203 ad
2166 1134 2528 1204 ecclesiam
2567 1135 2755 1205 sesti-

201 1227 411 1295 navit.
477 1230 553 1292 ln
620 1224 769 1315 ipso
819 1235 1047 1293 autem
1098 1223 1427 1292 ecelesiae
1487 1224 1661 1294 ostio
1713 1223 2058 1294 Christum
2126 1223 2405 1292 obvium
2463 1224 2749 1306 habuit,

200 1315 391 1384 eruci
441 1312 722 1383 affixum
765 1324 829 1382 et
878 1324 1340 1390 cruentatum,
1393 1313 1512 1399 qui
1563 1313 1926 1384 brachium
1980 1312 2064 1380 de
2126 1335 2333 1384 eruce
2372 1312 2750 1403 deponenS‚

198 1425 489 1490 eamque
545 1401 973 1492 amplexans,
1027 1424 1104 1470 os
1162 1403 1313 1491 ejus
1369 1401 1638 1471 vulneri
1700 1400 1930 1470 lateris
1981 1401 2092 1472 sui
2150 1402 2522 1491 applicuit:
2569 1402 2757 1472 unde

206 1505 468 1562 tantam
521 1492 753 1560 hausit
799 1491 1229 1569 suavitatem,
1275 1503 1352 1560 ut
1376 1513 1454 1559 ex
1502 1512 1582 1559 eo
1632 1503 1939 1581 tempore
1989 1489 2058 1557 in
2114 1489 2226 1559 Dei
2264 1490 2539 1561 servitio
2573 1513 2758 1560 sem-

206 1603 330 1671 per
377 1595 442 1651 et
490 1580 838 1650 robustior
885 1593 950 1648 et
1003 1580 1297 1647 alacrior
1345 1578 1571 1649 fuerit.
1614 1580 2022 1648 Retulerunt
2091 1591 2321 1647 autem
2352 1634 2367 1658 ,
2420 1580 2543 1666 qui
2606 1581 2760 1670 ipsa

201 1671 542 1740 revelante
572 1691 650 1737 eo
691 1670 760 1737 in
796 1683 1100 1758 tempore
1125 1667 1247 1737 diu
1279 1682 1505 1756 postea
1545 1668 2031 1757 probaverunt,
2090 1666 2379 1737 salivam
2406 1670 2548 1738 oris
2571 1669 2748 1757 ejus.

201 1759 429 1829 mellis
476 1757 914 1827 dulcedinem
967 1779 1354 1847 superasse;
1393 1779 1614 1843 neque
1662 1756 1732 1824 id
1785 1757 2068 1837 mirum,
2107 1757 2389 1842 quando
2419 1780 2540 1827 cor
2564 1757 2758 1828 illius

203 1862 268 1918 et
314 1847 696 1916 divinitatis
747 1846 995 1915 Christi
1044 1847 1203 1925 mel,
1243 1858 1307 1914 et
1357 1845 1811 1916 humanitatis
1861 1845 1966 1914 lae
2000 1845 2190 1914 intus
2240 1847 2663 1917 ruminabat.

289 1940 326 2024 ἓ
376 1940 457 2007 S.
514 1936 581 2004 Si
629 1958 767 2022 quo
793 1935 1023 2004 cordis
1057 1948 1177 2004 aut
1224 1936 1531 2024 corporis
1569 1934 2008 2004 incommodo
2057 1947 2233 2005 esset
2332 1949 2587 2018 ravata,
2624 1948 2758 2006 sta-

201 2026 322 2095 bat
369 2046 603 2094 eoram
654 2024 954 2114 imagine
1025 2023 1389 2104 Crucifixi,
1443 2046 1735 2110 eamque
1783 2023 1906 2092 diu
1954 2035 2275 2113 contemp
2308 2037 2439 2104 ata,
2495 2025 2758 2096 clausis

205 2113 433 2203 oeulis
481 2126 545 2182 et
593 2113 949 2182 dissolutis
984 2114 1338 2192 membriS‚
1388 2136 1522 2182 non
1576 2113 1798 2204 potuit
1842 2112 2137 2202 pedibus
2183 2114 2597 2183 consistere:
2637 2115 2757 2185 sed

202 2225 494 2294 prorsus
544 2202 1024 2292 languescens,
1081 2202 1479 2292 rapiebatur
1518 2202 1586 2270 in
1629 2202 1903 2291 spiritu,
1961 2200 2371 2288 videbatque
2406 2203 2756 2273 Christum

203 2306 268 2360 et
323 2291 552 2359 lateris
598 2291 747 2380 ejus
795 2303 1161 2360 cruentum
1201 2292 1488 2360 vulnus:
1544 2291 1658 2361 eui
1685 2313 1762 2360 os
1798 2312 2003 2360 suum
2055 2290 2455 2368 admovenS‚
2495 2303 2755 2361 tantam

203 2379 369 2447 inde
411 2380 699 2469 sugebat
727 2379 1194 2461 dulcedinem,
1241 2393 1315 2449 ut
1364 2379 1555 2449 nulla
1589 2401 1661 2448 re
1694 2391 1923 2469 posset
1963 2377 2100 2447 affli
2153 2377 2199 2447 i.
2249 2379 2511 2449 Accidit
2539 2402 2759 2466 quan-

203 2468 453 2556 doque,
508 2481 584 2539 ut
631 2468 1031 2539 acutissima
1072 2468 1259 2539 febre
1309 2469 1655 2549 laborans,
1697 2467 1955 2538 criticis
2002 2468 2114 2538 die
2169 2491 2250 2538 us
2298 2490 2335 2538 e
2385 2468 2557 2539 lecto
2606 2491 2760 2546 sur-

204 2579 398 2649 gens,
436 2559 697 2646 absque
742 2558 888 2627 ulla
934 2558 1339 2628 difficultate
1376 2561 1447 2626 in
1498 2557 1862 2629 ecelesiam
1895 2579 2054 2626 eum
2105 2557 2262 2626 aliis
2300 2558 2622 2627 canitura
2648 2559 2756 2627 in-

205 2660 437 2716 traret.
474 2648 566 2716 Ad
602 2647 1139 2717 recordationem
1178 2647 1369 2717 illius
1403 2646 1793 2718 acutissimi
1842 2647 2125 2715 obtutus
2165 2647 2470 2733 Aquilae,
2509 2668 2760 2738 nempe

202 2737 488 2807 ‚loannis
535 2736 1028 2826 Evangelistae‚
1085 2737 1203 2822 qui
1244 2736 1500 2805 fluenta
1534 2734 1885 2835 Evangelii
1934 2735 2019 2803 de
2069 2735 2219 2823 ipso
2274 2757 2471 2804 sacro
2526 2737 2759 2806 Domi-

206 2826 346 2894 nici
400 2826 694 2915 pectoris
764 2824 950 2895 fonte
1000 2826 1274 2915 potavit,
1328 2825 1653 2916 apparuit
1700 2846 1763 2893 ei
1813 2824 1884 2892 in
1951 2824 2204 2913 spiritu
2252 2824 2511 2911 aquila,
2569 2838 2759 2895 tanto

205 2936 599 3005 pennarum
635 2915 853 2983 nitore
886 2914 1259 3004 refulgenS‚
1315 2926 1390 2983 ut
1420 2927 1599 2984 totus
1649 2914 1947 3003 potuerit
1984 2913 2172 2981 orbis
2202 2912 2538 2983 claritatis
2566 2912 2759 2985 illius

203 3004 421 3073 radiis
469 3002 826 3072 illustrari.
866 3004 1088 3073 Nimia
1138 3004 1351 3093 igitur
1398 3003 1861 3072 admiratione
1908 3001 2312 3092 stupefacta,
2356 3004 2759 3092 expectabat

202 3107 281 3161 ut
329 3093 666 3162 Dominus
732 3114 854 3181 pro
902 3104 1109 3182 captu
1158 3092 1477 3161 infirmae
1523 3092 1718 3171 aciei,
1780 3105 2038 3161 tantam
2090 3091 2372 3162 visionis
2420 3092 2575 3179 ejus
2657 3091 2758 3163 lo-

202 3182 376 3251 riam
429 3193 861 3271 temperaret.
916 3181 1107 3262 Quod
1158 3203 1319 3251 eum
1371 3181 1628 3251 sactum
1677 3193 1880 3261 esset,
1921 3179 2207 3250 visionis
2243 3180 2434 3251 illius
2467 3203 2579 3252 mo
2636 3204 2750 3251 um

200 3270 510 3359 pressius
575 3269 1052 3361 contemplans
1100 3270 1270 3340 vidit
1330 3270 1635 3357 aquilam
1702 3269 1893 3339 illam
1943 3270 2047 3338 ori
2097 3292 2224 3339 suo
2283 3282 2585 3341 rostrum
2625 3293 2759 3361 -ap-

203 3380 484 3448 ponere,
517 3360 962 3445 animamque
989 3380 1188 3428 suam
1217 3371 1353 3429 tam
1391 3358 1764 3430 ineffabilis
1813 3358 1992 3428 lueis
2033 3358 2524 3448 splendoribus
2572 3381 2760 3428 eom-

201 3446 412 3537 plere,
475 3460 549 3516 ut
594 3460 938 3535 quatenus
973 3447 1293 3517 mortales
1340 3470 1587 3539 capere
1619 3460 1934 3537 possunt,
1991 3446 2254 3516 nullam
2300 3446 2525 3538 ipsam
2578 3448 2758 3516 divi-

198 3537 437 3606 nitatis
487 3549 746 3606 secreta
777 3536 1083 3605 laterent.
1140 3542 1348 3606 Tanto
1403 3550 1632 3607 autem
1681 3536 1768 3605 de
1816 3547 2113 3606 torrente
2160 3535 2533 3627 voluptatis
2562 3536 2758 3607 illius

200 3625 437 3695 hausit
467 3626 776 3705 uberius,
829 3639 1089 3712 quanto
1128 3625 1199 3694 in
1250 3625 1452 3696 donis
1487 3625 2007 3696 munificentior
2060 3625 2296 3712 aquila
2346 3648 2465 3694 vas
2527 3624 2759 3699 cordis

202 3716 355 3803 ejus
407 3715 649 3805 majori
699 3714 1040 3783 desiderio
1071 3714 1448 3785 distentum
1498 3715 1773 3804 reperit.
1807 3719 2088 3784 Etcerte
2125 3714 2599 3784 testimonium
2630 3735 2758 3806 ego

196 3802 567 3893 perhibeO,
645 3802 803 3873 lieet
858 3805 931 3872 in
981 3802 1305 3873 familiari
1374 3825 1690 3875 sermone
1766 3801 2292 3893 simplicissima
2359 3802 2750 3885 videretur,

203 3913 564 3978 nunquam
608 3906 835 3962 tamen
886 3914 996 3962 me
1028 3914 1109 3963 ex
1141 3894 1558 3983 cujusquam
1610 3914 1728 3962 ore
1775 3891 1848 3961 in
1898 3902 2158 3961 secreto
2215 3891 2514 3983 spiritali
2547 3891 2759 3963 collo·

199 3982 365 4068 quio
415 3993 553 4049 tam
605 3982 897 4063 sincera,
952 3994 1093 4051 tam
1130 3983 1348 4073 ignita
1377 3995 1443 4051 et
1472 3981 1787 4051 ardentia
1836 3979 2226 4051 seeundum
2279 3981 2587 4052 veritatis
2611 3982 2757 4084 spi-

201 4072 415 4138 ritum
467 4070 674 4140 verba
704 4071 1042 4151 hausisse,
1083 4071 1288 4159 idque
1344 4072 1536 4151 adeo,
1577 4084 1654 4141 ut
1700 4070 1789 4140 ad
1840 4068 2290 4162 intelligenda
2347 4070 2533 4141 dieta
2564 4070 2758 4143 illius

202 4158 411 4247 plane
481 4159 722 4229 rudem
774 4172 840 4229 et
903 4159 1216 4230 hebetem
1294 4158 1702 4250 saepissime
1755 4180 1866 4229 me
1930 4158 2410 4230 existimarim.
2472 4160 2756 4230 Memini

201 4245 585 4317 etiamnum
650 4261 714 4319 et
764 4248 895 4319 loci
945 4262 1014 4319 et
1062 4251 1415 4340 temporis,
1460 4248 1743 4336 quando
1791 4248 1875 4318 ad
1914 4249 2284 4319 verborum
2332 4250 2483 4335 esus
2532 4248 2754 4319 subti-

204 4336 466 4404 litatem
513 4358 735 4424 usque
782 4338 952 4407 adeo
1000 4339 1352 4429 obstupui,
1412 4351 1489 4408 ut
1538 4337 1596 4408 si
1653 4338 1887 4408 suavis
1936 4336 2056 4407 illa
2095 4349 2160 4407 et
2209 4337 2323 4408 ine
2377 4337 2582 4407 abilis
2628 4338 2754 4407 ad-

203 4425 479 4525 miratio
525 4426 649 4583 dgu
683 4448 791 4497 me
818 4427 1169 4509 tenuisset,
1215 4441 1333 4498 aut
1380 4438 1724 4497 amentem
1778 4447 1889 4496 me
1920 4425 2073 4496 fieri
2104 4426 2507 4518 oportuerit,
2551 4438 2671 4497 aut
2716 4446 2755 4495 e

202 4527 343 4584 vlta
392 4534 550 4584 exce
604 4535 738 4585 ere.
