3357 4995
215 354 435 422 JUNII
491 354 537 418 6
1048 370 1230 418 ηις.
1286 368 1599 417 αυωνΑιο
1647 368 1946 417 nmscoro
2565 353 2689 418 455

222 453 793 548 persolvendum.
826 458 902 523 Et
931 466 1111 524 certe
1144 466 1373 545 postea
1410 454 1736 555 permulti
1773 453 1993 523 testati
2028 464 2214 530 sunt,
2250 474 2322 524 se
2361 453 2667 525 belluam
2701 477 2783 526 ex

225 568 312 616 co
340 559 642 635 tempore
692 543 1238 612 mansuefactam
1288 544 1564 612 vidisse.
1610 549 1705 612 En
1741 542 2073 613 obediunt
2104 541 2287 611 ferae
2319 541 2592 613 belluae
2620 567 2786 614 san·

231 635 358 705 ctis
403 634 596 715 viris,
659 643 723 702 et
789 631 1103 701 homines
1145 654 1285 701 non
1335 631 1537 702 modo
1594 631 1738 701 illis
1807 654 1941 701 non
1990 629 2347 709 obediunt,
2403 632 2519 702 sed
2573 634 2780 703 etiam

182 745 432 793 ·suum
485 732 942 792 contemnunt
971 735 1372 790 creatorem.
1426 721 1686 791 Bestiae
1735 719 1954 790 Deum‘
1999 721 2069 788 in
2130 720 2389 791 sanctis
2446 742 2785 792 veneran-

232 825 369 882 tur:
426 810 747 886 homines
795 822 860 878 et
907 815 1121 880 Deum
1156 822 1220 879 et
1254 823 1528 880 sanctos
1574 810 1729 901 ejus
1775 808 2195 899 despiciunt.
2351 835 2358 838 ·

313 903 349 987 ξ
394 903 536 973 18.
592 897 889 969 Mendici
935 899 1235 987 quodam
1302 910 1607 989 tempore
1654 898 1738 968 sti
1796 920 1903 967 em
1957 897 2260 987 petituri,
2296 896 2404 991 ‚ad
2456 911 2777 969 sanctum

228 989 452 1060 virum
492 989 566 1080 in
600 989 1095 1057 monasterium
1138 1008 1404 1057 venere.
1445 993 1666 1057 Motus
1714 921 1831 1057 iiie
1859 984 2356 1067 misericordia,
2415 989 2773 1078 perquirit,

224 1101 391 1148 num
437 1099 616 1164 quae
662 1076 1257 1166 eleemosynarum
1313 1076 1642 1164 reliquiae
1682 1076 1752 1144 in
1809 1076 2223 1147 monasterio
2273 1078 2649 1166 supersint.
2699 1082 2781 1147 Ut

220 1166 491 1237 audivit
539 1165 714 1234 nihil
763 1186 912 1235 esse
948 1164 1196 1253 reliqui
1229 1165 1402 1255 (jam
1454 1166 1639 1234 enim
1673 1165 1778 1234 vir
1826 1165 1984 1254 pius
2037 1186 2209 1255 pene
2256 1165 2492 1235 omnia
2530 1166 2782 1257 elargi-

218 1270 339 1326 tus
365 1256 566 1338 erat),
610 1275 871 1342 equum
920 1278 954 1323 a
1013 1253 1387 1324 riculturae
1425 1253 1874 1335 destinatum,
1902 1252 2102 1343 jubet
2141 1276 2220 1324 oc
2275 1275 2354 1323 us
2404 1253 2659 1323 adduci
2710 1267 2776 1324 et

218 1345 378 1414 dari
428 1342 880 1434 pauperibus.
938 1277 1047 1412 Ιῇἰ
1093 1364 1348 1430 equum
1402 1342 1714 1412 hilariter
1760 1342 2137 1436 accipiunt,
2251 1341 2504 1411 emisso
2552 1344 2777 1433 capite

220 1433 487 1524 gratias
537 1445 775 1522 agunt.
835 1431 1089 1501 Deinde
1136 1431 1434 1521 hospitio
1483 1431 1760 1522 recepti,
1807 1430 2314 1501 humanissime
2363 1437 2815 1516 tractantur,'

221 1536 290 1591 et
339 1543 419 1591 ea
456 1534 652 1590 nocte
692 1519 836 1591 illic
877 1520 1255 1591 dormiunt.
1296 1526 1490 1590 Mane
1528 1531 1889 1610 surgentes
1914 1519 2281 1620 agricolae,
2312 1519 2492 1589 inter
2517 1542 2586 1590 se
2614 1543 2781 1591 con-

223 1610 459 1680 ferunt
487 1610 574 1678 de
621 1630 799 1696 equo
848 1609 1274 1699 pauperibus
1323 1609 1504 1690 dat0,
1540 1622 1604 1678 et
1632 1621 1818 1678 tanto
1845 1610 2018 1699 ipsis
2044 1620 2276 1699 erepto
2326 1608 2583 1679 laboris
2610 1612 2780 1681 sub-

225 1699 436 1769 sidio.
492 1698 775 1768 Interim
825 1697 1058 1767 vident
1105 1718 1363 1786 equum
1413 1697 1699 1767 herbam
1754 1697 1824 1766 in
1875 1719 2041 1788 agro
2080 1697 2599 1787 depascentem,
2655 1721 2787 1789 per

225 1789 466 1857 omnia
516 1786 621 1855 illi
670 1786 1109 1867 similimum,
1146 1807 1350 1873 quem
1421 1785 1642 1877 pridie
1678 1786 1746 1854 in
1792 1786 2216 1877 pauperibus
2265 1785 2414 1862 suis
2465 1786 2782 1858 Christus

224 1888 611 1966 acceperat.
658 1880 803 1943 ltur
831 1875 916 1944 ad
966 1875 1489 1958 monasterium,
1530 1886 1864 1966 rogantur
1894 1897 2255 1965 paupereS,
2297 1897 2466 1945 num
2517 1898 2776 1963 equum

224 1965 362 2035 sibi
402 1960 642 2033 datum
679 1963 976 2034 habeant
1000 1987 1034 2032 a
1093 1965 1184 2033 ud
1221 1986 1315 2034 se.
1362 1964 1473 2034 Illi
1506 1963 1868 2034 confestim
1900 1986 2156 2050 equum
2190 1965 2590 2054 ostendunt..
2632 1972 2779 2035 Mox

224 2066 366 2123 tam
428 2052 703 2143 insigne
762 2053 1028 2123 miracu
1061 2076 1177 2122 um
1242 2053 1442 2144 longe
1493 2053 1764 2140 lateque
1811 2052 2227 2143 dissipatur,
2280 2066 2346 2123 et
2392 2076 2632 2127 omnes
2683 2055 2781 2123 rei

223 2142 531 2211 novitate
578 2153 887 2230 stupent:
935 2140 1281 2221 monachi,
1319 2141 1501 2221 laici,
1541 2141 1842 2242 populus
1881 2141 2111 2211 omnis
2139 2151 2452 2227 ‘utroque
2484 2164 2775 2233 conspe-

221 2244 339 2301 cto
384 2243 884 2317 equ0,‚tantam
936 2231 1300 2318 utriusque
1346 2229 1879 2300 similitudinem
1909 2230 2220 2319 impense
2258 2229 2621 2299 mirantur.
2657 2237 2779 2300 De-

224 2320 442 2406 nique
491 2316 831 2408 agricolae
862 2341 1116 2407 equum
1228 2319 1427 2390 rioris
1474 2320 1632 2406 equi
1673 2318 2450 2408 vicariumaccipiunt,
2511 2323 2779 2407 Deoque

219 2408 490 2501 gratias
537 2420 752 2499 agunt
843 2429 915 2476 ro
965 2408 1073 2477 sui
1110 2407 1173 2476 la
1226 2408 1366 2477 oris
1410 2406 1813 2477 levamento.

316 2500 352 2585 ξ
397 2500 550 2569 1¹7.
606 2502 759 2566 Post
840 2519 955 2566 aec
1003 2496 1277 2584 aliaque
1315 2495 1810 2567 miraculorum
1855 2494 2078 2587 signa,
2131 2496 2388 2584 quibus
2447 2497 2550 2566 vir
2612 2518 2771 2566 san·
2834 2560 2844 2571 .

218 2601 379 2657 ctus
431 2585 646 2655 maria
682 2585 1090 2666 nobilitavit,
1132 2599 1348 2655 terras
1380 2585 1855 2666 sanctificavit,
1896 2585 2269 2655 Ecclesiam
2323 2585 2437 2655 Dei
2476 2586 2778 2655 illustra-

222 2677 426 2744 vitet
474 2673 897 2754 sublimavit,
949 2675 1461 2765 optatissimum
1500 2674 1674 2744 vitae
1724 2675 1935 2761 hujus
1964 2673 2172 2743 finem
2218 2679 2348 2744 Deo
2408 2674 2770 2755 revelante,

220 2762 631 2854 impendere
677 2763 1021 2853 cognovit.
1060 2769 1227 2833 Nam
1279 2785 1437 2833 cum
1489 2763 1603 2832 die
1635 2762 1934 2850 quodam
1987 2763 2407 2833 sacrosancti
2467 2763 2777 2847 Quadra-

223 2851 584 2944 gesimalis
621 2851 897 2951 jejunii,
952 2852 1305 2921 immolata
1352 2853 1498 2942 jam
1564 2852 1634 2920 in
1701 2873 1936 2920 mensa
1992 2851 2227 2924 altaris
2280 2852 2774 2943 redemptionis

225 2952 502 3010 nostrae
553 2940 852 3021 victima,
892 2941 1171 3029 signum
1224 2940 1535 3010 crucifixi
1561 2940 1836 3010 Domini
1877 2941 2091 3009 nostri
2124 2941 2416 3031 supplex
2446 2941 2769 3023 visitaret,

222 3029 758 3120 piissimamque
807 3028 1054 3100 Christi
1106 3029 1498 3118 passionem
1548 3042 1613 3098 et
1660 3041 1977 3111 mortem,
2016 3051 2225 3116 quam
2257 3031 2368 3099 sui
2405 3030 2777 3100 mortifica-

223 3119 407 3189 tione
447 3118 600 3208 jam
642 3128 1017 3205 utcumque
1051 3118 1119 3186 in
1173 3139 1246 3187 se
1293 3131 1614 3208 expertus
1652 3130 1820 3198 erat,
1859 3129 1925 3187 et
1958 3130 2183 3188 mente
2223 3119 2495 3200 coleret,
2527 3134 2592 3189 et
2635 3120 2779 3188 lau-

224 3206 439 3278 dibus⁴
482 3205 1218 3307 celebrarenangelus
1269 3206 1538 3276 Domini
1583 3207 1900 3294 jucundo
1949 3220 2229 3297 aspectu
2278 3208 2380 3277 illi
2433 3230 2505 3277 se
2553 3208 2776 3277 visen-

224 3295 390 3365 dum
422 3294 697 3375 obtulit,
726 3294 1146 3383 hortansque
1173 3294 1375 3366 illum
1404 3294 1488 3363 ad
1517 3306 1911 3365 constanter
1937 3296 2005 3363 in
2036 3294 2411 3366 fortissimo
2443 3297 2774 3367 virtutum

222 3384 603 3454 certamine
652 3385 1256 3473 perseverandum.
1313 3384 1408 3453 ait
1456 3384 1643 3453 brevi
1696 3383 1893 3453 illum
1945 3406 2106 3453 cum
2158 3384 2416 3474 palma'
2453 3385 2775 3455 victoriae

222 3495 350 3543 suo
399 3473 548 3564 regi
583 3472 853 3542 Christo
910 3494 1392 3543 occursurum.
1431 3471 1599 3542 Inde
1660 3473 1887 3565 coelos
1937 3483 2272 3563 repetens,
2325 3485 2579 3543 tantam
2633 3473 2776 3561 illic

225 3562 459 3631 odoris
491 3561 890 3631 suavissimi
928 3561 1379 3653 fragrantiam
1426 3561 1727 3648 reli-quit,
1775 3574 1852 3632 ut
1890 3561 1992 3629 vir
2041 3561 2152 3630 Dei
2181 3575 2246 3632 et
2271 3562 2506 3631 anima
2533 3574 2596 3632 et
2622 3584 2773 3631 cor-

222 3672 388 3750 pore
434 3649 881 3738 quod·1otius
942 3650 1369 3742 septimanae
1420 3650 1650 3719 inedia
1697 3663 2121 3729 extenuarat‚
2186 3651 2355 3719 mire
2407 3663 2773 3730 recreatus,

220 3762 291 3807 ln
337 3739 455 3808 Dei
507 3737 749 3807 laud'es
783 3737 1019 3810 devote
1057 3750 1557 3829 prorumperet.
1596 3744 1753 3808 Erat
1800 3760 1878 3808 ea
1918 3738 2258 3824 quaedam
2312 3739 2779 3830 praegustatio

223 3825 640 3898 immortalis
690 3825 882 3897 illius
919 3827 1216 3897 convivii
1256 3827 1440 3915 quod
1480 3827 1581 3896 vir
1631 3828 1872 3897 beatus
1904 3826 2227 3896 ardenter
2259 3828 2680 3918 suspirabat:
2715 3838 2782 3897 et

214 3917 356 4006 jam
416 3916 640 4006 magis
673 3938 753 3984 ac
782 3917 1003 4005 magis
1029 3927 1342 3987 aeternas
1394 3915 1507 3985 ille
1557 3915 1628 3985 in
1678 3938 1751 3986 se
1783 3916 2384 4005 concupiscentias
2410 3916 2774 3997 excitabat,

224 4006 715 4091 Christumque
767 4003 1043 4074 videndi
1091 4003 1435 4076 desideria
1467 4004 1699 4074 acrius
1727 4003 2092 4074 incitabat:
2147 4004 2523 4094 ipsumque
2548 4005 2782 4074 obitus

224 4094 335 4164 sui
385 4094 599 4174 diem,
646 4090 734 4162 ad
783 4093 1025 4182 epulas
1056 4093 1406 4173 coelestes,
1463 4114 1635 4179 quas
1675 4094 1743 4161 in
1778 4114 1984 4183 regno
2034 4093 2254 4162 Patris
2284 4094 2394 4162 sui
2424 4093 2783 4183 praedives

224 4182 501 4261 Christi,
524 4181 921 4272 benignitas
953 4183 1184 4272 ipsum
1214 4180 1666 4272 diligentibus
1696 4193 2083 4272 praeparat,
2119 4182 2467 4263 invitatus,
2500 4181 2783 4253 ferventi
2829 4230 2840 4245 „

226 4271 571 4343 desiderio
618 4270 1045 4361 expectabat.
2493 4275 2502 4285 ’

312 4363 350 4449 ξ
400 4364 572 4433 2⁰.
629 4359 748 4429 Die
781 4369 1010 4429 autem
1045 4358 1315 4429 decimo
1364 4370 1522 4428 ante
1568 4357 1835 4428 obitum
1874 4379 2108 4449 suum,
2144 4380 2303 4428 cum
2349 4381 2545 4429 sacro
2579 4359 2782 4428 altari

174 4518 191 4533 ‚
231 4462 477 4521 astaret
525 4447 945 4521 coelestibus
995 4448 1323 4529 intentus,
1360 4446 1805 4517 beatissimus
1864 4447 2147 4517 Michael
2199 4446 2688 4537 Archangelus.
2717 4447 2782 4516 ei

988 1267 995 1276 ι
