3357 4995
323 337 541 404 JUNII
594 337 662 400 Ἠ
1151 351 1233 400 DE
1281 356 1335 402 s.
1393 356 1682 404 BARNABA
1733 355 2049 405 APOSTOLO
2656 339 2772 403 261

324 458 482 507 cum
563 446 791 504 tamen
877 445 1012 505 rson
1071 436 1094 503 i
1150 448 1419 505 noraret
1505 459 1585 507 ea
1655 459 1833 524 quae
1920 439 1992 507 in
2063 437 2232 508 urbe
2290 435 2555 527 Epheso
2637 446 2873 505 sancta

325 525 444 594 illa
501 523 843 613 Synodus,
913 523 1162 614 Cyrilo
1223 526 1678 614 praesidente,
1734 526 2115 606 definierat,
2162 549 2202 593 a
2251 547 2322 596 se
2376 524 2618 594 violari
2666 539 2874 612 atque

323 613 706 702 corrumpi.
741 613 868 682 Sed
918 613 1190 702 pietatis
1239 635 1509 703 praec0,
1561 629 1626 686 et
1674 616 2158 687 sanctissimus
2209 614 2571 714 Apostolus
2622 619 2873 683 Barna-

320 704 450 773 bas
483 701 746 793 patriae
782 723 945 773 suae
979 714 1368 793 opportuno
1417 717 1722 795 tempore
1761 705 2200 783 subvenienS,
2258 702 2449 772 illius
2492 705 2665 771 Petri
2701 703 2873 772 stul-

325 793 546 862 titiam
596 791 696 859 vel
751 791 1086 860 malitiam
1129 793 1358 882 potius
1408 792 1782 883 redarguit.
1832 798 1998 863 Cum
2033 793 2217 862 enim
2257 792 2638 882 Episcopus
2691 792 2878 860 Sala-

324 883 555 950 minae
592 881 839 969 jussus
888 880 1127 950 fuisset
1172 880 1260 950 ad
1310 903 1383 951 re
1435 882 1569 951 iam
1604 882 1847 953 urbem
1908 904 1977 952 se
2030 881 2363 960 conferre,
2433 895 2497 949 et
2545 881 2879 952 adversus

321 968 780 1040 Antiochenos
819 976 1071 1039 coram'
1102 969 1402 1039 Patriarc
1459 994 1499 1039 a
1527 994 1813 1043 causam
1864 971 2114 1051 dicere,
2170 992 2333 1059 prae
2367 971 2611 1038 timore
2645 982 2871 1060 torpe-

326 1059 583 1138 scebat,
632 1057 941 1127 Fullonis
989 1057 1179 1128 illius
1222 1059 1510 1129 insidias
1559 1072 1915 1150 suspectas
1948 1060 2232 1129 habens.
2273 1064 2430 1127 Erat
2478 1070 2642 1127 tunc
2681 1059 2869 1128 Sala-

323 1149 557 1217 minae
609 1147 808 1216 urbis
857 1147 1238 1238 Episcopus
1276 1148 1703 1231 AnthemiuS,
1757 1149 1862 1218 vir
1915 1172 2077 1218 cum
2131 1149 2374 1237 primis
2406 1146 2865 1228 admirabiliS,

324 1236 510 1323 quod
555 1236 638 1304 ad
705 1247 957 1305 rectam
1008 1235 1215 1305 fidem
1265 1248 1330 1306 et
1380 1236 1552 1306 vitae
1611 1238 2077 1308 innocentiam
2153 1237 2543 1325 pertineret,
2598 1237 2714 1305 sed
2783 1236 2873 1306 ad

326 1326 867 1415 disputationem
898 1347 1057 1394 cuin
1084 1325 1496 1395 adversariis
1547 1327 2052 1405 sustinendam,
2092 1348 2339 1417 parum
2385 1324 2671 1394 valebat.
2705 1329 2875 1393 Cum

330 1414 540 1503 igitur
588 1414 876 1504 ancipiti
923 1414 1336 1514 cogitatione
1383 1415 1770 1489 fluctuaret.
1808 1437 2031 1501 neque
2060 1427 2325 1484 certum
2360 1413 2638 1483 haberet
2672 1413 2871 1499 ¹quid

327 1514 576 1591 ageret,
625 1523 794 1571 num
825 1503 1143 1573 videlicet
1177 1504 1839 1594 Constantinopolim
1892 1504 2238 1602 proficisci
2289 1503 2587 1596 deberet,
2630 1524 2871 1570 necne:

328 1605 524 1661 nocte
574 1592 644 1659 in
688 1593 953 1661 somnis
1001 1593 1213 1666 astitit
1262 1593 1364 1662 illi
1410 1593 1721 1679 quidam,
1776 1593 2082 1662 divinam
2136 1591 2515 1679 quamdam
2575 1592 2878 1680 speciem

329 1702 495 1770 prae
543 1702 617 1750 se
665 1680 912 1761 ferenS,
974 1693 1038 1748 et
1091 1681 1380 1752 luminis
1430 1682 1796 1770 splendore
1825 1682 2047 1752 multo
2093 1681 2456 1770 effulgens,
2502 1680 2889 1766 lucidaque.

326 1782 511 1838 veste
559 1769 869 1850 induam,
931 1790 1010 1838 ac
1059 1791 1253 1838 sacro
1301 1770 1544 1840 habitu
1587 1771 1904 1851 decorus,
1960 1772 2079 1857 qui
2143 1784 2209 1840 et
2255 1771 2424 1839 haec
2473 1769 2689 1838 dixit:
2747 1775 2878 1838 eur

329 1859 424 1927 ita
471 1858 685 1928 tristis
731 1880 804 1928 es
839 1879 1050 1938 nune,
1105 1860 1481 1959 Episcope?
1528 1859 1885 1941 Quomodo
1917 1871 2150 1928 tantus
2200 1861 2326 1928 iste
2362 1872 2593 1948 torpor
2628 1873 2690 1928 te
2721 1882 2872 1928 cor-

328 1946 591 2036 ripuit?
656 1951 790 2030 Cur
847 1945 1081 2019 vultus
1132 1960 1291 2017 tuus
1353 1960 1444 2016 ita
1494 1949 1849 2018 concidit?
1898 1949 2078 2018 Nihil
2114 1948 2276 2017 mali
2325 1947 2410 2017 ab
2460 1947 2874 2018 adversariis

327 2036 469 2104 tuis
519 2036 822 2125 patieris.
877 2040 1058 2105 Haec
1106 2058 1266 2106 cum
1317 2037 1621 2117 dixisset,
1664 2039 1752 2107 ab
1783 2037 2140 2107 Anthemio
2181 2037 2533 2123 discessit:
2587 2039 2709 2124 qui
2767 2061 2879 2107 ex-

328 2135 708 2213 perrectus,
761 2137 826 2193 et
880 2124 1124 2194 timore
1163 2127 1563 2215 perterritus
1595 2128 2000 2217 EpiscopuS‚
2055 2127 2124 2193 in
2161 2125 2405 2195 faciem
2459 2147 2531 2194 se
2572 2141 2875 2215 prostra-

331 2214 446 2292 vit,
500 2226 566 2282 et
613 2212 853 2282 multis
904 2212 1230 2296 lacrymis
1280 2219 1494 2284 Deum
1528 2215 1621 2284 ita
1648 2227 1967 2305 precatus
1993 2227 2125 2284 est:
2174 2215 2458 2283 Domine
2489 2221 2659 2285 Jesu
2689 2215 2880 2283 Chri-

333 2314 455 2380 ste,
508 2301 610 2370 fili
645 2302 761 2370 Dei
797 2302 952 2383 vivi,
989 2286 1240 2392 adjuva
1272 2303 1647 2374 Ecclesiam
1698 2305 1902 2374 hanc.
1961 2304 2113 2372 Scio
2162 2317 2415 2382 autem,
2471 2304 2654 2389 quod
2687 2303 2881 2371 illam

332 2390 640 2480 adjttvas.
700 2391 767 2458 si
818 2391 987 2459 visio
1036 2392 1204 2460 baec
1253 2414 1292 2460 a
1341 2399 1404 2462 te
1455 2392 1756 2481 profecta
1794 2405 1919 2474 est,
1973 2392 2102 2471 fac,
2161 2413 2441 2479 quaem,
2498 2405 2573 2461 ut
2635 2392 2880 2460 eadem

332 2479 605 2580 iterum,
661 2502 740 2549 ac
791 2480 986 2549 tertio
1036 2480 1208 2549 mihi
1257 2481 1682 2562 ostendatur,
1741 2495 1816 2551 ut
1866 2493 1926 2551 te
1976 2503 2245 2552 mecum
2298 2504 2447 2553 esse
2486 2493 2667 2549 certo
2704 2483 2879 2550 scire

380 2590 617 2638 ossim.

330 2591 375 2659 p
419 2660 456 2744 ξ
507 2662 668 2728 28.
728 2663 990 2728 Interea
1039 2660 1418 2749 Episcopus
1467 2659 1583 2729 ille
1623 2660 1879 2729 divinis
1937 2660 2258 2748 precibus
2307 2660 2632 2728 attentius
2680 2680 2878 2726 vaca-

328 2746 472 2825 bat,
527 2746 614 2814 ab
656 2747 971 2815 omnium
1020 2747 1384 2817 hominurn
1436 2749 1924 2838 congressione
1986 2759 2312 2817 remotus.
2367 2752 2569 2817 Nocte
2640 2759 2871 2817 autem
2945 2763 2949 2767 ·

376 2856 506 2904 uae
546 2834 875 2924 deinceps
922 2849 1291 2906 consecuta
1338 2850 1462 2915 est,
1510 2860 1671 2907 cum
1710 2837 2037 2908 astitisset
2084 2837 2264 2905 idem
2305 2836 2421 2929 ille
2479 2837 2578 2904 vir
2630 2836 2871 2904 eadem

358 2926 554 2992 orma
601 2936 666 2993 et
713 2924 976 3003 babitu,
1030 2947 1168 3013 quo
1217 2936 1415 2994 antea
1464 2926 1651 2996 visus
1686 2926 1943 2995 suerat:
1996 2931 2176 3004 Jam,
2229 2925 2478 3011 inquit,
2528 2924 2649 2994 tibi
2699 2924 2864 3004 dixi,

334 3012 507 3080 nihil
561 3012 727 3081 mali
786 3026 849 3081 te
898 3036 1268 3113 passurum
1303 3036 1383 3083 ex
1426 3014 1510 3082 iis
1559 3037 1739 3100 quae
1772 3015 1893 3084 tibi
1944 3014 2319 3085 adversarii
2356 3015 2731 3083 minantur.
2765 3013 2875 3082 Ni-

331 3100 426 3168 hil
480 3101 693 3188 igitur
726 3123 1117 3191 suspicans,
1157 3115 1477 3193 prompto
1518 3104 1752 3173 animo
1782 3103 1869 3173 ad
1919 3104 2160 3173 urbem
2214 3102 2873 3192 Constantinopolim

334 3188 591 3260 venias.
645 3194 824 3259 Haec
874 3214 1036 3261 cum
1068 3191 1371 3265 dixisset.
1427 3191 1767 3262 discessit.
1822 3193 2066 3282 Episco
2119 3213 2203 3261 us
2255 3212 2409 3261 vero
2459 3213 2704 3262 rursus
2754 3197 2879 3259 Do-

333 3279 525 3346 mino
565 3279 822 3368 gratias
868 3280 1029 3371 egit,
1086 3300 1306 3366 neque
1353 3281 1733 3367 quicquam
1791 3280 2001 3351 alicui
2109 3280 2245 3358 ixit,
2315 3279 2431 3350 sed
2482 3280 2880 3369 expectabat

334 3378 563 3434 tamen
598 3368 1075 3438 revelationem
1114 3370 1405 3438 tertiam.
1440 3374 1642 3439 Nocte
1677 3370 1889 3460 igitur
1919 3380 2379 3455 consequente
2413 3368 2595 3437 idem
2628 3369 2731 3435 vir
2760 3390 2880 3457 ap—

336 3455 588 3545 paruit,
640 3457 759 3543 qui
824 3458 1103 3546 gravius
1150 3479 1309 3526 eum
1377 3458 1784 3549 increpans:
1853 3464 2249 3545 Quousque,
2304 3458 2553 3544 inquit,
2587 3476 2723 3524 non
2780 3457 2879 3524 vis

334 3543 612 3613 credere
650 3545 874 3614 verbis
924 3545 1098 3614 meis
1129 3566 1306 3634 quae
1330 3546 1576 3616 diebus
1592 3547 1713 3618 ·bis
1743 3546 2157 3638 complenda
2190 3549 2395 3615 sunt?
2442 3545 2881 3617 Proficiscere

333 3631 404 3700 in
454 3634 696 3702 urbem
749 3634 1006 3724 regiam
1060 3647 1377 3724 prompto
1408 3647 1473 3705 et
1507 3636 1720 3705 alacri
1770 3636 2040 3705 animo:
2096 3635 2290 3704 illinc
2323 3634 2508 3704 enim
2541 3655 2699 3704 curn
2736 3633 2883 3724 glo-

335 3721 442 3789 ria
483 3723 861 3802 reverteriS,
906 3744 1128 3810 neque
1173 3725 1547 3811 quicquam
1581 3724 1747 3794 mali
1778 3725 1864 3794 ab
1895 3724 2306 3794 adversariis
2341 3744 2590 3815 passus
2636 3721 2876 3802 fueris,

332 3832 493 3880 cum
545 3814 757 3880 Deum
805 3811 1039 3902 ipsum
1078 3822 1353 3902 propter
1385 3834 1496 3882 me
1543 3835 1818 3884 servum
1873 3835 2079 3884 suum
2131 3813 2230 3882 tui
2296 3834 2520 3912 propu
2570 3824 2881 3881 natorem

332 3898 614 3969 habeas.
669 3905 858 3970 Tunc
906 3901 1328 3991 Episcopus:
1384 3905 1676 3983 Quaeso,
1717 3902 1966 3989 inquit,
2004 3901 2288 3970 Domine
2341 3923 2460 3982 mi,
2558 3901 2655 3970 ic:
2713 3901 2881 3982 Quis

332 4009 407 4057 es
459 3999 534 4059 tu
592 3989 715 4077 qui
759 3989 933 4061 haec
981 4011 1253 4060 mecum
1307 3990 1661 4077 loqueris?
1708 3995 1880 4062 Tum
1952 3990 2068 4059 ille
2120 3990 2246 4060 ait:
2302 3995 2439 4081 Ego
2490 4010 2643 4061 sum
2722 3994 2884 4058 Bar-

332 4077 576 4158 nabae„
631 4077 1022 4169 discipulus
1056 4078 1329 4148 Domini
1362 4078 1576 4149 nostri
1605 4085 1771 4149 Jesu
1806 4078 2077 4160 Christi,
2124 4091 2523 4170 segregatus
2545 4101 2585 4147 a
2617 4078 2882 4167 Spiritu

335 4170 608 4249 Sancto,
660 4178 738 4236 ut
767 4189 911 4237 una
957 4189 1118 4237 cum
1165 4166 1380 4238 Paulo
1425 4168 1743 4257 Apostolo
1796 4168 2150 4238 electionis
2208 4190 2364 4237 vase
2414 4188 2674 4236 munus
2711 4172 2884 4257 Apo-

333 4254 657 4324 stolicum
707 4255 886 4325 inter
930 4269 1167 4347 gentes
1214 4276 1623 4326 exercerem.
1662 4257 1885 4348 Hujus
1934 4257 2032 4327 rei
2080 4256 2359 4356 signum
2404 4256 2533 4326 hoc
2582 4254 2876 4325 habeas:

335 4343 674 4434 Egredere
721 4355 910 4414 extra
954 4346 1201 4415 urbem
1243 4343 1681 4414 Occidentem
1713 4368 1948 4417 versus
1976 4345 2217 4416 stadiis
2256 4345 2591 4432 quinque,
2632 4345 2702 4412 in
2729 4364 2884 4411 eam

335 4433 688 4523 regionem
759 4454 938 4521 quae
994 4433 1318 4505 Sanitatis
1365 4433 1558 4506 locus
1621 4434 2011 4526 appellatur
2067 4435 2251 4524 (per
2299 4455 2407 4502 me
2468 4432 2652 4501 enim
2705 4436 2884 4500 Deus
