3357 4995
659 317 787 381 302
1312 335 1389 381 nn
1438 336 1493 381 s.
1548 265 1824 382 Amomo
1876 337 1913 380 A
1965 334 2173 380 unm
2224 332 2404 381 mero
2772 316 2992 382 JUNH
3046 316 3133 380 ⁴3

568 434 859 488 conatus
915 433 1308 518 perpetuus,
1363 431 1438 487 ut
1490 419 2112 507 perniciosissimas
2164 417 2610 508 vulpeculas,
2664 439 2843 504 quae
2890 418 3132 488 demo-

574 508 839 577 liuntur
872 529 1138 577 vineam
1179 509 1446 576 Domini
1498 508 1817 583 Sabaoth,
1887 529 2135 597 nempe
2186 507 2564 577 haereticos
2692 507 3000 576 stilentes
3062 518 3133 576 et

567 597 776 667 falsas
808 615 1042 665 eorum
1075 596 1449 675 doctrinas,
1490 619 1614 686 pro
1663 597 1930 667 viribus
1962 609 2420 687 oppugnaret,
2454 596 2573 664 fun
2633 597 2771 665 itus
2819 596 3132 665 destrue-

567 698 689 763 ret,
746 708 824 753 ac
874 684 1207 754 radicitus
1274 687 1662 786 extirparet.
1720 686 2251 755 Haeresiarchas
2299 684 2638 771 quosdam
2689 686 2757 752 in
2816 684 3120 773 publicis

563 773 1151 862 disputationibus
1182 775 1493 846 Arimini.
1547 775 1828 845 Tolosae
1874 788 1940 843 et
1989 774 2356 844 Mediolani
2409 773 2634 863 palam
2688 777 3005 852 convicit,
3056 785 3125 842 et

569 884 832 931 errores
863 884 1100 931 eorum
1164 884 1394 931 coram
1435 864 1765 933 omnibus
1813 863 2210 933 confutavit.
2272 863 2449 932 Adeo
2496 863 2680 931 enim
2741 863 3129 933 instructus

570 966 715 1021 erat
751 965 815 1020 et
846 952 1244 1021 efficacibus
1279 953 1658 1042 scripturae
1699 952 1971 1021 divinae
2019 952 2398 1032 sententiis,
2438 963 2504 1020 et
2547 951 2790 1021 solidis
2839 972 2917 1020 ac
2968 972 3126 1040 per-

569 1039 830 1129 spicuis
864 1041 1268 1120 rationibuS,
1324 1053 1400 1110 ut
1446 1042 1567 1127 qui
1620 1041 1913 1110 nefanda
1962 1054 2189 1110 essent
2245 1042 2508 1111 haeresi
2561 1040 2835 1119 imbuti,
2882 1059 3121 1109 coram

567 1129 687 1199 illo
734 1131 1130 1209 consistere,
1176 1142 1294 1198 aut
1331 1151 1407 1198 os
1454 1132 1722 1220 aperire
1755 1152 1886 1198 non
1939 1130 2294 1209 auderent,
2340 1130 2429 1198 ita
2460 1142 2537 1198 ut
2570 1129 2655 1198 ad
2701 1129 2901 1198 illum
2950 1151 3126 1215 quo-

565 1240 698 1303 que
748 1219 1083 1307 pertinere
1134 1218 1496 1299 videretur,
1549 1219 1732 1305 quod
1789 1220 2116 1288 Dominus
2153 1218 2467 1308 promisit
2498 1218 2867 1308 discipulis
2918 1218 3118 1288 suis:

570 1313 707 1396 qu
765 1309 932 1376 dabo
985 1309 1161 1375 vobis
1217 1329 1286 1374 os
1333 1319 1393 1375 et
1461 1310 1891 1398 sapientiam.
1950 1310 2065 1377 cui
2133 1328 2262 1375 non
2310 1310 2622 1397 poterunt
2685 1310 2992 1390 resistere
3056 1318 3123 1375 et

567 1398 1017 1464 contradicere
1063 1418 1284 1463 omncs
1318 1397 1699 1466 adversarii
1728 1399 1935 1465 vestri
1955 1398 2201 1485 (Lucae
2240 1396 2398 1483 xx1).
2447 1396 2806 1485 Detegebat
2859 1396 3117 1464 mirum

568 1485 638 1552 in
691 1484 971 1552 modum
1013 1481 1518 1554 haereticorum·
1559 1486 1837 1554 fraudes
1869 1498 1933 1554 et
1967 1486 2325 1564 versutiaS,
2365 1496 2655 1554 conatus
2696 1483 3109 1562 retardabat,

565 1594 828 1641 errores
856 1573 1357 1642 abominandos
1389 1597 1547 1644 cum
1586 1574 1803 1642 multa
1846 1573 2342 1663 vituperatione
2379 1572 2801 1642 traducebat.
2839 1578 2967 1642 Nec
3016 1572 3120 1640 sa-

566 1661 694 1729 cile
751 1683 1172 1748 quemquam
1221 1683 1299 1730 ea
1351 1675 1747 1752 tempestate
1819 1664 2092 1750 uspiam
2158 1662 2465 1730 invenire
2524 1661 2874 1741 licuisset,
2927 1660 3117 1747 quod

567 1750 714 1839 ipse
760 1772 1033 1836 quoque
1081 1751 1359 1839 publice
1409 1751 1779 1830 fatebatur..
1820 1752 1939 1837 qui
1977 1765 2113 1820 tam
2163 1751 2409 1820 acriter
2454 1765 2519 1819 et
2578 1761 2904 1840 perpetuo
2960 1748 3119 1818 illos

567 1839 1038 1919 insectaretur,
1093 1853 1370 1926 tamque
1417 1842 1818 1920 continuam
1874 1841 2366 1928 persecutionis
2411 1839 2783 1929 procellam
2824 1838 2961 1908 illis
2993 1859 3119 1906 ex—

565 1919 825 1995 citaret.
871 1928 1058 1996 Unde
1093 1927 1347 1997 factum
1397 1943 1518 2006 est,
1576 1941 1653 1998 ut
1689 1929 1947 2017 passim
1981 1929 2067 1998 ab
2093 1928 2421 1997 omnibus
2454 1927 2846 1998 indefessus
2878 1929 3117 1996 haere-

567 2019 843 2088 ticorum
890 2021 1180 2085 nialleus
1208 2017 1571 2087 diceretur.
1614 2023 1741 2086 Nec
1777 2019 1922 2086 sine
1957 2017 2184 2086 fructu
2225 2016 2353 2086 fuit
2395 2017 2587 2085 labor
2620 2017 2746 2085 viri
2790 2015 2927 2095 Dei,
2974 2015 3120 2115 ple-

564 2105 796 2191 risque
831 2105 1185 2175 haereticis
1215 2129 1372 2176 cum
1411 2107 1720 2196 ipsorum
1749 2106 2134 2175 fautoribus
2161 2107 2246 2174 ad
2288 2106 2632 2175 veritatem
2684 2119 2749 2173 et
2787 2104 3120 2174 obedien-

565 2194 725 2262 tiam
766 2207 1040 2263 sanctae
1083 2195 1332 2263 matris
1381 2195 1720 2264 Ecclesiae
1770 2196 2284 2264 revertentibus.
2322 2195 2512 2275 Quod
2566 2207 2637 2263 ut
2690 2195 2912 2293 magis
2955 2215 3113 2283 per-

565 2284 882 2372 spicuum
928 2284 1067 2361 fiat,
1125 2297 1392 2373 praeter
1440 2284 1662 2363 illum,
1716 2305 1920 2369 quem
1972 2284 2260 2352 Arimini
2311 2305 2717 2352 conversum
2777 2282 3109 2358 diximus,

567 2371 990 2441 Bonovillum
1028 2373 1329 2452 nomine,
1379 2372 1595 2441 alium
1640 2373 2010 2458 quemdam
2051 2373 2162 2441 hic
2194 2372 2900 2441 commemorabimus
2952 2371 3114 2439 hae-

559 2461 977 2530 resiarcham
1016 2461 1382 2551 insigniter
1414 2461 1864 2552 perfidiosum
1898 2483 2102 2548 quem
2134 2462 2233 2530 vir
2262 2461 2374 2530 Dei
2402 2460 2743 2551 stupendo
2776 2459 3116 2530 miraculo

558 2550 641 2618 ad
695 2552 1055 2619 sanitatem
1120 2551 1409 2620 reduxit.

647 2644 682 2725 ξ
725 2644 883 2710 28.
922 2645 996 2707 ln
1054 2641 1364 2728 partibus
1414 2640 1767 2709 Tolosanis
1813 2640 2229 2726 quandoque
2284 2638 2524 2707 incidit
2575 2639 2642 2707 in
2697 2638 3117 2728 disputatio-

554 2749 709 2795 nem
748 2730 1154 2797 acerrimam
1204 2751 1363 2796 cum
1416 2728 1882 2819 perfidissimo
1912 2729 2210 2814 quodam
2262 2728 2565 2797 haeresis
2613 2726 2986 2796 architecto
3015 2726 3108 2795 de

553 2816 905 2887 salutifero
955 2830 1381 2888 sacramento
1418 2818 1909 2887 Eucharistiae.
1962 2823 2117 2887 Jam
2170 2837 2344 2907 pene
2407 2817 2661 2885 vicerat
2721 2816 3104 2894 hominem,

556 2927 941 2994 parumque
988 2906 1265 2977 aberat.
1341 2907 1509 2992 quin
1565 2905 1681 2975 ille
1731 2906 2113 2975 Catholicae
2178 2906 2439 2974 veritati
2490 2904 2886 2983 accederet,
2948 2926 3110 2973 cum

553 3007 707 3093 post
742 2994 957 3063 multa
996 3007 1061 3062 et
1092 2994 1301 3073 varia,
1342 3016 1462 3084 per
1509 3016 1687 3081 quae
1725 2995 1906 3063 elabi
1944 2995 2310 3072 nitebatur,
2354 3016 2433 3062 ar
2486 3006 2789 3072 umenta,
2832 2994 2902 3061 in
2938 2993 3109 3062 haec

550 3083 666 3151 ille
718 3084 918 3152 verba
962 3084 1314 3172 prorupit:
1373 3085 1575 3153 Missa
1623 3083 1963 3153 faciamus
2013 3084 2242 3162 verba,
2295 3094 2361 3151 et
2398 3106 2438 3151 a
2540 3104 2648 3152 res
2687 3082 3050 3151 veniamus
3089 3105 3103 3148 :

550 3174 615 3240 Si
672 3172 1133 3240 tu·miraculo
1173 3182 1490 3241 testatum
1542 3170 1810 3243 efficere
1871 3172 2211 3262 potueris,
2267 3172 2335 3238 in
2388 3171 2818 3240 Eucharistia
2870 3192 3109 3239 verum

548 3261 784 3329 haberi
835 3283 1089 3349 corpus
1139 3260 1410 3339 Christi,
1463 3262 1652 3329 omni
1691 3260 1980 3349 perfidia
2013 3260 2350 3350 abjurata,
2399 3283 2554 3330 mox
2587 3259 2886 3328 cervices
2916 3279 3106 3327 meas

547 3349 932 3418 Catholicae
981 3348 1140 3416 fidei
1195 3349 1370 3438 jugo
1419 3350 1850 3419 submittam.
1908 3349 2287 3439 Respondit
2345 3350 2448 3417 vir
2509 3348 2622 3417 Dei
2676 3370 2837 3417 cum
2891 3346 3106 3416 multa

549 3438 846 3508 fiducia:
902 3460 938 3502 (ι
968 3436 1249 3506 Confido
1280 3437 1348 3505 in
1379 3438 1642 3508 Christo
1676 3438 2042 3518 Salvatore,
2076 3460 2183 3507 me
2222 3460 2343 3527 pro
2378 3438 2475 3507 tui
2516 3449 2581 3505 et
2621 3436 2916 3506 aliorum
2943 3456 3110 3504 con-

545 3528 859 3597 versione
899 3526 994 3605 id,
1029 3525 1215 3611 quod
1257 3526 1589 3616 postulas,
1630 3527 1718 3595 ab
1765 3528 1915 3616 ejus
1965 3526 2441 3596 misericordia
2490 3526 3105 3614 impetraturum.»

541 3622 711 3684 Tum
765 3636 1062 3702 surgens
1125 3615 1530 3696 haereticus,
1575 3629 1641 3686 et
1698 3638 1914 3686 manu
1976 3615 2329 3686 silentium
2392 3614 2731 3694 indicens,
2776 3615 2916 3683 ait:
2963 3617 3105 3702 Ego

529 3703 1329 3793 jumentum'quoddam
1396 3705 1720 3774 triduana
1788 3700 2018 3773 inedia
2089 3705 2501 3774 macerabo:
2561 3716 2711 3792 post
2788 3702 3095 3771 triduum

541 3814 695 3861 vero
745 3792 1123 3881 producam
1155 3793 1327 3862 illud
1362 3794 1430 3862 in
1469 3794 1709 3885 populi
1735 3806 2211 3883 conspectum,
2249 3806 2313 3861 et
2350 3804 2622 3882 paratas
2651 3814 2844 3862 escas
2871 3802 3106 3861 osten-

535 3882 695 3949 dam
729 3880 871 3949 illi:
911 3892 1120 3968 tuque
1168 3883 1383 3953 stabis
1430 3905 1512 3953 ex
1558 3883 1848 3953 adverso
1896 3906 2059 3951 cum
2112 3897 2225 3952 tuo
2262 3882 2403 3960 illo,
2443 3895 2518 3953 ut
2568 3880 2771 3961 dicis,
2809 3884 3105 3968 Corpore

534 3969 806 4037 Domini
841 3970 978 4038 :·Si
1017 3971 1417 4060 jumentum
1495 3973 1888 4063 posthabito
1943 3972 2197 4059 pabulo
2263 3993 2429 4050 suo,
2484 3968 2953 4061 properaverit
3012 3966 3101 4036 ad

534 4058 971 4128 adorandum
1025 4066 1235 4131 Deum
1286 4084 1517 4142 suum,
1573 4061 2089 4131 Ecclesiasticae
2138 4060 2298 4130 fidei
2349 4072 2528 4129 totus
2575 4058 2924 4128 accedam.
2982 4060 3106 4125 As-

457 4220 470 4233 *
534 4148 748 4217 sensit
798 4147 883 4219 iis
925 4149 1026 4217 vir
1061 4152 1174 4220 Dei
1215 4152 1479 4237 absque
1530 4172 1746 4220 mora.
1791 4156 1946 4219 Jam
1995 4150 2145 4217 dies
2196 4148 2544 4237 praefixus
2601 4147 2857 4225 aderat,
2911 4158 2977 4214 et
3032 4145 3105 4212 in

534 4236 831 4325 plateam
903 4238 1312 4309 latissimam
1372 4239 1684 4325 undique
1750 4238 1955 4307 fiebat
2006 4229 2369 4306 homin‘um
2434 4259 2841 4305 concursus.
2897 4233 3100 4303 Adest

526 4326 730 4395 etiam
785 4327 886 4396 vir
924 4330 1035 4397 Dei
1084 4329 1440 4407 Antonius,
1498 4328 1763 4419 ingenti
1798 4326 2305 4397 Catholicorum
2336 4326 2721 4414 frequentia
2756 4324 3095 4414 stipatus:

537 4438 662 4485 nec
725 4416 917 4486 abest
988 4418 1373 4489 haereticus
1432 4437 1592 4487 cum
1652 4416 2083 4502 nequissima
2154 4437 2441 4486 suorum
2515 4428 2820 4485 caterva.
2883 4417 3102 4501 Prope
