3357 4995
675 326 806 394 496
1291 343 1369 391 nn
1414 342 1788 390 murnum
1837 343 1893 388 s,
1948 340 2211 389 Jomms
2261 340 2439 386 BAPT.
2780 321 3004 387 JUNII
3050 323 3144 388 24-

591 442 657 498 et
697 441 1024 514 tanquam
1060 427 1181 514 qui
1231 427 1451 496 simus
1499 425 1978 496 sanctificandi
2028 447 2107 493 ex
2138 425 2282 493 sola
2317 423 2792 495 Praecursoris
2838 445 3150 494 comme-

594 517 972 587 moratione
1024 528 1324 584 nostram
1385 515 1830 585 ostendemus
1869 513 2261 583 audaciam.

682 614 720 686 ἓ
767 610 850 675 8.
904 604 1205 695 Agedum
1248 625 1411 694 ergo
1459 604 1639 672 diem
1676 604 1926 673 festum
1969 602 2297 692 deinceps
2346 601 2798 680 celebremus,
2827 600 2913 669 ad
2944 614 3148 670 nata-

592 695 726 764 lem
778 692 1261 763 honorandum
1313 693 1807 785 conveniamus
1856 691 2190 778 frequenti
2244 690 2709 771 multitudine,
2745 711 2876 758 non
2910 689 3145 760 solum

592 783 887 863 accolae,
908 782 1021 851 sed
1048 782 1251 850 etiam
1271 781 1591 851 universa
1615 781 1800 870 regio
1821 802 1995 866 quae
2019 780 2316 850 estcirca
2331 778 2728 848 Jordanem.
2767 778 3148 848 Videamus

593 871 1141 964 pulcherrimum
1195 869 1345 949 hoe,
1405 892 1657 939 novum
1712 882 1779 938 et
1825 868 2212 937 inauditum
2272 867 2707 957 mysterium.
2767 867 3148 939 Videamus

591 961 775 1048 quod
835 960 911 1028 {it
967 957 1469 1028 admirabiliter
1534 972 1599 1027 et
1650 970 1916 1047 praeter
1963 958 2389 1046 opinionem.
2461 957 2858 1025 Zachariam
2912 969 3149 1024 mente

590 1050 1150 1119 consideremus:
1207 1070 1313 1117 res
1362 1069 1633 1135 quoque
1684 1047 2110 1116 Elizabethae
2159 1068 2404 1116 rursus
2463 1046 2938 1115 confiteamur.
2992 1050 3144 1113 Non

591 1161 672 1207 ex
721 1137 1038 1208 obscuris
1085 1137 1317 1223 itaque
1414 1135 1792 1216 arentibus,
1848 1149 1922 1203 ut
1972 1134 2070 1203 vel
2120 1157 2200 1203 ex
2250 1134 2378 1202 hoc
2439 1134 2783 1206 maximus
2822 1133 3149 1203 ostenda-

600 1240 712 1297 tur
759 1233 1212 1296 Praecursor:
1268 1247 1338 1294 se
1448 1224 1547 1292 vel
1615 1246 1696 1292 ex
1745 1223 1940 1293 valde
1988 1223 2193 1292 claris
2241 1235 2306 1292 et
2351 1222 2751 1312 insignibus
2798 1223 3146 1312 originem

592 1316 856 1385 habuit.
912 1321 1077 1384 Nam
1116 1312 1285 1382 alter
1315 1313 1594 1401 quidem
1647 1326 1793 1382 erat
1841 1319 2083 1391 Aaron,
2141 1323 2417 1402 propter
2454 1334 2665 1381 canos
2717 1325 2782 1380 et
2829 1311 3142 1400 dignita-

593 1418 750 1484 tem,
799 1417 982 1472 veste
1030 1401 1317 1471 indutus
1357 1402 1787 1483 sacerdotali,
1846 1401 2194 1491 pectorali,
2235 1401 2545 1486 inquam,
2584 1415 2648 1469 et
2684 1401 3145 1489 superhume-

594 1494 745 1574 rali,
803 1492 994 1562 talari
1047 1491 1441 1560 cincinnata
1492 1490 1750 1570 tunica,
1802 1491 2021 1560 cidari
2072 1503 2137 1559 et
2183 1495 2353 1558 zona
2385 1545 2399 1571 ,
2458 1511 2636 1575 quae
2686 1512 2764 1557 ex
2813 1511 2984 1557 auro
3016 1542 3030 1567 ,
3074 1501 3149 1557 et

593 1582 912 1672 gemmiS‚
953 1594 1019 1649 et
1053 1579 1449 1669 hyacinthO,
1485 1593 1548 1648 et
1592 1582 1796 1669 bysso
1826 1592 2022 1648 erant
2057 1580 2345 1658 variata;
2384 1590 2449 1647 et
2494 1578 2593 1647 sic
2637 1577 3033 1665 ingrediens
3064 1578 3139 1645 in

594 1684 829 1740 sancta
878 1682 1275 1738 sanctorum
1321 1670 1388 1736 in
1444 1668 1585 1737 vice
1634 1668 2096 1737 sacrificandi.
3096 1670 3101 1674 ’

680 1762 717 1846 ξ
763 1764 854 1829 8.
910 1764 1117 1826 Mater
1155 1770 1382 1826 autem
1437 1762 1638 1826 Sarae
1687 1757 1905 1846 gloria
1954 1756 2262 1843 aequalis
2294 1811 2308 1836 ,
2365 1754 2462 1823 vel
2517 1756 2744 1855 potius
2793 1755 3137 1843 superior,

594 1860 671 1917 ut
719 1869 894 1934 quae
950 1859 1141 1916 esset
1201 1847 1712 1937 propinquitate
1760 1847 2128 1934 conjuncta
2182 1845 2295 1914 Dei
2345 1849 2563 1912 Matri.
2646 1850 2735 1912 Ex
2786 1843 3146 1912 sterilitate

595 1936 780 2005 enim
833 1935 1055 2026 gignit
1097 1956 1217 2023 per
1253 1934 1805 2024 promissionem,
1868 1957 2000 2002 non
2053 1940 2268 2014 Isaac,
2333 1933 2455 2019 qui
2508 1932 2637 2002 fuit
2688 1944 2967 2002 vocatus
3024 1933 3145 2000 Dei

594 2046 855 2104 servus,
892 2024 1005 2093 sed
1056 2029 1418 2104 Joannem,
1475 2024 1596 2109 qui
1666 2022 1796 2091 suit
1843 2022 2232 2112 appellatus
2285 2021 2557 2089 Domini
2618 2044 2821 2090 verus
2870 2032 2935 2089 et
2983 2043 3142 2111 ger—

597 2135 845 2182 manus
902 2112 1195 2180 amicus,
1237 2116 1286 2182 Ο
1321 2112 1621 2181 sterilem
1672 2124 1972 2192 uterum,
2017 2112 2136 2197 qui
2189 2110 2390 2179 talem
2454 2110 2830 2198 concepisti
2884 2109 3132 2178 filium.

597 2207 647 2271 Ο
696 2215 940 2272 terram
1000 2200 1502 2290 infrugiferam,
1557 2223 1733 2286 quae
1783 2200 1986 2269 talem
2037 2200 2301 2289 spicam
2356 2198 2764 2288 produxisti.
2805 2198 3139 2280 Quocirca

598 2312 732 2360 non
770 2302 872 2358 est
909 2289 1399 2370 dubitandum,
1441 2289 1607 2357 illud
1664 2288 1902 2368 Isaiae,
1942 2289 2148 2373 cujus
2179 2310 2300 2356 vox
2326 2298 2428 2356 est
2460 2287 2822 2367 altissima,
2853 2286 2939 2355 ad
2985 2308 3138 2355 eam

596 2400 873 2466 quoque
923 2400 1093 2447 novo
1119 2378 1416 2464 quodam
1444 2377 1646 2447 modo
1671 2377 1937 2464 eloqui:
1975 2382 2249 2446 Laetare
2281 2378 2532 2445 sterilis
2561 2399 2731 2476 quae
2762 2400 2891 2444 non
2917 2377 3130 2466 parix,

596 2490 866 2558 erumpe
897 2478 957 2536 et
991 2470 1235 2547 clama,
1264 2489 1438 2567 quae
1467 2490 1594 2538 non
1619 2469 1923 2558 parturis
1947 2491 1969 2535 .·
1998 2465 2178 2553 quod
2210 2465 2588 2555 produxisti
2616 2464 2837 2535 lilium
2868 2466 3139 2534 castita·

600 2558 707 2637 tis,
742 2579 963 2626 rosam
997 2556 1328 2657 spiritalis
1350 2555 1789 2647 fragrantiae,
1835 2568 2103 2646 pratum
2138 2556 2476 2625 bonorum
2507 2554 2753 2623 feracis
2779 2554 3139 2622 continen-

598 2647 753 2726 tiae,
808 2645 1181 2714 interdium
1235 2646 1573 2714 lucentem
1622 2645 1837 2714 facem
1874 2644 2117 2713 Christi
2151 2644 2520 2723 adventuS,
2556 2644 2900 2712 Joannem
2934 2666 2968 2711 a
3009 2647 3140 2711 Deo

594 2734 913 2816 electum,
970 2733 1257 2802 militem
1311 2734 1503 2824 regni
1551 2733 1887 2811 coelestis,
1943 2734 2283 2823 optimum
2317 2731 2562 2800 Christi
2607 2730 2944 2801 Ecclesiae
2982 2733 3140 2820 pro-

595 2827 892 2902 nubum,
950 2822 1222 2890 silentio
1272 2843 1406 2891 non
1460 2821 1936 2890 mandandum
1989 2834 2222 2891 testem
2258 2820 2411 2908 ejus
2443 2841 2621 2907 quae
2678 2843 2830 2890 vere
2872 2833 2972 2888 est
3021 2841 3136 2885 ve-

596 2913 857 2982 ritatis:
922 2916 1258 2979 Joannem
1308 2913 1637 2980 canorum
1693 2913 2098 3000 praeconem
2151 2909 2608 3000 poenitentiae
2679 2910 2828 2999 ejus
2890 2907 3006 2994 qui
3060 2907 3140 2974 in

596 3021 880 3089 corpore
927 3012 1028 3068 est
1069 2998 1366 3090 Angelus
1408 2998 1709 3068 Domini:
1764 2999 2213 3082 indicatorem
2276 2999 2447 3089 Agni
2494 2998 2617 3085 qui
2667 2998 2841 3067 tollit
2901 3017 3144 3087 pecca-

596 3100 742 3159 tum
799 3087 1066 3157 mundi.

684 3180 721 3264 ξ
767 3181 853 3248 4.
894 3180 1118 3261 Neque
1167 3198 1321 3246 vero
1372 3177 1712 3266 potuerim
1760 3177 1912 3266 ejus
1959 3174 2322 3265 complecti
2370 3174 2819 3265 dignitatem,
2873 3173 3146 3244 etiamsi

596 3265 800 3357 plura
850 3264 1130 3333 nomina
1179 3264 1371 3333 fuero
1411 3265 1812 3354 complexus
1862 3264 2256 3334 vocationis
2298 3263 2506 3333 Multa
2554 3265 2739 3332 enim
2786 3263 2992 3333 habet
3021 3284 3145 3331 no-

599 3354 814 3426 mina.
860 3363 922 3421 et
973 3352 1207 3442 plures
1235 3376 1505 3435 causaS,
1549 3355 1670 3441 qui
1722 3354 1814 3432 id,
1868 3353 2049 3441 quod
2100 3367 2201 3422 est
2251 3352 2656 3433 maximum,
2711 3365 2813 3422 est
2861 3353 3146 3422 sortitus

598 3454 866 3533 praeter
917 3463 1157 3511 omnes
1205 3443 1498 3513 christos
1552 3443 1843 3512 Domini.
1897 3449 2109 3529 Atque
2147 3442 2527 3510 honoratur
2573 3441 2855 3529 quidem
2927 3438 3147 3510 Isaaci

595 3552 871 3619 quoque
920 3530 1188 3617 antiqui
1240 3532 1540 3621 parentis
1582 3531 1852 3614 natalis,
1897 3553 2101 3618 quem
2152 3553 2311 3601 cum
2362 3531 2789 3620 concepisset
2838 3535 3029 3609 Sara,
3081 3540 3150 3599 et

596 3619 971 3711 peperisset
1023 3619 1243 3689 tilium
1295 3620 1361 3688 in
1416 3633 1787 3701 senectute,
1845 3621 2010 3690 haec
2060 3620 2197 3688 ait:
2254 3622 2412 3702 Quis
2452 3620 2890 3689 annunciabit
2931 3621 3150 3689 Abra-

598 3711 748 3788 hae,
805 3708 981 3809 quod
1021 3711 1199 3779 Sara
1248 3713 1456 3778 lactat
1501 3712 1724 3799 filium
1748 3711 1781 3778 P
1821 3709 2011 3798 (Gen.
2043 3708 2202 3798 xm).
2239 3707 2572 3790 Quocirca
2610 3729 2945 3799 magnum
2973 3729 3150 3795 quo-

595 3820 730 3885 que
761 3797 1031 3868 videtur
1077 3796 1299 3867 facere
1331 3799 1722 3868 convivium
1775 3798 1844 3865 in
1896 3798 2008 3867 die
2050 3798 2209 3885 ejus
2235 3798 2736 3868 ablactationis,
2775 3802 2853 3866 Et
2903 3819 3149 3866 rursus

596 3888 973 3956 honoratur
999 3886 1248 3957 natalis
1276 3889 1703 3976 sampsonis,
1736 3886 1856 3974 qui
1889 3892 2131 3955 Manue
2160 3900 2304 3956 erat
2332 3886 2477 3988 ipse
2515 3908 2789 3973 quoque
2829 3898 3035 3956 natus
3069 3907 3150 3954 ex

600 3975 1081 4067 promissione,
1120 3977 1335 4063 utqui
1371 3976 1763 4065 procederet
1791 3997 1870 4045 ex
1904 3976 2141 4045 sterili.
2180 3977 2327 4059 Qui,
2362 3977 2610 4063 inquit,
2659 3999 2790 4045 non
2833 3977 3006 4044 bibet
3045 3976 3148 4043 vi-

594 4087 758 4133 num
783 4075 844 4134 et
873 4067 1183 4146 siceram,
1223 4075 1286 4134 et
1317 4088 1445 4134 non
1471 4066 1762 4135 comedet
1796 4067 2158 4157 quicquam
2188 4066 2648 4134 immundum:
2681 4076 2742 4134 et
2796 4066 2825 4133 i
2867 4087 2936 4133 se
2981 4065 3149 4133 inci-

593 4155 733 4244 piet
756 4157 1024 4223 salvum
1051 4157 1278 4244 facere
1311 4154 1592 4245 (Israel)
1619 4178 1712 4224 ea>
1740 4177 1949 4223 manu
1978 4154 2518 4244 alieniqenarum
2549 4154 2689 4243 (Em
2707 4154 2798 4222 Ju
2849 4155 2931 4221 ic.
2965 4150 3139 4240 xm).

592 4245 940 4311 Praeterea
969 4254 1222 4323 autem,
1259 4254 1334 4311 ut
1356 4241 1650 4313 aliorum
1677 4243 1972 4312 natalem
2007 4243 2564 4332 praetermittam,
2602 4241 2943 4312 Samuelis
2968 4261 3144 4329 quo·

597 4352 732 4418 que
784 4330 1166 4400 honoratur
1202 4330 1451 4400 natalis
1498 4332 1616 4419 qui
1659 4355 1764 4412 ea,
1798 4354 1976 4419 quae
2022 4345 2240 4413 erant,
2277 4345 2433 4402 ante
2464 4331 2757 4409 videbat,
2793 4352 2998 4418 quem
3032 4350 3147 4420 pe·

599 4418 776 4509 perit
824 4418 1273 4490 celeberrima
1320 4425 1513 4489 Anna
1563 4422 1809 4491 marito
1857 4443 1983 4492 suo
2044 4421 2377 4497 Elcanae,
2431 4420 2823 4491 dedicatum
2877 4424 3009 4489 Deo
3057 4418 3148 4488 ab
