3357 4995
208 363 429 430 ιΙΠΝΙΙ
479 364 522 429 6
1051 383 1127 430 ΒΕ
1177 383 1231 430 s.
1287 380 1598 430 cnnwAto
1645 329 1946 430 Eiuscoro
2551 367 2665 432 ⁴51

213 467 339 553 qui
380 466 512 536 hoc
563 466 916 556 negotium
983 466 1362 556 prudenter
1408 477 1471 536 et
1520 465 1701 536 bona
1762 465 1898 536 fide
1959 466 2346 557 expediant.
2401 471 2763 540 Assensere

218 554 326 622 illi
370 554 610 625 fratres
657 575 919 636 omneS,
972 567 1038 625 et
1092 555 1289 626 electi
1346 568 1508 625 sunt
1566 566 1866 641 quatuor
1910 556 2032 642 qui
2082 556 2535 626 mitterentur.
2588 563 2763 627 Tan-

219 642 513 730 demque
541 643 921 734 postlonga
968 644 1233 713 itineris
1271 666 1553 714 emensa
1579 643 1824 734 spatia,
1865 644 2281 713 Corminiam
2315 645 2420 713 illi
2451 645 2756 728 veniunt,

220 730 558 802 illustrem
590 736 935 801 Mevorum
986 732 1267 813 adeunt,
1321 734 1615 802 salutem
1662 732 1928 812 dicunt,
1977 731 2340 823 legationis
2372 756 2539 804 suae
2572 756 2764 804 sum·

219 842 399 889 mam
464 820 843 911 explicant:
898 822 1095 908 ajunt
1146 835 1410 912 patrem
1475 820 1887 891 Gudwalum
1954 821 2023 889 in
2072 822 2225 911 ejus
2271 821 2446 891 fines
2496 823 2765 913 ingres-

214 930 396 985 sum,
454 931 589 978 non
642 922 717 978 ut
766 909 1139 979 violentum
1190 909 1602 991 invasorem,
1652 909 1770 980 sed
1820 909 2004 997 quod
2041 923 2346 1000 speraret
2397 911 2465 980 in
2514 910 2764 982 Christi

200 999 323 1086 jus
374 998 393 1065 i
453 1020 529 1069 so
576 998 993 1068 concedente
1033 1000 1466 1070 transituros.
1503 1004 1658 1068 Jam
1711 998 1906 1068 sedes
1946 1011 2126 1080 tuas,
2182 1000 2529 1085 inquiunt,
2568 1000 2762 1069 Chri-

208 1098 362 1155 stus
462 1085 883 1169 aereditavit,
912 1088 1057 1178 jam
1109 1086 1252 1158 illic
1305 1087 1637 1180 templum
1673 1110 1801 1157 suo
1827 1087 2047 1158 cultui
2077 1087 2395 1178 providit,
2428 1110 2592 1159 suos
2619 1088 2760 1158 illic

204 1173 469 1244 milites
519 1167 815 1264 collegit.

296 1265 336 1350 ἓ
382 1269 545 1336 10.
602 1268 781 1334 Haec
814 1264 934 1335 ubi
984 1264 1275 1336 illustris
1324 1270 1632 1335 Mevorus
1665 1265 1951 1346 audivit,
2009 1287 2295 1356 magnas
2331 1269 2462 1335 Deo
2497 1267 2760 1367 gratias

202 1352 372 1443 egit,
417 1352 605 1439 quod
640 1374 763 1423 nec
794 1353 1530 1444 publicaeauctoritate,
1587 1376 1714 1423 nec
1765 1354 2207 1424 inimicorum
2258 1353 2578 1425 violentia
2605 1355 2760 1445 ejus

204 1440 565 1530 praeclara
599 1441 1184 1514 haereditasesset
1212 1455 1542 1533 occupata
1572 1465 1586 1509 ε
1627 1443 1746 1511 sed
1776 1442 1961 1531 quod
1999 1443 2307 1513 Christus
2344 1444 2573 1533 potius
2600 1466 2755 1514 eam

204 1529 344 1598 sihi
390 1529 796 1600 dedicasset.
854 1531 1106 1602 Deinde
1169 1531 1411 1602 fratres
1480 1532 1604 1601 hos
1658 1532 1777 1601 itio
1842 1531 2128 1622 accepit,
2192 1553 2608 1619 omnemque
2654 1533 2758 1603 eis

207 1617 715 1689 humanitatem
771 1620 1131 1711 impendit.
1187 1625 1318 1690 Nec
1367 1642 1590 1690 merce
1641 1642 1678 1689 e
1731 1621 1954 1689 caruit
2020 1643 2100 1692 ea
2166 1620 2526 1711 hospitalis
2566 1622 2758 1691 beni-

138 1717 141 1720 ’
208 1707 463 1797 gnitas,
511 1719 577 1776 et
612 1708 909 1798 benigna
957 1708 1411 1799 hospitalitas.
1462 1715 1616 1779 Jam
1672 1731 1909 1778 novem
1961 1709 2163 1779 annis
2211 1731 2370 1779 cum
2425 1733 2629 1780 uxore
2664 1712 2759 1781 ita

208 1795 493 1876 vixerat,
550 1809 626 1865 ut
670 1797 1091 1866 matrimonii
1138 1797 1445 1884 quidem,
1496 1819 1577 1866 ea
1623 1809 1800 1884 quae
1848 1799 2041 1867 decet
2078 1799 2432 1899 conjuges,
2472 1800 2660 1878 interw
2687 1822 2759 1868 se

208 1884 682 1954 benevolentia
724 1899 788 1955 et
825 1886 1155 1957 charitate
1201 1899 1428 1958 essent
1456 1886 1831 1974 conjuncti,
1864 1888 1978 1956 sed
2023 1887 2364 1957 cubiculis
2394 1887 2768 1988 disjuncti.-

207 1977 415 2041 Erant
463 1995 619 2043 vero
660 1976 863 2044 ambo
896 1997 1117 2055 senes,
1158 1998 1282 2045 nec
1321 1976 1420 2044 eis
1453 1974 1598 2044 ulla
1644 1997 1724 2044 ex
1758 1976 2094 2066 coniugio,
2129 1975 2353 2066 proles
2385 1975 2745 2067 obttgerat.

203 2063 525 2151 Hospites
571 2085 651 2131 ea
692 2085 762 2131 re
795 2064 1093 2154 cognita,
1137 2086 1270 2133 non
1325 2064 1766 2133 immemores
1815 2065 2197 2155 insignium
2239 2085 2525 2155 operum
2575 2088 2754 2152 quae

252 2173 334 2219 er
370 2155 437 2220 S.
493 2150 904 2221 Gudwalum
977 2152 1226 2223 fecerat
1284 2153 1660 2232 Dominus,
1713 2164 2079 2239 antequam
2152 2153 2331 2222 irent
2377 2153 2743 2236 cubitum,

202 2172 396 2308 llunc
447 2241 515 2308 in
554 2240 837 2309 modum
888 2240 1042 2310 illos
1089 2256 1347 2311 secreto
1380 2240 1837 2341 compellant:
1902 2243 2171 2313 Scimus
2220 2264 2261 2311 a
2311 2242 2595 2312 Domino
2643 2243 2752 2312 di-

202 2341 469 2397 rectum
520 2349 670 2397 esse
718 2330 845 2398 iter
893 2335 1228 2408 nostrum,
1284 2343 1349 2399 et
1398 2330 1659 2404 merttis
1710 2331 1923 2420 patris
1952 2330 2226 2400 coelesti
2276 2330 2754 2402 benedictione

202 2437 330 2486 vos
378 2417 857 2507 perfruituros.
911 2419 1169 2490 Nostris
1203 2419 1414 2520 igitur
1464 2430 1691 2509 parete
1738 2419 2069 2500 consiliis,
2114 2433 2181 2488 et
2231 2419 2356 2488 hac
2390 2434 2587 2489 nocte
2636 2443 2749 2489 ca-

202 2519 394 2575 stum
426 2512 540 2576 vos
566 2508 796 2577 cubile
845 2510 1099 2598 pariter
1145 2509 1458 2599 excipiat.
1506 2514 1638 2578 Nos
1672 2509 1936 2578 meritis
1988 2509 2198 2609 patris
2250 2509 2463 2579 nostri
2515 2531 2752 2600 preces
2865 2544 2868 2549 ·

202 2608 477 2665 nostras
516 2584 919 2686 jungemuS,
962 2610 1028 2666 et
1086 2598 1260 2667 bene
1292 2619 1654 2686 speramus
1695 2599 1764 2666 in
1816 2596 2287 2667 misericordia
2321 2598 2461 2677 Dei,
2499 2598 2752 2667 charae

201 2683 422 2773 prolis
455 2685 649 2754 vobis
704 2706 961 2755 munus
997 2685 1424 2756 adfuturum.
1480 2686 1709 2756 Primo
1756 2686 2037 2773 quidem
2089 2686 2191 2755 illi
2231 2697 2748 2776 opponunt.se-

202 2773 319 2842 nio
356 2795 600 2863 graves
648 2795 890 2846 annos.
946 2775 1218 2844 tandem
1271 2787 1500 2844 tamen
1550 2776 2022 2863 acquiescunt.
2078 2780 2156 2844 Et
2202 2797 2359 2845 ecce
2406 2776 2746 2863 intempe-

201 2873 344 2930 stae
393 2863 616 2932 noctis
675 2863 943 2933 silentio
994 2868 1059 2933 S.
1114 2862 1486 2935 Gudwalus
1534 2864 1605 2933 in
1653 2864 1914 2935 visione
1962 2875 2137 2933 astat
2188 2875 2538 2934 matronae
2593 2863 2693 2932 illi
2725 2919 2742 2946 ,

200 2949 619 3037 indicatque*
645 2952 708 3019 ei
735 2952 1164 3035 nasciturum
1195 2974 1275 3022 ex
1322 2953 1473 3043 ipsa
1521 2952 1772 3022 filium.
1823 2952 2037 3023 Jubet
2085 2964 2339 3033 autem,
2377 2966 2452 3022 ut
2486 2952 2748 3022 Simeo-

201 3039 312 3107 nis
356 3039 421 3107 ei
461 3061 712 3109 nomen
764 3041 1094 3131 imponat,
1147 3054 1212 3111 et
1280 3041 1414 3131 ipsi
1465 3041 1664 3111 illum
1726 3041 1946 3111 tradat
1993 3041 2458 3121 educandum,
2516 3042 2588 3111 in
2639 3041 2748 3109 di-

199 3129 357 3196 vino
407 3128 682 3197 servitio
732 3151 1290 3218 permansurum.
1329 3136 1522 3199 Mane
1556 3130 1900 3219 proficisci
1935 3130 2321 3202 volentibus
2352 3130 2565 3199 servis
2601 3130 2742 3210 Dei,

198 3216 319 3303 qui
360 3216 530 3286 haec
574 3218 1071 3304 praedixerant,
1126 3219 1426 3289 occurrit
1475 3229 1812 3300 matrona,
1865 3219 2122 3309 gratias
2178 3240 2217 3287 a
2273 3219 2342 3299 it,
2405 3218 2745 3290 visionem

197 3306 499 3393 exponit.
552 3307 863 3375 Occurrit
918 3308 1133 3376 etiam
1199 3312 1547 3383 Mevorus,
1607 3313 1956 3395 Deumque
2023 3309 2196 3377 bene
2250 3308 2461 3387 icenS,
2533 3329 2745 3397 spon-

199 3392 311 3463 det
358 3415 432 3464 se
477 3394 703 3464 fllium
755 3408 1117 3486 postquam
1169 3409 1372 3465 natus
1407 3394 1649 3477 suerit,
1695 3417 1858 3466 cum
1906 3397 2096 3465 omni
2147 3395 2563 3465 haereditate
2615 3401 2747 3465 Deo
2821 3455 2825 3460 .

196 3493 261 3551 et
308 3482 507 3552 beato
545 3482 876 3554 Gudwalo
909 3485 1075 3555 ratis
1123 3483 1394 3575 legibus
1423 3484 1845 3555 oblaturum.
1900 3486 2021 3554 His
2075 3484 2166 3553 ita
2215 3485 2447 3574 gestiS,
2503 3483 2748 3554 fratres

198 3570 282 3639 ad
315 3594 525 3641 suum
563 3573 1060 3643 monasterium
1115 3573 1670 3664 proficiscuntur,
1724 3578 1788 3642 S.
1844 3573 2174 3643 Gudwalo
2221 3572 2463 3663 ordine
2510 3573 2748 3641 omnia

196 3659 528 3742 referunt,
581 3672 646 3729 et
693 3684 853 3731 cum
902 3682 982 3732 eo
1031 3663 1298 3763 pariter·
1342 3661 1762 3733 benedicunt
1801 3666 2039 3732 Deum.
2095 3667 2173 3733 Et
2226 3675 2543 3731 matrona
2591 3662 2746 3748 qui-

199 3748 352 3819 dem
388 3749 513 3818 illa
560 3749 785 3818 filium
820 3764 1106 3841 pepertt,
1148 3750 1674 3839 Simeonemque
1722 3750 1861 3820 dici
1909 3750 2146 3822 voluit.

156 3842 165 3853 '
282 3840 321 3924 ἓ
368 3843 504 3911 11.
559 3837 829 3925 Aliquot
881 3839 1043 3909 inde
1087 3839 1377 3911 evolutis
1423 3840 1627 3911 annis
1662 3895 1678 3921 ,
1743 3862 2008 3910 memor
2075 3841 2318 3910 beatus
2368 3838 2748 3909 Gudwalus

196 3926 599 4017 sponsionis
639 3927 913 4010 Mevori,
956 3927 1215 4020 legatos
1262 3928 1349 3998 ad
1398 3950 1558 3998 eum
1608 3929 1841 3999 denuo
1874 3929 2119 3999 mittit:
2163 3930 2284 4016 qui
2327 3928 2397 3997 in
2449 3928 2602 4019 ipso
2637 3928 2749 3997 iti·
2829 3940 2842 3957 ·

196 4037 356 4084 nere
407 4037 533 4106 per
580 4015 1043 4086 vastissimam
1078 4016 1519 4087 ambulantes
1553 4017 1844 4106 sylvam,
1889 4017 1977 4087 ab
2018 4018 2393 4108 improviso
2428 4017 2750 4087 incidunt

198 4103 266 4172 in
313 4103 654 4173 latrones:
708 4105 934 4192 quiin
977 4105 1133 4175 illos
1172 4127 1330 4175 mox
1381 4106 1681 4187 irruunt,
1736 4105 2063 4196 praedam
2114 4109 2420 4198 opimam
2478 4128 2560 4176 ex
2608 4104 2749 4174 illis

196 4192 414 4284 captis
440 4192 579 4263 sibi
609 4191 865 4263 frustra
915 4193 1338 4285 pollicentes,
1375 4198 1544 4265 Nam
1570 4194 1814 4264 fratres
1846 4194 2288 4286 imperterriti
2325 4207 2567 4285 coepto
2598 4215 2751 4284 per-

196 4293 366 4371 gunt
413 4281 681 4363 itinere,
734 4294 801 4351 et
849 4282 1155 4373 psalmos
1190 4302 1563 4375 precesque
1590 4288 1722 4353 Deo
1752 4283 2135 4365 offerenteS,
2175 4283 2367 4354 illius
2391 4304 2591 4374 opem
2626 4303 2750 4372 per

198 4369 505 4440 Gudwali
552 4370 769 4461 patris
815 4371 1062 4441 merita
1131 4371 1530 4463 implorant.
1595 4377 1673 4441 Et
1717 4393 1875 4441 ecce
1925 4372 2253 4441 teterrimi
2304 4371 2406 4441 illi
2455 4370 2750 4443 nebulo-

200 4479 341 4540 nes,
377 4472 712 4548 tanquam
748 4459 812 4528 vi
860 4459 1161 4548 quadam
1211 4472 1389 4531 retro
1422 4459 1705 4551 repulsi,
1735 4458 1902 4552 fuga
1928 4459 2358 4541 dilabuntur,
2398 4459 2749 4547 simulque
