3357 4995
693 321 820 387 608
1320 337 1401 386 nn
1450 340 1504 388 s.
1557 337 1891 388 AN'rnssfflo
1939 339 2172 388 natue.
2227 339 2426 387 Emsc.
2785 322 2824 385 J
2839 321 3008 387 UNII
3063 322 3148 386 26

1196 535 1296 600 DE
1347 536 1815 614 QUIBUSDAM
1869 535 2309 602 MIRACULIS
2358 532 2548 601 EJUS

1088 768 1299 825 QUAE
1347 766 1701 824 ALIQUOT
1760 768 1997 815 LOCIS
2057 767 2656 816 CONTRAmes.

688 957 726 1043 ξ
773 961 849 1028 1.
905 955 1043 1024 Etsi
1092 975 1252 1024 vero
1304 975 1438 1023 non
1489 954 1715 1044 impar
1743 967 1918 1024 esset
1967 955 2251 1035 meritiS,
2287 977 2411 1024 nec
2459 959 2591 1025 Deo
2641 956 2878 1026 minus
2903 966 3150 1055 gratus

605 1045 847 1114 beatus
877 1043 1282 1114 Anthelmus
1313 1043 1659 1134 plerisque
1710 1043 2047 1114 miracula
2088 1042 2519 1117 facientibus,
2573 1055 2871 1114 attamen
2899 1066 2975 1112 1n
3010 1044 3153 1114 vita

592 1155 732 1204 sua
780 1131 969 1202 haud
1019 1154 1218 1202 secus
1252 1145 1457 1220 atque
1517 1143 1775 1222 pestem
1823 1131 2201 1219 quamdam
2250 1132 2322 1201 id
2369 1132 2581 1202 vitare
2628 1132 3009 1213 constituit,
3069 1155 3156 1201 ne

603 1234 889 1292 sanctus
936 1219 1301 1291 diceretur.
1350 1226 1496 1291 Non
1542 1220 1731 1289 enim
1781 1220 1850 1289 in
1902 1242 1973 1289 se
2022 1219 2306 1311 gloriari
2367 1219 2485 1289 ille
2536 1235 2837 1304 noverat,
2892 1220 3014 1290 sed
3079 1222 3149 1289 in

604 1302 929 1381 Domino:
992 1332 1117 1380 nec
1170 1330 1472 1397 aequum
1521 1309 2007 1390 arbitrabatur,
2063 1321 2139 1379 ut
2192 1308 2714 1379 efficiendorum
2768 1308 3147 1379 miraculo-

606 1421 761 1469 rum
822 1400 1112 1489 gratiam
1165 1397 1299 1467 sibi
1358 1409 1729 1487 usurparet
1761 1397 1908 1487 ipse
1947 1397 2277 1498 indignus
2322 1398 2448 1487 (ita
2487 1398 2690 1489 ‘enim
2733 1397 2820 1467 de
2868 1420 2940 1469 se
2998 1419 3153 1468 sen·

604 1487 841 1575 tiebat)
888 1499 1225 1589 peccator.
1264 1485 1392 1555 Sed
1425 1485 1700 1555 interim
1754 1498 1980 1555 tamen
2028 1487 2318 1557 eximiae
2365 1487 2650 1557 virtutes
2675 1499 2741 1555 et
2790 1485 3153 1577 praeclara

604 1597 811 1665 opera
857 1597 1034 1663 eJuS,
1089 1574 1429 1645 miracula
1476 1587 1704 1644 erant:
1743 1587 1808 1644 et
1841 1574 1997 1645 licet
2030 1574 2145 1644 ille
2193 1597 2265 1643 se
2297 1574 2569 1655 celaret,
2625 1596 2762 1645 non
2799 1575 3005 1665 pauci
3050 1588 3152 1644 ta—

606 1685 764 1733 men
804 1664 953 1751 ejus
1003 1663 1267 1733 meritis
1316 1685 1387 1732 se
1422 1685 1696 1733 sensere
1731 1662 2062 1734 molestiis
2110 1663 2453 1735 liberatos.
2510 1670 2726 1746 Quam
2778 1686 2937 1734 vero
2969 1664 3154 1733 cele·-

605 1753 769 1822 riter
798 1751 970 1823 fides
1017 1753 1168 1843 ejus
1215 1764 1447 1841 optata
1489 1753 1874 1842 impetrarit
1905 1775 1945 1822 a
1994 1753 2306 1832 Domino,
2356 1774 2437 1822 ex
2469 1775 2571 1833 eo,
2625 1752 2811 1840 quod
2862 1752 3150 1842 subjici-

605 1862 787 1922 muS,
842 1853 1062 1930 potest
1102 1840 1439 1910 miraculo
1471 1840 1949 1910 animadverti.
1988 1845 2155 1910 Cum
2205 1841 2318 1910 die
2364 1841 2665 1928 quodam
2697 1840 2825 1911 iter
2867 1840 3141 1921 faceret,

602 1952 742 2016 qua
769 1930 1187 1999 transiturus
1219 1941 1385 2009 erat,
1423 1930 1633 1999 miser
1659 1928 1944 2015 quidam
1959 1929 2234 2019 jacebat
2264 1929 2492 2011 hom0,
2530 1941 2909 2020 aserpente
2937 1930 3144 1999 ictus.

604 2023 671 2087 Is
720 2039 980 2089 veneno
1028 2041 1100 2088 se
1149 2039 1270 2108 per
1328 2039 1582 2107 corpus
1631 2017 2082 2097 diffundente,
2140 2040 2377 2089 versus
2432 2019 2501 2087 in
2547 2031 2913 2098 tumorem,
2955 2040 3148 2089 acer-

603 2105 1396 2187 bissime‘cruciabatur,
1451 2106 1624 2175 nihil
1677 2106 1811 2175 nisi
1862 2119 2148 2175 mortem
2183 2118 2573 2198 expectans.
2627 2108 3021 2178 Venientem
3058 2106 3145 2176 ad

604 2217 765 2265 eum
811 2196 1042 2266 locum
1094 2196 1314 2265 virum
1365 2196 1480 2264 Dei
1530 2195 1820 2264 orabant
1863 2196 1983 2282 qui
2032 2194 2339 2275 aderant,
2385 2209 2463 2266 ut
2507 2195 2878 2286 paululum
2915 2196 3146 2268 subsi-

603 2296 829 2366 steret,
885 2296 1393 2375 praestaretquc
1425 2283 1821 2363 consilium,
1876 2283 2044 2371 quid
2094 2284 2380 2354 remedii
2428 2296 2605 2356 esset
2629 2284 2906 2354 homini
2953 2284 3142 2354 cala·

606 2373 849 2443 mitoso
897 2372 1397 2443 adhibendum.
1452 2378 1623 2441 Tum
1655 2371 1770 2441 ille
1818 2374 2141 2444 misertus
2188 2375 2362 2463 ejus,
2409 2395 2542 2443 non
2595 2374 2746 2443 sine
2807 2374 3141 2462 lacrymis

606 2461 841 2532 Crucis
889 2463 1166 2554 signum
1220 2462 1289 2532 in
1339 2483 1500 2532 eum
1550 2461 1921 2551 expressit:
1977 2484 2268 2549 moxque
2297 2475 2524 2533 tumor
2572 2476 2639 2532 et
2684 2461 2883 2532 dolor
2913 2464 3142 2533 omnis

603 2553 903 2620 evanuit.
961 2551 1256 2641 Dignum
1320 2573 1486 2621 sane
1532 2564 1678 2620 erat
1735 2561 1810 2619 ut
1871 2551 2180 2620 Christus
2231 2563 2506 2641 propter
2553 2574 2827 2621 servum
2881 2575 3137 2632 suum,

602 2639 724 2725 qui
769 2661 1044 2709 crucem
1103 2661 1302 2709 suam
1361 2639 1631 2720 tollens,
1687 2639 1920 2729 ipsum
1969 2651 2248 2710 secutus
2280 2654 2446 2721 erat,
2498 2655 2561 2709 et
2610 2662 2888 2710 carnem
2940 2662 3141 2710 suam

604 2728 1036 2799 crucifixerat
1093 2750 1254 2798 cum
1315 2729 1500 2798 vitiis
1566 2741 1633 2796 et
1680 2728 2292 2819 concupiscentii5‚
2347 2729 2582 2798 Crucis
2645 2729 3029 2798 ministerio
3078 2744 3142 2797 et

602 2815 788 2886 mala
837 2816 1138 2909 pelleret,
1179 2828 1247 2886 at
1284 2817 1466 2886 bona
1514 2816 1905 2906 largiretur.
1946 2818 2385 2886 Severissime
2434 2831 2662 2887 autem
2715 2818 2818 2886 vir
2849 2819 2962 2887 Dei
2990 2840 3144 2906 pro-

607 2905 835 2975 hibuit
881 2906 1110 2985 sociis,
1183 2927 1269 2974 ne
1319 2907 1433 2975 cui
1482 2904 1902 2974 indicarent:
1956 2907 2239 2975 caeteris
2287 2928 2558 2993 quoque
2605 2907 2726 2992 qui
2787 2905 2929 2975 illic
2986 2906 3150 2975 ade-

594 3009 777 3075 rant,
831 2994 1123 3075 dicebat,
1193 2994 1307 3062 Dei
1361 2993 1697 3063 beneficia
1759 3016 1892 3063 non
1944 2995 2091 3065 suis
2162 2996 2448 3074 meritis,
2505 2994 2619 3064 sed
2675 2995 2955 3065 illorum
3007 2994 3149 3064 fide

606 3083 970 3173 impetrata
1001 3139 1016 3164 ‚
1090 3105 1177 3151 ne
1224 3083 1358 3153 sibi
1405 3082 1810 3152 ascribenda
1890 3096 2224 3172 putarent.
2283 3090 2509 3170 Neque
2556 3084 2738 3153 enim
2791 3096 3152 3173 tantopere

604 3169 718 3241 fur
766 3171 833 3240 in
879 3171 1058 3242 furto
1093 3170 1518 3260 deprehendi
1558 3170 1977 3250 reformidat,
2032 3195 2240 3259 quam
2293 3174 2405 3241 hic
2451 3173 2553 3240 vir
2592 3186 2874 3241 sanctus
2923 3172 3148 3242 homi·

602 3282 772 3329 num
828 3260 1153 3329 laudibus
1188 3259 1558 3329 celebrari:
1613 3261 1872 3350 quippe
1918 3262 2036 3346 qui
2089 3283 2220 3330 non
2271 3262 2429 3340 alio,
2488 3283 2696 3347 quam
2737 3262 3144 3352 peccatoriS,

608 3347 759 3417 loco
807 3371 879 3417 se
919 3349 1220 3418 haberet.

693 3439 731 3523 ξ
782 3442 871 3507 2.
926 3443 1290 3524 Postquam
1343 3435 1571 3507 autem
1612 3460 1692 3506 ex
1744 3438 1989 3506 mundi
2038 3437 2248 3526 hujus
2295 3439 2591 3529 caligine
2650 3438 2736 3508 ad
2788 3438 2977 3509 illam
3039 3438 3150 3507 lu-

605 3547 752 3595 cem
784 3528 1278 3616 sempiternam
1327 3526 1582 3596 commi
1634 3540 1934 3607 taverat‚
1975 3530 2307 3596 Dominus
2356 3550 2490 3597 non
2540 3540 2644 3597 est
2690 3549 2936 3618 passus
2985 3548 3152 3596 san-

604 3624 793 3683 ctum
831 3638 1062 3697 suum,
1121 3614 1243 3701 qui
1306 3636 1379 3685 se
1426 3636 1596 3684 occu
1631 3627 1907 3695 taverat‚
1963 3615 2228 3685 diutius
2276 3617 2344 3684 in
2395 3616 2688 3686 obscuro
2740 3617 2973 3696 latere,
3028 3616 3146 3686 sed

601 3701 1034 3775 evidentibus
1085 3703 1577 3773 miraculorum
1613 3704 1832 3794 signis
1871 3704 2020 3791 ejus
2069 3705 2499 3774 sanctitatem
2533 3706 2929 3775 declaravit.
2977 3707 3143 3772 Nam

603 3813 762 3860 cum
821 3793 973 3882 ejus
1029 3792 1451 3862 venerabiles
1489 3791 2001 3862 celebrarentur
2054 3793 2398 3880 exequiae,
2452 3806 2514 3863 et
2564 3816 2840 3865 sacrum
2889 3813 3149 3881 corpus

603 3893 1051 3951 monumento
1079 3881 1511 3960 conderetur,
1545 3901 1623 3949 eo
1665 3881 1836 3960 loco,
1877 3881 1997 3951 ubi
2033 3880 2397 3952 humatum
2440 3896 2562 3962 est,
2602 3896 2738 3952 tres
2784 3880 3151 3972 lampades

605 3980 824 4048 erant,
867 3990 1044 4056 quae
1094 3991 1230 4039 non
1281 3970 1604 4050 interdiu,
1645 3970 1763 4040 sed
1801 3970 2120 4041 noctibus
2148 3971 2431 4041 accendi
2474 3971 2805 4050 solebant,
2838 3981 3150 4060 praeter-

601 4078 811 4144 quam
862 4058 931 4126 in
994 4057 1385 4148 praecipuis
1436 4059 2009 4131 solemnitatibus.
2064 4064 2222 4129 Erat
2272 4061 2484 4150 igitur
2531 4060 2733 4130 etiam
2807 4060 2978 4128 haec
3035 4081 3147 4128 so-

601 4143 1347 4237 lemnitaspraeclara‚
1384 4169 1521 4218 non
1569 4147 1857 4230 funeris,
1912 4149 2030 4217 sed
2063 4149 2422 4240 triumphi.
2478 4154 2647 4219 Ecce
2692 4148 2906 4225 euim,
2975 4146 3154 4218 dum

602 4235 833 4305 cuncti
883 4234 969 4305 ad
1018 4233 1291 4306 s‘acrum
1327 4234 1541 4306 funus
1573 4237 1819 4306 intenti
1868 4252 2053 4316 sunt,
2108 4237 2339 4307 vident
2388 4239 2459 4308 in
2509 4260 2650 4307 una
2695 4259 2774 4305 ex
2823 4236 2912 4306 iis
2969 4235 3155 4306 lam-

601 4323 902 4413 padibus
933 4324 1164 4416 ignem
1200 4324 1542 4395 immenso
1591 4324 1858 4395 lumine
1890 4347 2278 4396 coruscare.
2336 4327 2854 4397 Admirantibus
2904 4324 3054 4397 illis
3087 4340 3156 4396 et

602 4413 1080 4504 stupentibuS,
1150 4414 1356 4484 etiam
1405 4413 1579 4485 aliae
1626 4414 1806 4485 duae
1853 4413 2185 4485 divinitus
2243 4414 2737 4496 accenduntur,
2792 4413 3153 4501 simulque
