3357 4995
555 303 684 369 348
1040 321 1118 367 nn
1165 321 1258 368 ss.
1311 318 1477 378 v110,
1533 318 1915 368 canscsmrta
1962 321 2038 368 nr
2085 319 2367 370 nonsssro
2664 304 2885 371 JUNII
2938 307 3023 370 ²¹5

467 406 812 475 venissent
857 403 941 474 ad
994 402 1255 484 locum,
1322 423 1526 490 quem
1574 402 1911 473 daemone
1962 404 2308 475 indicante
2355 405 2763 487 didicerant,
2825 407 3026 476 inve-

470 506 722 564 nerunt
768 492 1017 563 Christi
1050 490 1375 561 athletam
1395 491 1594 581 juxta
1616 492 1935 573 fluvium,
1974 494 2343 563 Dominum
2370 508 2789 576 exorantem,
2821 493 3022 566 dixe-

468 596 767 669 runtque
792 581 878 650 ei:
907 587 1137 649 «Tune
1161 601 1234 649 es
1259 580 1522 649 Vitust»
1567 582 1943 671 Respondit
1970 581 2107 651 ille:
2142 588 2324 674 «Ego
2361 606 2594 653 sum.»
2623 583 2869 653 Milites
2922 584 3030 653 di-

470 682 740 742 xerunt:
769 669 1215 760 «Imperatori
1235 690 1308 738 es
1347 670 1845 743 necessarius.»
1889 676 1954 741 S.
2006 673 2198 742 Vitus
2225 674 2341 741 ait:
2375 677 2496 741 «Et
2533 694 2659 763 ego
2709 671 3029 742 tantillus

470 759 844 831 homuncio
870 781 1004 846 qua
1053 758 1122 827 in
1178 779 1246 827 re
1274 779 1557 847 possum
1591 760 1997 849 Imperatori
2026 782 2173 832 esse
2216 761 2645 832 necessarius
2665 765 2736 829 t»
2771 761 3025 831 Milites

470 848 1019 940 responderunt:
1074 845 1333 916 «Filius
1380 846 1529 946 ejus
1577 869 1618 916 a
1657 846 1991 919 daemone
2041 862 2357 949 arreptus
2404 861 2527 930 est,
2579 860 2644 919 et
2676 871 2756 919 ea
2805 854 3027 919 causa

471 950 534 1008 te
564 938 775 1008 voluit
807 936 894 1006 ad
945 935 1141 1005 illum
1183 933 1537 1026 perduct.»
1590 940 1881 1007 Sanctus
1929 937 2120 1007 Vitus
2147 952 2264 1007 ait:
2294 943 2598 1008 «Eamus
2622 939 2696 1007 in
2743 940 3030 1008 nomine

478 1027 818 1096 Domini.»
871 1025 999 1095 Ubi
1038 1030 1324 1093 Romam
1372 1037 1746 1106 venerunt,
1795 1026 2038 1116 jussus
2084 1039 2185 1095 est
2232 1027 2315 1095 ad
2370 1027 2862 1098 Diocletianum
2918 1028 3030 1095 in-

473 1116 765 1186 troduci.
818 1119 976 1183 Erat
1028 1135 1182 1182 vero
1223 1112 1442 1182 forma
1492 1111 1723 1182 vultus
1770 1115 1922 1203 ejus
1970 1114 2382 1205 cumprimis
2428 1116 2708 1206 elegans
2744 1171 2759 1196 ,
2807 1116 3032 1185 instar

473 1205 658 1295 ignis
707 1203 1103 1294 splendenS,
1164 1213 1230 1271 et
1275 1200 1460 1270 oculi
1509 1213 1837 1289 tanquam
1890 1202 2055 1273 solis
2106 1204 2332 1273 radii:
2386 1204 2646 1295 quippe
2706 1205 2827 1291 qui
2879 1203 3028 1295 ple-

476 1316 609 1364 nus
656 1304 832 1362 esset
872 1290 1120 1361 Christi
1154 1291 1399 1380 gratia.
2143 1296 2158 1308 ·

564 1385 600 1470 ξ
648 1385 729 1454 S.
785 1386 975 1449 Tunc
1008 1399 1079 1447 re
1132 1391 1284 1448 ente
1310 1378 1601 1449 daemon
1644 1401 1767 1470 per
1813 1401 1890 1449 os
1920 1380 2179 1452 obsessi
2230 1380 2355 1450 filii
2393 1381 2835 1474 Imperatoris
2861 1382 3026 1451 hor-

477 1462 767 1540 rend‘um
823 1469 893 1537 in
945 1489 1055 1536 mo
1109 1490 1228 1537 um
1265 1467 1644 1537 exclamat:
1685 1472 1743 1537 0
1796 1468 1962 1550 Vite,
2019 1492 2146 1539 cur
2183 1484 2339 1539 ante
2387 1482 2664 1560 tempus
2723 1472 2818 1540 ita
2865 1494 3027 1540 cru-

473 1559 715 1629 deliter
767 1579 874 1626 me
921 1559 1250 1642 torques?
1298 1561 1465 1626 Cum
1514 1569 1747 1626 autem
1796 1572 2077 1628 sanctus
2128 1560 2318 1628 Vitus
2364 1559 2535 1627 nihil
2586 1558 2690 1628 illi
2740 1580 3030 1648 respon-

479 1648 690 1728 deret,
729 1644 1188 1715 Diocletianus
1234 1644 1448 1714 dixit:
1504 1650 1741 1716 «Potes
1774 1669 2015 1717 sanare
2050 1647 2275 1716 filium
2328 1668 2556 1717 meum
2591 1650 2663 1715 t»
2716 1652 2781 1718 S.
2835 1647 3029 1717 Vitus

477 1735 879 1826 respondit:
934 1757 970 1799 «
1000 1739 1220 1803 Potest
1266 1733 1365 1802 illi
1419 1733 1612 1803 reddi
1660 1736 1943 1815 sanitas,
2005 1736 2123 1806 sed
2170 1757 2295 1827 ego
2345 1735 2629 1806 reddere
2676 1758 2826 1805 eam
2883 1758 3022 1806 non

480 1845 762 1916 possum
799 1847 811 1891 :
850 1822 1158 1892 Christus
1195 1835 1424 1893 autem
1467 1821 1583 1891 Dei
1614 1823 1826 1905 filius,
1861 1825 2069 1913 cujus
2098 1847 2223 1925 ego
2268 1846 2506 1894 servus
2535 1847 2718 1907 sum,
2766 1824 2822 1893 si
2854 1824 3024 1907 vult,

477 1914 564 1984 ab
614 1913 742 1981 hoc
791 1913 983 1981 hoste
1024 1911 1321 2001 pessimo
1370 1933 1491 2012 per
1546 1933 1655 1980 me
1712 1911 1914 1983 illum
1974 1913 2276 1983 sacilime
2341 1912 2633 1983 liberare
2697 1925 2939 2004 potest.
2989 1937 3025 1980 »

480 2008 788 2088 Cumque
836 2001 1245 2091 deprecante
1310 2000 1729 2070 Diocletiano
1781 2003 2178 2072 accessisset
2226 2003 2416 2072 Vitus
2464 2001 2550 2072 ad
2609 2002 2968 2072 obsessum
3011 2058 3026 2083 ,

478 2112 763 2160 manum
822 2088 1151 2179 imposuit
1198 2088 1406 2179 capiti
1454 2089 1629 2170 e'uS,
1674 2101 1740 2158 et
1788 2090 1921 2159 ait:
1968 2092 2308 2182 «Spiritus
2357 2090 2739 2172 immunde,
2798 2092 2869 2160 in
2905 2112 3031 2160 no-

478 2181 664 2248 mine
701 2178 969 2248 Domini
996 2177 1212 2247 nostri
1237 2182 1399 2246 Jesu
1431 2182 1473 2246 C
1531 2178 1703 2260 risti,
1748 2180 1853 2247 exi
1884 2180 1970 2249 ab
2007 2180 2131 2250 hac
2161 2192 2474 2250 creatura
2514 2181 2699 2260 Dei;»
2738 2201 3033 2267 moxque

476 2267 757 2338 recessit
804 2265 1121 2347 daemon,
1175 2265 1293 2336 sed
1353 2288 1486 2335 non
1540 2266 1689 2336 sine
1737 2280 1963 2360 strage
2014 2269 2388 2339 multorum
2444 2268 2857 2338 infidelium.
2924 2269 3032 2336 Vi-

477 2357 648 2427 dens
696 2356 909 2447 igitur
943 2360 1321 2445 Imperator
1367 2353 1590 2424 filium
1644 2377 1848 2426 suum
1904 2380 2150 2428 sanum
2186 2413 2201 2439 ‚
2240 2353 2320 2427 'et
2383 2357 2635 2428 multos
2686 2356 3025 2438 infideleS,

476 2446 598 2534 qui
634 2449 700 2516 S.
755 2444 898 2514 Vito
950 2442 1328 2524 illuserant,
1382 2466 1422 2512 a
1486 2444 1821 2514 daemone
1876 2445 2328 2537 praefocatos,
2383 2459 2628 2537 captus
2688 2446 3034 2537 elegantia

479 2535 701 2626 pueri,
734 2533 986 2604 blande
1023 2545 1089 2602 et
1135 2534 1421 2603 comiter
1440 2533 1846 2603 hortabatur
1876 2558 2060 2616 eum,
2116 2536 2377 2605 dicens:
2411 2536 2778 2605 «Consenti
2831 2535 3027 2618 mihi,

475 2625 620 2693 Vite
668 2623 1098 2706 charissime,
1151 2635 1215 2691 et
1262 2622 1397 2691 diis
1445 2622 1783 2702 sacrifica,
1823 2623 2137 2711 daboque
2180 2624 2304 2693 tibi
2342 2625 2711 2694 maximam
2766 2636 3026 2714 partem

475 2713 672 2804 regni
724 2713 898 2792 mei,
965 2710 1473 2797 cumulaboque
1524 2727 1582 2780 te
1661 2714 1934 2802 magnis
1982 2713 2236 2803 opibus
2284 2714 2438 2782 auri
2488 2726 2552 2782 et
2599 2712 2913 2802 argenti,
2965 2726 3034 2782 et

480 2803 929 2892 pretiosarum
1003 2799 1292 2869 vestium
1356 2800 1904 2888 omnigenaeque
1963 2800 2453 2891 supellectiliS‚
2520 2802 2793 2889 erisque
2857 2801 3029 2870 mihi

479 2910 611 2958 non
650 2889 991 2959 immerito
1029 2901 1094 2958 et
1119 2888 1594 2969 charissimus,
1638 2901 1704 2959 et
1741 2891 2153 2980 cumprimis
2180 2890 2616 2959 familiaris»
2651 2890 3035 2980 Respondit

478 2978 721 3048 beatus
773 3000 979 3067 puer:
1020 3001 1056 3042 «
1089 2981 1400 3067 Regnum
1453 2987 1650 3046 tuum
1684 2989 1750 3046 et
1803 2993 2017 3049 vestes
2066 2991 2269 3065 atque
2316 2978 2595 3048 divitiae
2645 2990 2801 3048 tuae
2855 2979 3033 3047 mihi

481 3066 905 3137 necessariae
957 3086 1090 3133 non
1126 3079 1309 3135 sunt.
1366 3066 1595 3135 Habeo
1643 3066 1827 3135 enim
1882 3068 2250 3137 Dominum
2304 3073 2517 3137 Deum
2573 3089 2835 3147 meum,
2881 3068 3029 3155 qui,

485 3156 543 3227 si
610 3154 711 3223 illi
782 3153 1075 3224 fideliter
1183 3175 1699 3236 erseveravero‚
1757 3155 1995 3225 induet
2047 3178 2153 3226 me
2203 3156 2373 3227 stola
2448 3150 3029 3236 immortalitatis,

477 3266 685 3331 quam
722 3245 1039 3313 tenebrae
1085 3176 1455 3312 obscurare
1485 3263 1617 3311 non
1644 3256 2003 3333 possunt.»
2038 3244 2496 3314 Diocletianus
2528 3245 2658 3314 ait:
2703 3249 2888 3315 «Non
2932 3244 3037 3313 sic

482 3355 670 3423 agaS,
724 3331 890 3411 Vite,
946 3330 1059 3402 sed
1113 3330 1395 3400 consule
1446 3330 1618 3399 vitae
1667 3345 1847 3412 tuae,
1901 3349 1965 3403 et
2013 3334 2326 3403 sacrifica
2384 3333 2562 3415 diis,
2602 3355 2687 3402 ne
2742 3332 3035 3403 diversis

483 3420 724 3512 poenis
744 3421 1029 3489 affectus
1056 3419 1420 3489 intereas.»
1452 3423 1743 3491 Sanctus
1777 3422 1966 3492 Vitus
1996 3444 2103 3492 res
2154 3422 2387 3492 ondit:
2431 3449 2451 3483 «
2489 3426 2628 3512 Ego
2672 3443 2828 3491 vero
2866 3421 3036 3490 haec

481 3521 819 3580 tormenta
866 3530 1042 3595 quae
1091 3507 1403 3590 minaris,
1448 3530 1661 3609 supra
1707 3531 1917 3596 quam
1965 3446 2149 3580 credti
2211 3510 2448 3602 possit,
2507 3524 2769 3600 expeto,
2824 3523 2900 3580 ut
2946 3509 3033 3579 ad

482 3597 671 3667 illam
717 3598 974 3687 possim
1030 3596 1330 3687 palmam
1390 3608 1815 3689 perungere,
1879 3620 2086 3686 quam
2152 3601 2481 3669 Dominus
2556 3600 2883 3691 dignatus
2932 3611 3035 3668 est

483 3686 881 3778 promittere
927 3685 1160 3757 electis
1195 3685 1415 3756 suis.»

568 3777 604 3862 ξ
653 3780 746 3847 9.
801 3780 991 3844 Tunc
1023 3773 1481 3844 Diocletianus
1534 3774 1748 3865 jussit
1804 3775 2078 3846 beatum
2122 3776 2345 3847 Vitum
2398 3799 2555 3846 cum
2610 3775 2910 3846 Modesto
2962 3776 3034 3843 in

483 3864 907 3934 teterrimum
958 3884 1298 3933 carcerem
1350 3863 1637 3955 retritdi‚
1675 3877 1740 3933 et
1789 3864 2102 3955 singulos
2124 3866 2394 3935 onerari
2459 3864 2637 3936 ferro
2685 3864 3035 3956 octoginta

481 3952 734 4054 pond0,
790 3972 1269 4043 carceremque
1318 3973 1448 4030 suo
1493 3952 1846 4042 obsignari
1918 3953 2215 4036 annul0,
2280 3976 2363 4023 ne
2423 3955 2583 4042 quis
2629 3954 2733 4023 vel
2776 3975 3032 4040 aquam

482 4040 621 4111 illis
673 4052 900 4131 posset
947 4040 1318 4130 porrigere.
1376 4040 1500 4110 Sed
1536 4063 1695 4111 cum
1749 4041 2001 4112 inclusi
2050 4055 2298 4125 essent,
2354 4043 2582 4113 subito
2635 4043 2704 4112 in
2756 4063 3030 4112 carcere

481 4129 599 4199 lux
648 4128 866 4198 multa
907 4127 1372 4218 resplenduit,
1427 4130 1521 4199 ita
1560 4142 1636 4199 ut
1682 4130 1887 4200 etiam
1941 4130 2261 4201 custodes
2311 4131 2528 4202 territi
2579 4131 3024 4200 mirarentur.

481 4223 669 4289 Tunc
704 4217 1168 4288 Diocletianus
1208 4216 1436 4287 furore
1489 4217 1828 4308 percitus,
1867 4220 2080 4308 jussit
2136 4220 2528 4290 arenarium
2582 4218 3026 4311 praeparari,

478 4306 741 4377 diceus:
780 4305 1021 4378 Bestiis
1069 4305 1514 4376 ferocissimis
1565 4306 1828 4376 tradam
1894 4307 2082 4388 illos,
2122 4322 2197 4377 ut
2248 4308 2511 4377 videam
2543 4363 2557 4390 ,
2614 4331 2781 4378 num
2834 4306 3030 4378 Chri·-

483 4406 631 4468 stus
678 4417 913 4466 eorum
967 4395 1182 4487 possit
1214 4416 1329 4466 eos
1377 4394 1669 4466 liberare
1715 4394 1800 4466 de
1859 4397 2182 4467 manibus
2234 4398 2428 4469 meis.
2484 4399 2788 4486 Cumque
2838 4397 3030 4466 Vitus
