3357 4995
212 335 435 400 JUNII
488 336 569 399 ⁴3
733 347 740 350 “
949 354 1027 400 on
1076 355 1132 400 s.
1185 355 1462 403 Ani-omo
1509 356 1550 400 A
1600 355 1807 402 vanua
1855 356 2036 404 mero
2252 313 2253 322 ἵ
2552 341 2667 405 291

216 437 486 516 amicis,
523 436 684 506 tolle
703 438 849 526 jam
900 460 1059 509 eum
1088 439 1147 508 si
1190 440 1313 521 νίς,
1357 451 1421 511 et
1463 462 1599 510 non
1634 442 1995 521 causabor.
2030 440 2377 511 Exaudisti
2421 464 2529 511 me
2556 447 2758 512 Deus:

214 525 584 625 convaluit,
639 548 817 616 opus
844 526 1258 616 perfecimus
1288 529 1471 615 quod
1511 529 1937 618 injunxeras,
1975 529 2349 599 redivimus
2375 553 2534 599 cum
2571 533 2764 601 exul-

215 627 469 684 tatione
519 629 941 703 reportantes
978 617 1374 705 manipulos
1411 619 1623 708 paciS.
1680 623 1886 688 Porro
1933 640 2059 707 ego
2093 618 2350 688 oblitus
2394 641 2565 708 pene
2606 642 2764 690 sum

209 723 406 772 meae
452 703 947 785 conventionis,
1003 704 1122 774 sed
1175 727 1308 775 non
1372 719 1467 775 tu.
1545 707 1756 775 Pudet
1816 706 2247 796 singultuum
2302 708 2590 787 horum,
2643 709 2762 794 qui

209 793 822 882 praevaricationis
871 815 979 863 me
1027 809 1352 884 arguunt.
1402 795 1578 878 Quid
1634 794 1866 885 plura?
1918 795 2264 885 Repetiisti
2317 797 2763 866 commenda-

210 893 386 954 tum.
443 881 771 972 repetiisti
824 895 1044 952 tuum.
1088 884 1318 952 Finem
1372 885 1736 953 verborum
1776 883 2089 955 indicunt
2134 885 2499 975 lacrymae.
2533 890 2647 964 Tu,
2683 885 2767 954 il-

211 969 320 1050 lis,
377 970 685 1050 Domine,
741 971 947 1040 finem
1002 971 1425 1059 modumque
1475 973 1830 1042 indixeris,

585 1229 811 1328 vm
888 1149 965 1328 sss
1045 1230 1453 1330 ΑΝΤοΝιι
1531 1230 2400 1331 ULYSfflPONENSlS

1102 1453 1437 1519 ORDINIS
1490 1454 1874 1519 MINORUM

801 1651 1024 1730 QUEM
1079 1651 1346 1716 VULGO
1378 1651 1499 1733 ‚DE
1549 1652 1813 1716 PADUA
1864 1652 2171 1717 VOCANT

422 1868 460 1912 A
510 1867 765 1922 QUODAM
814 1868 871 1915 P,
925 1866 1355 1914 FRANCISCANO
1404 1867 1714 1914 GRAVITER
1764 1869 1837 1914 ΕΤ
1885 1869 2210 1915 mumma
2260 1870 2537 1916 SCRlPTA·

495 1973 829 2021 memorum
878 1971 1089 2020 TAMEN
1139 1975 1203 2020 IN
1252 1973 1527 2020 GRATIAM
1577 1974 1872 2021 LECTORIS
1922 1975 2196 2022 MUTAvtT
2246 1977 2473 2023 SURIUS

523 2080 768 2126 omsSls
818 2081 1160 2135 PLERISQUE
1213 2080 1422 2125 PARUM
1472 2081 1552 2125 AD
1602 2081 1944 2127 HisTomAM
1994 2082 2429 2129 FACIENTIBUS.

690 2277 887 2331 Anno
928 2276 1243 2344 migravit
1271 2279 1421 2332 1231
1451 2308 1526 2318 —-
1555 2277 1844 2332 Ratione
1884 2276 2278 2333 Lusitanus,

298 2481 336 2557 ὃ
386 2482 459 2548 1.
518 2481 627 2545 Est
676 2477 744 2543 in
802 2475 1187 2545 Lusitaniae
1229 2497 1439 2565 regno
1488 2476 1569 2545 ad
1615 2475 1885 2566 plagam
1941 2475 2470 2555 occidentalem,
2527 2477 2596 2544 in
2647 2501 2761 2546 ex-

207 2566 443 2636 tremis
476 2565 662 2634 orbis
711 2564 972 2635 finibus
1001 2567 1170 2634 urbs
1217 2565 1585 2652 quaedam,
1624 2587 1832 2651 quam
1889 2564 2151 2633 incolae
2206 2566 2621 2653 Ulysbonam
2656 2567 2763 2655 (a)

203 2667 467 2731 vocant,
523 2654 705 2740 quod
763 2654 849 2723 ab
901 2654 1160 2743 Ulysse,
1215 2666 1290 2723 ut
1342 2655 1559 2742 ajunt,
1617 2655 1790 2723 bene
1841 2654 1926 2722 sit
1989 2654 2287 2723 condita.
2346 2659 2420 2721 In
2472 2676 2551 2722 ea
2586 2668 2757 2724 tem-

201 2744 395 2833 plum
447 2743 663 2811 mirae
713 2742 1219 2832 magnitudinis
1266 2754 1649 2812 extructum
1697 2756 1799 2810 est
1851 2743 1915 2810 in
1968 2742 2300 2819 honorem
2358 2743 2589 2811 Matris
2641 2744 2757 2812 Dei

199 2847 265 2901 et
315 2845 686 2922 perpetuae
719 2832 1007 2920 virginis
1057 2831 1328 2911 Mariae,
1386 2832 1452 2898 in
1486 2852 1622 2916 quo
1651 2831 1828 2899 beati
1884 2831 2218 2899 vincentii
2272 2832 2595 2919 martyris
2647 2854 2760 2901 sa-

198 2943 396 2990 crum
445 2942 700 3009 corpus
751 2919 1126 2989 honorifice
1175 2931 1588 3007 asservatur.
1636 2920 1729 2988 Ad
1774 2920 1926 3009 ejus
1976 2921 2214 3008 templi
2266 2934 2523 3009 partem
2577 2922 2757 2990 occi-

200 3009 415 3078 duam
459 3008 689 3078 felices
740 3009 918 3077 beati
990 3009 1257 3077 Antonii
1318 3021 1633 3098 parentes
1684 3010 2047 3087 honestum
2111 3009 2412 3078 habuere
2469 3009 2758 3079 domici-

199 3098 372 3167 lium
406 3153 420 3176 ,
477 3099 648 3187 ipsis
699 3097 932 3188 templi
1012 3097 1275 3167 foribus
1326 3096 1521 3166 valde
1579 3098 2081 3187 propinquum.
2150 3103 2238 3166 Ex
2289 3097 2428 3168 illis
2477 3099 2545 3165 in
2608 3099 2758 3189 ipso

190 3188 580 3274 juventutis
629 3188 792 3255 flore
838 3199 1233 3275 procreatus
1266 3188 1505 3256 beatus
1554 3188 1911 3265 Antonius,
1944 3209 2104 3256 cum
2157 3188 2332 3256 sacri
2379 3187 2756 3277 baptisma-

195 3278 284 3344 tis
339 3276 761 3345 salutaribus
800 3274 1191 3365 expiaretur
1238 3275 1492 3352 undis,
1551 3275 1891 3343 Fernandi
1962 3296 2213 3344 nomen
2270 3298 2443 3345 ,acce
2499 3277 2569 3344 it.
2626 3277 2755 3357 Qui

197 3364 448 3433 deinde
496 3364 583 3433 ab
633 3363 801 3453 ipsis
852 3386 1062 3454 prope
1112 3364 1534 3434 incunabilis
1586 3364 1802 3433 multa
1832 3364 1961 3433 fuit
1999 3385 2267 3432 morum
2324 3299 2759 3453 probitatem

196 3453 607 3542 integritate,
655 3475 777 3522 nec
827 3454 1006 3522 sicut
1039 3466 1271 3522 tenera
1330 3474 1701 3543 puerorum
1755 3454 1924 3522 solet
1970 3464 2181 3533 aetaS,
2242 3453 2486 3520 mundi
2554 3454 2757 3521 lasci-

201 3543 383 3610 viam
432 3555 498 3610 et
546 3543 906 3611 vanitatem
943 3542 1347 3631 complexus
1394 3553 1517 3622 est,
1574 3542 1694 3609 sed
1746 3542 2089 3610 bonorum
2140 3555 2503 3630 parentum
2548 3541 2756 3611 sedu-

202 3631 309 3700 lus
358 3631 682 3710 imitator,
707 3630 1158 3700 ecclesiarum
1193 3643 1258 3699 et
1291 3630 1866 3699 monasteriorum
1910 3629 2151 3698 crebro
2189 3630 2445 3698 terebat
2480 3629 2749 3711 limina,

194 3741 586 3807 manusque
635 3742 799 3789 suas
849 3719 1140 3788 libenter
1168 3719 1573 3789 extendebat
1620 3718 1706 3787 ad
1762 3732 2241 3808 paupereffiut
2293 3717 2571 3787 illorum
2606 3720 2757 3787 ino-

194 3809 384 3899 piam
433 3809 844 3887 sublevaret,
897 3822 977 3878 ut
1010 3820 1236 3898 posset
1284 3808 1353 3877 in
1399 3808 1594 3877 illum
1646 3829 1922 3894 quoque
1966 3820 2376 3897 competere,
2430 3809 2613 3895 quod
2672 3809 2757 3876 de

195 3920 266 3967 se
319 3903 387 3965 B.
438 3899 569 3967 Job
618 3898 733 3966 ait:
773 3901 864 3966 Ab
907 3898 1203 3986 infantia
1242 3920 1392 3966 mea
1427 3899 1632 3966 crevit
1674 3920 1929 3965 mecum
1971 3899 2312 3966 miseracio
2342 3900 2486 3981 (Job
2538 3898 2742 3986 xxxi).

245 4094 310 4145 (ιι)
343 4096 574 4144 myasipo,
604 4096 823 4146 Οἱίεείρο,
853 4096 1132 4144 otyssibona
1157 4094 1387 4148 (Ιλοὸωνι)
1417 4097 1691 4135 Luaitimine
1711 4105 1797 4134 seu
1822 4096 2135 4145 Portugnlliae
2156 4098 2313 4144 caput.
2332 4097 2379 4134 ln
2402 4097 2609 4136 extrema
2632 4096 2756 4134 occi-

189 4148 367 4189 dentati
402 4151 603 4198 Europa,
632 4160 725 4199 qua
752 4152 921 4199 Tagus,
950 4151 1106 4199 regale
1127 4151 1318 4197 flumen,
1337 4152 1432 4190 late
1450 4150 1664 4191 diffusus.
1684 4150 1732 4187 in
1755 4151 1990 4189 Oceanum
2014 4159 2063 4187 se
2085 4150 2362 4192 immittens,
2392 4160 2612 4197 magnum
2628 4151 2757 4197 patet

189 4204 236 4242 in
267 4206 473 4252 portum,
489 4205 606 4243 urbs
626 4206 698 4242 est
719 4204 777 4243 ob
798 4203 1156 4252 amplitudinem
1178 4206 1223 4243 et
1244 4204 1522 4253 dignitatem
1543 4204 1804 4245 notissima.
1824 4214 1879 4242 ac
1901 4200 2136 4251 religiosis
2156 4203 2295 4243 {aetia
2315 4213 2410 4242 uon
2430 4205 2588 4242 minus
2608 4211 2751 4251 quam

191 4254 410 4297 civilibus
440 4258 734 4297 celebranda.
764 4255 1129 4306 metropolitani
1160 4268 1187 4296 a
1214 4258 1402 4297 lnbente
1434 4267 1518 4296 xiv
1548 4257 1753 4301 saeculo,
1790 4257 2099 4296 Potrici-chan
2121 4258 2178 4295 ΩΑ
2204 4258 2382 4296 ordinis
2403 4258 2518 4296 Sede
2542 4257 2599 4297 ab
2629 4265 2757 4296 anno

198 4320 424 4356 unccxvt,
461 4312 561 4359 jam
591 4312 707 4355 erat,
733 4311 922 4350 saeculo
954 4320 1149 4355 mucro
1177 4312 1402 4351 Autinttte
1432 4312 1519 4350 nub
1550 4311 1834 4349 Emeritensi
1868 4309 2077 4361 (un-ida)
2109 4307 2492 4358 Archipraesule.
2528 4311 2757 4349 decorata..

190 4362 376 4413 Ingenti
408 4365 559 4410 Claro.
587 4365 923 4405 coenobiorum
952 4360 1203 4413 utriusque
1232 4374 1374 4404 sextu
1402 4362 1550 4414 eopia,
1578 4364 1763 4412 opibus.
1793 4364 1966 4403 civium
1997 4372 2254 4413 regumque
2283 4364 2472 4412 pietate.
2502 4365 2661 4402 cultus
2690 4363 2757 4401 ui-

194 4419 290 4458 viui
321 4418 589 4467 splendore,
606 4419 791 4458 Sanctis
811 4427 931 4466 quo·
953 4416 1115 4466 genuit
1133 4418 1264 4462 vltis.
1283 4418 1483 4459 maxime
1504 4418 1744 4458 excelluit.
1775 4418 1901 4465 Quae
1924 4417 2037 4458 adeo
2059 4426 2284 4466 prospera
2305 4417 2461 4456 omnia
2487 4415 2629 4456 simul
2650 4424 2756 4455 cum

196 4473 393 4522 antiqua
411 4472 629 4513 Lusitani
649 4472 946 4520 Ptineipatus
964 4469 1114 4521 gloria
1133 4471 1390 4513 evanuere!
1964 4486 1969 4495 ⁴
