3357 4995
260 346 436 412 UNII
488 346 572 410 43
843 363 921 409 nr:
968 363 1022 410 s.
1080 362 1370 410 anuarino
1417 361 1719 410 mommio
1766 361 2149 410 cLAaAvALL.
2482 363 2501 382 ·
2558 346 2692 410 287

222 448 537 518 minimis
586 447 931 516 maximus
965 458 1130 515 erat.
1165 445 1343 528 Quid
1372 445 1594 536 (verbi
1641 445 1885 534 causa)
1930 446 2003 514 in
2035 446 2394 526 aedificii5‚
2448 447 2518 515 in
2556 449 2770 537 agriS,

228 537 465 615 hortiS,
516 535 739 621 aquis,
793 535 1063 603 cunctis
1113 534 1414 623 denique
1461 535 1728 605 artibus
1781 556 1905 604 seu
1956 535 2284 624 operibus
2332 535 2780 616 rusticorum,

227 625 423 713 quid,
469 625 784 711 inquam,
841 623 943 692 vel
984 624 1054 691 in
1105 624 1234 693 hoc
1293 643 1524 693 rerum
1574 644 1824 714 genere
1873 623 2155 692 Gerardi
2206 623 2622 714 subterfugit
2674 646 2789 715 pe-

229 714 508 785 ritiam?
555 713 1065 792 CaementariiS‚
1111 711 1349 793 fabriS‚
1381 712 1733 803 agricoliS,
1787 707 2201 790 h'ortulanis,
2255 713 2635 794 sutoribuS,
2682 726 2784 784 at-

227 825 362 890 que
410 801 786 872 textoribus
823 798 1024 870 facile
1053 822 1165 870 ma
1218 802 1383 871 ister
1413 813 1580 870 erat.
1618 805 1923 888 Cumque
1956 800 2273 869 omnium
2316 801 2585 889 judicio
2633 823 2785 871 om-

229 891 442 961 nibus
473 901 650 961 esset
674 823 1272 979 sapientionsofis
1294 892 1362 959 in
1399 891 1546 959 suis
1569 889 1793 959 oculis
1828 909 1965 958 non
2000 901 2147 957 erat
2166 889 2468 979 sapiens.
2506 891 2785 960 Utinam

232 978 510 1059 multOS,
560 979 685 1048 etsi
734 978 969 1048 minus
1016 978 1384 1068 sapientes,
1438 999 1575 1048 non
1613 978 1771 1068 plus
1818 988 2125 1067 tangeret
2180 977 2301 1046 illa
2357 978 2778 1048 maledictio:

241 1073 370 1137 Vae
398 1070 522 1158 qui
544 1069 876 1158 sapientes
909 1070 1064 1135 estis
1093 1069 1165 1135 in
1202 1070 1413 1136 oculis
1463 1069 1701 1136 vestris
1737 1067 1856 1155 (Is.
1913 1089 1975 1146 v,
2028 1066 2168 1154 21).
2212 1066 2603 1150 Scientibus
2655 1069 2787 1137 ista

235 1157 501 1243 loquor,
545 1168 610 1225 et
656 1155 884 1224 adhuc
920 1156 1121 1245 plura
1155 1155 1265 1224 his
1291 1157 1376 1225 de
1421 1156 1564 1237 illo,
1594 1168 1659 1225 et
1694 1156 1956 1243 majora
2004 1156 2400 1244 compertis.
2439 1161 2651 1226 Parco
2684 1171 2783 1227 ta—

233 1259 417 1327 men,
470 1244 635 1332 quia
659 1266 819 1313 caro
845 1265 998 1313 mea
1026 1258 1092 1314 et
1119 1244 1326 1314 frater
1379 1259 1503 1314 est.
1559 1248 1700 1313 Hoc
1748 1255 1977 1314 tamen
2030 1264 2316 1314 securus
2364 1243 2567 1325 addo,
2610 1245 2784 1313 mihi

231 1333 425 1404 utilis
458 1334 529 1402 in
579 1333 906 1403 omnibus
936 1346 1000 1402 et
1033 1355 1193 1421 prae
1222 1334 1551 1403 omnibus
1584 1332 1737 1402 fuit.
1779 1332 1976 1404 Utilis
2008 1333 2078 1401 in
2114 1332 2343 1422 parvis
2378 1342 2442 1401 et
2476 1334 2779 1424 magni5‚

234 1422 305 1490 in
356 1421 640 1513 privatis
671 1433 735 1490 et
784 1420 1106 1510 publicis,
1158 1421 1325 1492 foris
1361 1435 1425 1492 et
1456 1424 1667 1493 intus.

320 1513 357 1597 ἓ
403 1513 485 1581 S.
541 1511 772 1579 Merito
806 1529 885 1579 ex
918 1532 995 1579 eo
1032 1510 1414 1610 pendebam
1465 1522 1672 1589 totus,
1706 1511 1827 1597 qui
1875 1509 2049 1578 mihi
2079 1520 2294 1579 totum
2328 1522 2495 1578 erat.
2545 1509 2780 1580 Solum

234 1620 406 1699 pene
451 1598 819 1685 reliquerat
890 1600 1060 1667 mihi
1110 1600 1481 1688 provisoris
1536 1599 1869 1668 honorem
1927 1611 1992 1667 et
2042 1619 2334 1666 nomen:
2392 1619 2553 1668 nam
2607 1621 2786 1698 opus

233 1710 256 1755 1
309 1709 381 1756 se
427 1686 739 1758 faciebat.
779 1692 918 1776 Ego
967 1687 1314 1758 vocitabar
1359 1688 1615 1768 AbbaS‚
1663 1687 1783 1756 sed
1837 1686 1952 1755 ille
2002 1698 2312 1777 praeerat
2352 1687 2424 1755 in
2476 1685 2789 1759 solicitu-

232 1710 417 1845 dine.
474 1776 705 1844 Merito
776 1776 1107 1861 requievit
1156 1778 1226 1845 in
1290 1775 1406 1844 illo
1457 1777 1745 1866 spiritus
1794 1797 2031 1856 meuS,
2086 1797 2208 1867 per
2272 1797 2482 1861 quem
2535 1774 2787 1846 licebat

230 1864 555 1934 delectari
602 1864 672 1931 in
709 1864 1020 1944 Domin0,
1076 1866 1145 1932 in
1195 1865 1522 1935 omnibus
1556 1864 1952 1955 praedicare
1983 1864 2293 1944 liberius,
2349 1886 2546 1934 orare
2592 1888 2789 1934 secu—

229 1955 401 2023 rius.
430 1958 553 2021 Per
585 1966 671 2032 te,
715 1954 1023 2040 inquam,
1063 1954 1257 2033 mihi,
1287 1953 1493 2023 frater
1529 1953 1647 2033 mi,
1705 1974 1901 2022 mens
1929 1954 2183 2033 sobria,
2227 1965 2292 2022 et
2322 1966 2516 2042 grata
2545 1954 2782 2040 quies,

229 2063 456 2112 sermo
503 2041 866 2121 efficacior,
924 2042 1250 2132 pinguior
1296 2043 1533 2120 oratio,
1580 2031 2000 2129 frequenti’nr
2047 2043 2271 2121 lectio,
2303 2054 2368 2110 et
2416 2042 2784 2112 ferventior

232 2131 540 2200 affectus.
595 2135 740 2200 Heu
774 2130 1088 2210 sublatus
1135 2153 1230 2210 es,
1283 2144 1348 2200 et
1411 2131 1577 2200 haec
1634 2131 1871 2200 omnia
1912 2131 2148 2200 simul.
2226 2136 2477 2200 Tecum
2541 2153 2784 2200 omnes

231 2220 488 2307 pariter
521 2219 748 2288 abiere
796 2219 1082 2288 deliciae
1129 2231 1194 2288 et
1234 2220 1526 2289 laetitiae
1577 2242 1790 2289 meae.
1826 2220 1990 2289 Jam
2032 2241 2240 2289 curae
2288 2220 2587 2299 irruunt,
2634 2221 2783 2308 ,jam

231 2307 582 2377 molestiae
614 2307 969 2377 hincinde
1019 2309 1321 2408 pulsant,
1365 2321 1428 2378 et
1477 2309 1839 2398 angustiae
1884 2309 2202 2396 undique
2248 2307 2474 2377 solum
2516 2329 2626 2376 me
2678 2330 2784 2384 re,—

234 2409 583 2485 pererunt,
637 2397 820 2466 solae
868 2396 1041 2465 mihi
1078 2411 1138 2466 te
1175 2399 1470 2468 abeunte
1527 2409 2032 2476 remanserunt,
2089 2397 2280 2466 solus
2330 2396 2460 2466 sub
2510 2397 2785 2465 sarcina

230 2508 454 2577 gemo.
491 2490 617 2556 Aut
651 2507 901 2576 ponere
932 2499 1049 2556 aut
1082 2487 1383 2576 opprimi
1431 2504 1707 2557 necesse
1756 2497 1880 2567 est,
1933 2487 2099 2573 quia
2152 2499 2222 2555 tu
2265 2497 2420 2556 tuos
2458 2485 2782 2555 humeros

228 2575 644 2644 subduxisti.
682 2575 848 2658 Quis
897 2576 1070 2644 mihi
1107 2576 1361 2645 tribuat
1408 2575 1542 2644 cito
1591 2576 1767 2644 mori
1805 2586 1954 2664 post
2004 2578 2111 2643 te?
2168 2580 2335 2643 Nam
2390 2595 2514 2664 pro
2552 2585 2614 2642 te
2666 2596 2785 2642 no-

229 2663 379 2744 lim,
435 2675 654 2732 necte
701 2675 818 2732 tua
864 2663 1186 2733 fraudare
1242 2663 1485 2753 gloria.
1542 2668 1747 2731 Porro
1797 2664 2231 2753 supervivere
2273 2661 2420 2742 tibi,
2481 2662 2675 2731 labor
2723 2675 2788 2732 et

231 2750 451 2820 dolor.
509 2752 741 2821 Vivam
805 2752 1031 2838 quoad
1057 2753 1304 2831 aivam
1359 2753 1430 2820 in
1480 2751 1982 2830 amaritudine,
2048 2750 2269 2820 vivam
2321 2751 2390 2818 in
2444 2771 2775 2831 moerore,

228 2853 293 2908 et
339 2840 509 2911 haec
558 2841 645 2909 sit
675 2841 850 2910 mihi
889 2841 1288 2920 consolatiO,
1335 2853 1410 2909 ut
1443 2840 1811 2909 moerendo
1851 2840 2146 2930 affligar.
2194 2845 2335 2910 Non
2377 2860 2682 2928 parcam,
2717 2853 2781 2909 et

219 2929 479 3018 juvabo
535 2951 823 2999 manum
877 2931 1170 2999 Domini.
1233 2930 1498 2999 Etenim
1574 2950 1825 2999 manus
1875 2930 2146 2999 Domini
2196 2928 2416 3017 tetigit
2466 2948 2595 2997 me.
2654 2934 2776 3008 Me,

229 3018 540 3105 inquam,
573 3018 791 3106 tetigit
814 3029 877 3085 et
927 3019 1287 3108 percussit,
1326 3040 1461 3087 non
1514 3016 1738 3098 illum,
1770 3039 1977 3106 quem
2010 3018 2275 3087 vocavit
2303 3016 2391 3085 ad
2442 3016 2775 3104 requiem.

229 3111 330 3175 Me
376 3106 650 3187 occidit,
673 3127 830 3175 cum
883 3107 1175 3195 succidit
1223 3107 1448 3178 illum.
1498 3107 1848 3193 Numquid
1897 3107 2083 3176 enim
2111 3107 2420 3176 occisum
2469 3105 2628 3192 quis
2679 3105 2787 3173 di-

224 3195 421 3274 xerit,
474 3215 679 3282 quem
733 3194 1063 3283 plantavit
1111 3197 1178 3264 in
1214 3196 1399 3265 vita?
1447 3199 1521 3264 At
1551 3196 1739 3282 quod
1785 3195 1889 3263 illi
1938 3195 2113 3265 vitae
2144 3196 2365 3284 janua
2405 3193 2557 3275 suit,
2613 3195 2784 3264 mihi

227 3284 436 3373 plane
467 3295 568 3352 est
616 3305 838 3354 mors:
895 3305 1138 3371 meque
1178 3284 1298 3353 illa
1359 3296 1574 3352 morte
1625 3299 1978 3356 mortuum
2028 3284 2347 3363 dixerim,
2406 3305 2540 3352 non
2594 3284 2779 3351 hunc

227 3373 348 3458 qui
398 3370 812 3440 obdormivit
860 3372 930 3440 in
970 3374 1280 3442 Domino.

312 3463 351 3547 ξ
398 3464 493 3530 θ.
553 3463 757 3541 Exite,
811 3464 984 3530 exite
1042 3461 1388 3551 lacrymae
1442 3462 1867 3551 jampridem
1918 3463 2316 3550 cupientes:
2370 3463 2566 3538 exite,
2623 3460 2789 3546 quia

226 3549 285 3619 is
323 3550 444 3635 qui
495 3550 687 3619 vobis
737 3560 1041 3620 meatum
1083 3551 1533 3631 obstruxerat,
1586 3550 2019 3620 commeavit.
2064 3549 2476 3640 Aperiantur
2522 3561 2789 3618 catara-

222 3650 372 3707 ctae
411 3639 648 3709 miseri
689 3640 956 3739 capitiS,
1011 3650 1077 3708 et
1123 3650 1493 3729 erumpant
1541 3638 1763 3707 fontes
1819 3660 2205 3726 aquarum,
2264 3637 2322 3706 si
2372 3636 2541 3706 forte
2591 3637 2786 3706 suffi-

222 3727 412 3796 ciant
458 3728 696 3796 sordes
726 3727 989 3797 diluere
1033 3728 1430 3817 culparum,
1492 3728 1752 3814 quibus
1792 3727 1964 3797 iram
2017 3726 2265 3797 merui.
2321 3728 2490 3795 Cum
2539 3746 2784 3796 conso-

221 3815 406 3885 latus
456 3814 662 3885 fuerit
710 3839 920 3907 super
955 3837 1064 3885 me
1095 3817 1450 3896 Dominus,
1492 3828 1655 3885 tunc
1692 3815 2003 3887 fortassis
2041 3830 2107 3883 et
2137 3836 2262 3906 ego
2308 3835 2575 3884 merear
2621 3836 2781 3883 con-

222 3904 455 3983 solari,
511 3906 571 3973 si
620 3917 846 3997 tamen
883 3927 1019 3973 non
1072 3926 1439 3997 pepercero
1481 3927 1521 3972 a
1570 3924 1903 3973 moerore.
1942 3908 2112 3973 Nam
2160 3903 2283 3991 qui
2333 3902 2595 3993 lugent,
2647 3904 2781 3993 ipsi

219 3990 794 4065 consolabuntur.
866 3999 1227 4085 Propterea
1273 3992 1784 4063 condescendat
1839 3992 2010 4061 mihi
2064 3992 2291 4061 omnis
2339 4002 2662 4070 sanctus,
2720 4005 2785 4060 et

219 4082 298 4149 in
343 4082 596 4172 spiritu
629 4081 954 4164 lenitatiS,
989 4083 1130 4169 -qui
1172 4081 1558 4173 spiritualis
1616 4091 1740 4161 est,
1810 4082 2144 4151 sustineat
2191 4081 2684 4150 lamentantem
2718 4081 2773 4148 ²⁶.

219 4176 477 4240 Luctus
527 4191 723 4242 meus
753 4171 1084 4253 human0,
1122 4192 1402 4259 quaeso,
1458 4182 1788 4261 pensetur
1835 4169 2128 4250 affectu,
2186 4191 2320 4239 non
2365 4192 2521 4240 u-su.
2581 4168 2780 4236 Vide-

221 4281 381 4330 mus
455 4280 703 4348 nempe
758 4272 1066 4331 mortuos
1133 4259 1443 4347 quotidie
1513 4258 1845 4350 plangere
1908 4272 2216 4330 mortuos
2283 4279 2493 4337 suos,
2542 4257 2779 4326 fletum

221 4348 548 4428 multum,
603 4360 669 4418 et
714 4346 1019 4419 fructum
1070 4348 1390 4420 nullum?
1439 4354 1582 4419 Non
1629 4347 2000 4439 culpamus
2049 4348 2371 4417 affectum
2440 4346 2572 4415 nisi
2615 4367 2777 4415 cum

281 4478 306 4502 ¹¹³
338 4475 595 4518 Hominum
615 4474 807 4520 saeculi,
825 4475 874 4516 in
894 4472 1146 4519 amissione
1161 4477 1425 4525 charorum,
1445 4476 1604 4519 luctus
1626 4475 1894 4521 chi-tatiano
1914 4484 2127 4519 moerore
2147 4474 2411 4517 dissimilis.
