3357 4995
642 328 769 391 310
1277 343 1356 388 ne
1404 343 1459 388 s.
1515 339 1788 388 Antonio
1837 343 1875 387 A
1924 341 2131 388 ranna
2177 337 2355 387 mero
2738 323 2776 386 J
2788 322 2955 388 UNII
3010 321 3093 386 13

558 427 903 498 cubiculo.
964 431 1135 495 Eum
1190 426 1291 493 vir
1325 425 1464 506 Dei,
1503 447 1660 495 cum
1695 437 1872 494 esset
1913 425 1981 493 in
2032 445 2339 515 corpore,
2378 423 2745 513 praecipue
2799 423 3093 493 charum

557 517 816 595 habuit,
861 515 1157 584 maxime
1203 514 1387 600 quod
1429 513 1591 582 olim
1645 515 1713 582 in
1768 512 2132 603 Theologia
2174 512 2369 582 illum
2416 512 2845 590 instituisset,
2902 526 2968 581 et
2992 514 3097 581 vi-

551 606 785 675 cissim
835 605 921 672 ab
969 602 1085 672 illo
1115 625 1194 671 ex
1221 602 1416 672 libris
1445 603 1749 703 Dionysii
1776 601 1862 671 de
1888 604 2092 672 rebus
2125 600 2481 690 altissimis
2509 602 2889 670 instructus
2921 601 3092 673 suis-

555 707 675 764 set.
731 700 807 762 Et
853 693 968 761 ille
1027 692 1306 778 quidem
1340 693 1563 761 Abbas
1614 714 1681 760 tn
1710 707 2050 761 conventu
2086 696 2394 760 Fratrum
2439 712 2723 761 suorum
2778 692 2903 758 hoc
2948 692 3094 760 viro

555 785 669 852 Dei
721 782 1069 873 perhibuit
1118 781 1628 851 testimonium:
1672 787 1921 862 Frater,
1978 781 2225 867 inquit,
2261 780 2595 848 Antonius
2626 779 2902 848 Ordinis
2937 779 3095 848 illo-

555 895 704 941 rum
761 877 1094 950 Fratrum,
1148 870 1232 937 de
1289 891 1463 960 pura
1513 869 1877 959 Theologia
1939 891 2149 939 sensu
2199 868 2482 957 mystico
2542 868 2771 937 hausit
2832 868 3090 957 plenis-

531 962 747 1040 sime,
786 960 997 1028 divini
1038 959 1209 1027 radii
1262 959 1478 1048 grafia
1514 958 1922 1029 illustratus.
1965 963 2167 1027 Porro
2210 958 2275 1026 in
2305 957 2580 1026 Abbatis
2613 958 2764 1046 ejus
2802 957 3098 1027 cubicu-

552 1050 697 1118 lum
754 1050 853 1117 vir
901 1049 1013 1116 Dei
1066 1048 1290 1116 subito
1339 1049 1715 1126 ino-sessus,
1806 1059 1909 1118 ost
1945 1060 2257 1116 mutuam
2300 1046 2781 1114 salutationem
2815 1047 2909 1113 ait
2945 1046 3097 1114 illi:

554 1143 716 1208 Ecce
765 1137 1040 1206 domine
1093 1136 1301 1215 Abba,
1359 1099 1592 1205 re‘licto
1649 1158 1763 1204 ase
1797 1136 1859 1204 lo
1893 1136 2079 1225 apud
2141 1135 2467 1206 Paduam.
2510 1134 2800 1203 festinus
2834 1134 2917 1202 ad
2979 1157 3098 1222 pa-

553 1228 751 1296 triam
807 1226 1224 1316 proficiscor.
1256 1226 1658 1312 ,Laborabat
1692 1238 1834 1294 tum
1877 1225 2097 1294 Abbas
2131 1224 2426 1314 graviter
2465 1246 2543 1291 ex
2641 1236 2913 1291 utture:
2970 1223 3090 1291 sed

554 1316 654 1383 vir
694 1316 806 1383 Dei
857 1315 1097 1383 leniter
1143 1335 1299 1381 eum
1336 1314 1501 1382 attin
1557 1335 1702 1392 enS,
1756 1326 1967 1382 totum
2024 1313 2193 1382 illud
2247 1313 2589 1381 incommo
2644 1333 2762 1380 um
2814 1323 3095 1401 repente

553 1404 818 1493 depulit
855 1411 919 1471 et
951 1402 1314 1491 disparuit.
1369 1408 1442 1470 At
1493 1402 1605 1470 ile
1647 1416 1897 1490 putans
1931 1423 2087 1470 eum
2151 1401 2234 1469 ad
2282 1399 2502 1471 natale
2553 1400 2779 1469 solum
2811 1401 2935 1468 iter
2986 1401 3093 1468 in-

555 1493 849 1572 tendere,
907 1492 1188 1580 ignarus
1219 1513 1499 1580 prorsus
1547 1492 1776 1560 obitus
1826 1490 2039 1568 itlius,
2087 1491 2329 1579 surgit,
2384 1503 2449 1557 et
2497 1511 2573 1557 ex
2624 1489 2907 1559 famulis
2949 1511 3093 1556 mo-

556 1583 833 1649 nasterii
877 1580 1227 1669 perquirit,
1282 1580 1403 1648 ubi
1438 1578 1522 1647 sit
1554 1579 1760 1648 frater
1800 1579 2153 1648 Antonius.
2210 1578 2579 1667 stupefacti
2623 1577 2746 1655 illi,
2806 1599 3091 1665 respon-

553 1673 716 1739 dent
749 1692 816 1737 se
852 1669 1135 1736 nescire.
1189 1670 1440 1736 Abbate
1488 1659 1831 1737 asserente
1863 1689 1934 1736 se
1970 1689 2091 1767 pro
2139 1679 2321 1736 certo
2371 1689 2529 1735 eum
2585 1666 2858 1744 vidisse,
2898 1679 2960 1734 et
3010 1683 3118 1734 ex·

555 1780 680 1827 suo
731 1758 1051 1826 cubiculo
1114 1758 1632 1846 quamprimum
1683 1780 1839 1825 eum
1881 1757 2149 1833 exiisse,
2215 1757 2471 1825 missus
2518 1766 2618 1824 est
2664 1754 2947 1840 quidam
3001 1755 3089 1822 ad

556 1847 820 1926 fratres,
869 1860 943 1915 ut
981 1868 1059 1914 ex
1114 1845 1249 1913 illis
1296 1859 1843 1936 cognosceretur,
1900 1867 2065 1914 num
2115 1844 2282 1930 quid
2338 1844 2421 1912 de
2463 1844 2732 1912 Antonii
2792 1843 3094 1911 adventu

557 1937 1073 2024 comperissent.
1122 1934 1240 2003 Ubi
1278 1934 1390 2002 ille
1418 1957 1751 2012 reversuS,
1779 1933 2019 2002 fratres
2040 1933 2211 2002 dixit
2239 1933 2409 2001 nihil
2437 1933 2587 2021 ejus
2612 1953 2833 2010 nosse,
2873 1932 3097 2000 Abbas

561 2024 832 2093 tandem
871 2024 954 2092 ad
993 2045 1062 2092 se
1111 2023 1406 2098 rediens,
1449 2023 1828 2091 certissime
1878 2023 2193 2111 cognovit
2226 2023 2591 2089 Antonium
2630 2022 2967 2110 migrasse
3002 2021 3092 2089 ad

558 2113 819 2181 coelos:
869 2126 1272 2211 tempusque
1322 2125 1683 2189 annotanS,
1748 2124 1975 2200 postea
2032 2110 2295 2188 didicit,
2351 2109 2587 2178 eodem
2639 2110 2748 2177 die
2797 2122 2860 2177 et
2929 2111 3099 2178 liora

557 2224 714 2269 oum
768 2202 1162 2280 decesstsse,
1217 2223 1354 2286 quo
1404 2201 1469 2267 in
1521 2200 1843 2270 cubiculo
1884 2213 2318 2288 apparuerat,
2360 2200 2536 2267 sicut
2572 2201 2716 2287 ipse
2766 2198 3100 2266 fratribus

564 2313 696 2359 non
743 2292 890 2358 sine
922 2289 1247 2378 lacrymis
1290 2290 1608 2356 narravit.
1750 2295 1754 2301 ’

641 2383 676 2466 ξ
727 2384 878 2451 21⁰3.
938 2383 1103 2447 Cum
1146 2379 1289 2467 jam
1342 2378 1622 2446 abiisset
1668 2400 1707 2445 a
1759 2377 1891 2446 vita
1942 2376 2181 2445 beatus
2230 2377 2352 2455 vir,
2410 2375 2780 2445 noluerunt
2829 2374 3099 2444 Fratres

553 2468 633 2537 ad
703 2468 1063 2537 bominum
1129 2467 1436 2536 notitiam
1503 2466 1662 2536 ilico
1703 2465 1769 2534 id
1824 2465 2152 2556 perferri,
2212 2486 2294 2533 ne
2348 2464 2647 2555 populus
2714 2464 2941 2534 subito
3005 2464 3096 2533 ad

552 2558 738 2647 ipsos
772 2571 1193 2625 accurreret:
1251 2556 1362 2623 sed
1419 2556 1623 2624 latere
1653 2577 1786 2623 non
1825 2556 2066 2643 potuit.
2114 2555 2308 2623 Pueri
2358 2556 2542 2622 enim
2579 2557 2852 2622 nemine
2902 2555 3099 2640 quic-

551 2668 757 2731 quam
816 2648 1066 2715 sciente
1116 2645 1200 2713 de
1240 2646 1389 2732 ejus
1440 2658 1675 2721 morte,
1739 2666 1856 2733 per
1917 2644 2158 2712 urbem
2219 2644 2613 2711 catervatim
2669 2642 3089 2720 incedentes,

553 2735 978 2803 clamabant:
1016 2740 1318 2802 Mortuus
1350 2745 1450 2801 est
1481 2746 1669 2822 pater
1703 2746 2019 2802 sanctus:
2077 2745 2388 2800 mortuus
2419 2745 2520 2800 est
2553 2732 2907 2800 Antonius,
2947 2737 3096 2799 Mox

552 2825 621 2891 in
673 2846 910 2893 omnes
960 2822 1152 2892 urbis
1201 2822 1493 2911 angulos
1529 2843 1766 2890 rumor
1814 2821 1928 2888 ille
1981 2820 2306 2910 pervadit,
2347 2834 2411 2888 et
2447 2819 2749 2909 populus
2782 2821 3091 2889 certatim

555 2912 880 3000 neglectis
934 2912 1306 2988 laboribus,
1360 2912 1619 2996 quibus
1670 2932 1740 2980 se
1781 2931 2080 2996 suosque
2128 2909 2423 2987 alebant,
2467 2910 2682 2976 instar
2712 2930 2921 2997 apum
2971 2908 3099 2976 ad-

557 3001 732 3069 volat
779 3001 861 3068 ad
914 3000 1198 3068 domum
1222 2999 1554 3079 fratrum,
1596 3021 1886 3084 eamque
1933 2997 2319 3067 circumdat
2364 2998 2693 3082 undique.
2762 2996 3098 3086 Inprimis

557 3112 708 3157 vero
743 3090 944 3165 cives,
1001 3088 1084 3155 ad
1138 3089 1662 3176 pontis*caput
1716 3088 2121 3163 habitantes,
2195 3107 2355 3155 cum
2421 3097 2683 3154 armata
2733 3086 3099 3174 juventute

553 3191 924 3246 accurrunt
970 3199 1185 3261 ocyus
1221 3178 1618 3265 impedituri
1655 3198 1740 3251 ne
1775 3177 1934 3262 quis
1970 3176 2147 3244 beati
2177 3195 2430 3263 corpus
2473 3175 2713 3263 rapiat.
2763 3175 3095 3243 Omnium

557 3268 650 3334 ibi
703 3265 1174 3334 lamentabiles
1224 3286 1418 3334 voces
1465 3278 1529 3332 et
1577 3265 1875 3351 gemitus
1922 3264 2332 3341 audiuntur,
2381 3264 2766 3353 lugentium
2836 3262 3098 3331 orbita-

557 3369 686 3423 tem
722 3376 944 3423 suam.
982 3355 1266 3422 Maxime
1302 3375 1453 3421 vero
1493 3354 1849 3441 plorabant
1876 3375 1946 3422 se
1974 3366 2157 3422 tanto
2188 3366 2373 3442 patre
2400 3352 2762 3421 destitutas
2790 3357 3092 3425 Sorores,

554 3465 728 3530 quas
774 3465 1106 3532 pauperes
1140 3443 1457 3511 Dominas
1486 3456 1748 3521 vocant,
1790 3464 1965 3528 quae
1999 3443 2199 3511 etiam
2243 3441 2538 3509 multum
2575 3454 2862 3530 egerunt
2911 3439 3099 3529 apud

555 3532 923 3621 primarios
984 3533 1134 3619 ejus
1194 3531 1487 3599 civitatis
1549 3532 1750 3611 virOS,
1806 3545 1880 3599 ut
1933 3531 2162 3601 liceret
2217 3530 2387 3618 ipsis
2436 3529 2621 3619 apud
2675 3551 2746 3597 se
2808 3530 3100 3597 retinere

556 3643 810 3710 corpus
859 3622 1077 3689 sancti
1115 3621 1260 3687 viri.
1303 3620 1428 3688 Sed
1460 3621 1851 3710 repetebant
1898 3619 2073 3689 illud
2125 3619 2388 3697 fratres,
2430 3617 2513 3686 ad
2555 3623 2618 3687 S.
2662 3619 2942 3685 Mariam
2980 3617 3102 3685 de-

554 3721 813 3799 gentes,
872 3710 1054 3799 apud
1097 3732 1270 3795 quos
1317 3709 1519 3777 etiam
1572 3709 1845 3798 sepeliri
1901 3708 2111 3777 voluit
2158 3708 2259 3775 vir
2313 3707 2450 3785 Dei,
2509 3707 2714 3793 idque
2750 3707 2964 3783 ‘adem
3028 3718 3104 3773 ut

555 3798 686 3867 sub
737 3812 1019 3867 mortem
1064 3796 1255 3865 fratri
1287 3798 1562 3866 cuidam
1618 3798 1753 3887 ipsi
1801 3798 2148 3867 assistenti
2199 3797 2643 3884 praeceperit,
2692 3795 2913 3863 modis
2953 3815 3103 3862 om-

558 3887 764 3955 nibus
812 3886 1003 3956 daret
1035 3909 1335 3976 operam,
1404 3902 1480 3956 ut
1518 3908 1772 3976 corpus
1820 3886 1970 3974 ejus
2019 3886 2102 3954 ad
2156 3890 2220 3953 S.
2278 3885 2525 3953 Mariae
2573 3883 2933 3963 ecclesiam
2986 3882 3104 3950 de·

553 3989 958 4065 portaretur.
1001 3980 1231 4062 ltaque
1268 3976 1615 4046 instabant
1649 3980 1912 4044 Fratres
1945 3975 2079 4053 isti,
2115 3986 2179 4042 et
2215 3995 2485 4044 sacrum
2520 3994 2774 4061 corpus
2805 3972 3101 4060 abspor—

555 4077 694 4133 tare
743 4064 1090 4134 volebant:
1147 4064 1262 4133 sed
1315 4066 1495 4133 cives
1544 4064 1628 4131 de
1683 4065 1908 4152 pontis
1934 4063 2164 4152 capite
2215 4062 2353 4131 illis
2386 4061 2819 4140 resistebant,
2874 4074 2940 4128 et
2975 4081 3104 4127 nec

551 4154 882 4243 attingere
928 4153 1210 4240 quidem
1263 4153 1749 4242 permittebant
1798 4174 1915 4221 cor
1969 4173 2073 4220 us.
2117 4152 2397 4220 Interim
2440 4151 2648 4219 etiam
2684 4162 2938 4239 augent
2989 4170 3103 4216 ar-

553 4255 890 4311 matorum
934 4264 1328 4317 numerum.
1360 4241 1479 4327 qui
1520 4253 1749 4311 noctes
1796 4255 1860 4310 et
1960 4240 2053 4308 ies
2078 4239 2474 4331 advigilent,
2524 4261 2606 4308 ne
2641 4238 2800 4306 inde
2828 4236 3106 4306 aufera-

554 4345 683 4400 tur.
730 4338 898 4401 Tum
931 4337 1195 4401 Fratres
1226 4330 1442 4399 nescii
1467 4330 1635 4417 quid
1675 4330 1996 4433 facerent,
2036 4328 2292 4401 adeunt
2320 4329 2615 4397 civitatis
2654 4327 3098 4417 Episcopum,

603 4459 627 4484 Ῥ
666 4458 826 4497 Athesi
848 4458 954 4507 (Adi
975 4456 1016 4509 e)
1035 4457 1179 4497 fluvio
1202 4454 1569 4505 sulez’impositl.
