3357 4995
686 312 817 380 536
1292 329 1373 378 nn
1418 330 1477 377 s.
1528 328 1843 378 rannomx
1889 330 2058 379 vute.
2111 331 2187 379 nr
2231 331 2423 380 nar.
2789 315 3010 383 JUNII
3055 317 3143 381 25

596 437 829 487 meum
888 415 960 485 in
1013 436 1261 485 manus
1308 424 1462 484 tuas
1527 413 1754 484 trado:
1806 414 1921 486 cui
1969 416 2296 502 quoniam
2360 420 2524 487 Pros
2576 416 2729 486 hori
2797 419 3141 489 Senatorii

596 502 898 574 hominis
935 502 1152 573 filiam
1199 524 1479 574 uxorem
1531 502 1833 573 dandam
1875 504 2388 586 constituimus,
2442 526 2519 575 ve
2551 505 2647 576 im
2692 517 2845 596 post
2900 527 3138 578 meum

596 592 859 664 obitum
909 592 1187 683 nuptias
1219 591 1738 682 quamprimum
1789 591 2069 663 studeas
2112 591 2461 683 perficere,
2516 606 2583 664 et
2629 593 2726 664 sis
2775 593 2876 664 illi
2911 596 3131 685 patris

595 681 765 752 loco.
804 704 839 748 »
868 685 1047 752 Haec
1093 701 1254 750 cum
1287 685 1564 751 Praeses
1610 679 1804 750 fratri
1853 680 2273 763 mandasset,
2309 693 2460 772 post
2485 694 2623 753 tres
2683 682 2831 752 dies
2877 704 2915 752 e
2963 684 3136 755 vivis

594 769 901 842 excessit.
931 775 1311 860 Imperator
1348 789 1502 839 vero
1532 766 1993 840 Diocletianus
2026 770 2515 859 Lysimachum
2541 771 2847 842 Anthimi
2875 770 3132 857 filium,

596 872 661 930 et
707 857 1026 929 Selenum
1074 858 1225 950 ejus
1273 867 1598 948 patruum
1641 858 1728 928 ad
1773 879 1848 929 se
1893 857 2272 940 accersivit,
2328 869 2395 929 et
2425 882 2737 932 seorsum
2787 860 2958 932 dixit
3005 866 3141 952 Ly-

597 947 966 1038 symacho:
1022 970 1059 1013 «
1100 952 1262 1038 Ego,
1292 945 1717 1028 adolescens,
1775 947 1990 1038 patris
2038 948 2138 1017 tui
2177 947 2555 1019 amicitiam
2590 949 3008 1030 recordatus,
3067 951 3142 1022 in

598 1035 832 1106 animo
899 1035 1138 1118 habui,
1210 1046 1361 1127 post
1405 1034 1556 1126 ejus
1602 1056 1955 1106 excessum
2021 1048 2083 1106 te
2142 1036 2211 1106 in
2260 1037 2412 1127 eJus
2461 1037 2691 1108 locum
2741 1038 3138 1110 Praesidem

464 1213 469 1220 ι
597 1125 1042 1196 constituere:
1094 1123 1212 1194 sed
1262 1123 1591 1212 quoniam
1651 1122 1837 1194 fama
1883 1123 2186 1211 quadam
2237 1147 2440 1196 aures
2493 1147 2683 1196 meae
2731 1140 3130 1217 personant,

598 1224 664 1286 te
711 1212 1250 1283 Christianorum
1285 1212 1615 1303 religione
1639 1209 1987 1293 delectari,
2021 1213 2283 1284 interea
2309 1213 2379 1283 id
2413 1214 2634 1284 facere
2665 1213 2930 1286 distuli.
2966 1216 3132 1287 Volo

599 1301 813 1394 igitur
857 1314 921 1371 te
967 1300 1055 1371 ad
1103 1300 1395 1372 Orientis
1444 1311 1669 1391 partes
1719 1301 2009 1383 mittere,
2043 1314 2119 1372 ut
2152 1302 2693 1374 Christianorum
2733 1303 3140 1394 religionem

600 1390 1034 1548 pegsequaris
1080 1409 1159 1459 ac
1198 1388 1468 1461 deleas:
1520 1411 1821 1478 cumque
1850 1390 1935 1460 ad
1966 1412 2093 1460 nos
2127 1411 2438 1464 reversus
2470 1391 2705 1474 fueris,
2740 1404 2906 1463 tunc
2934 1399 3136 1465 Prae—

601 1501 661 1552 ει
711 1500 820 1548 em
863 1500 902 1548 a
951 1500 1048 1548 es.
1104 1501 1141 1545 >›
1676 1535 1681 1538 .

686 1569 724 1654 ξ
779 1569 868 1637 8.
906 1501 1100 1636 5{iaec
1148 1588 1306 1636 cum
1360 1564 1813 1654 Lysimachus
1836 1567 2213 1638 audivisset
2261 1568 2434 1656 nibil
2469 1568 2875 1660 Imperatori
2915 1591 3136 1640 ausus

599 1668 703 1725 est
748 1654 1193 1745 respondere:
1221 1654 1573 1726 eratenim
1614 1667 1830 1726 aetate
1854 1655 2230 1727 admodum
2252 1658 2573 1747 juvenili,
2611 1679 2875 1728 annum
2914 1679 3171 1749 agens·

599 1743 738 1814 sere
786 1743 1221 1835 vigesimum.
1276 1743 1560 1813 Selenus
1608 1765 1763 1814 vero
1809 1744 1958 1834 ejus
2003 1756 2291 1835 patruus
2346 1766 2506 1816 cum
2556 1745 2641 1816 ad
2685 1748 3133 1837 Imperatoris

601 1831 831 1924 pedes,
907 1831 1422 1922 procubuisset:
1461 1832 1848 1924 «Supplex,
1901 1833 2150 1921 inquit,
2192 1833 2650 1907 immortalem
2704 1834 3137 1936 maiestatem

601 1933 790 1990 tuam
838 1942 980 2004 oro,
1032 1931 1109 1991 ut
1158 1942 1411 2010 paucos
1457 1920 1606 1992 dies
1654 1922 2061 2013 Lysimacho
2106 1922 2466 2006 concedas,
2520 1934 2596 1994 ut
2641 1936 2924 2014 nuptias
2955 1924 3136 1995 cele-

601 2008 800 2080 brare
845 2009 1094 2110 possit:
1148 2021 1381 2099 postea
1425 2022 1492 2079 et
1527 2031 1651 2100 ego
1703 2031 1840 2081 una
1886 2033 2044 2081 cum
2097 2010 2216 2080 illo
2256 2011 2483 2093 abibo,
2536 2023 2602 2082 et
2647 2013 2884 2082 omnia
2932 2012 3119 2092 fient,

647 2120 737 2167 ua
794 2096 1028 2168 dlvina
1075 2096 1398 2187 majestas
1427 2109 1545 2168 tua
1577 2098 1941 2190 praecepit.
1975 2122 2013 2167 »
2040 2105 2229 2169 Tunc
2267 2106 2685 2191 Imperator:
2740 2125 2776 2168 «
2813 2100 3007 2172 Prius
3033 2100 3125 2171 ad

598 2119 943 2257 Orientem
975 2185 1279 2276 profecti,
1313 2185 1851 2259 Christianorum
1903 2187 2306 2279 religionem
2338 2189 2519 2259 extin
2575 2189 2790 2261 uatis:
2824 2210 3116 2277 cumque

601 2274 834 2344 omnia
872 2288 1050 2346 recte
1095 2273 1535 2366 perfeceritis,
1590 2275 1727 2346 huc
1775 2276 2048 2359 reversi,
2081 2298 2189 2348 me
2233 2299 2507 2366 quoque
2603 2278 2897 2349 abebitis
2924 2299 3128 2349 omne

602 2362 910 2435 studium
975 2362 1415 2435 adhibentem
1465 2363 1551 2433 ad
1602 2364 2068 2438 conficiendas
2106 2366 2498 2456 Lysimachi
2548 2367 2850 2457 nuptias,
2884 2371 3129 2438 »Haec

599 2471 761 2522 cum
809 2449 1253 2537 audivissent,
1308 2474 1443 2524 non
1500 2452 1804 2545 amplius
1832 2454 1986 2526 ausi
2033 2466 2195 2526 sunt
2243 2455 2641 2546 Imperatori
2683 2455 3119 2548 respondere.

600 2540 907 2632 Acceptis
952 2540 1165 2633 igitur
1210 2542 1577 2629 mandatis,
1643 2555 1710 2614 et
1756 2544 2093 2615 militibus
2142 2543 2402 2620 multis.
2459 2544 2544 2614 ad
2610 2547 2951 2616 Orientem
3001 2547 3130 2617 iter

600 2628 930 2700 fecerunt.
968 2630 1417 2721 Lysimachus
1465 2653 1620 2702 vero
1653 2654 1891 2704 secum
1925 2632 2121 2703 duxit
2145 2632 2370 2703 virum
2396 2634 2790 2722 quemdam,
2816 2634 3127 2706 Primum

599 2717 915 2801 nomine,
965 2740 1048 2788 ex
1091 2739 1331 2790 eorum
1380 2742 1693 2803 numero,
1743 2720 1864 2810 qui
1931 2721 2221 2792 Comites
2274 2733 2626 2793 vocantur.
2681 2727 2840 2794 Erat
2891 2734 3124 2794 autem

598 2806 716 2877 ille
762 2828 843 2877 ex
901 2806 1140 2878 matris
1186 2808 1338 2899 ejus
1395 2830 1625 2880 sorore
1683 2809 2004 2901 genitus,
2057 2831 2260 2899 quem
2311 2821 2377 2880 et
2422 2811 2749 2883 exercitui
2814 2832 3130 2902 praeesse

599 2893 837 2966 voluit.
904 2899 1068 2965 Cum
1118 2895 1330 2987 igitur
1377 2897 1719 2968 venissent
1777 2898 1860 2969 ad
1918 2898 2284 2980 Orientem,
2336 2909 2402 2969 et
2433 2899 2519 2970 ad
2569 2900 3130 2991 Mesopotamiam

598 2982 1069 3067 accessissent,
1123 2983 1193 3054 in
1239 3006 1321 3056 ea
1367 2986 1643 3078 regione
1671 3008 1851 3090 quae
1882 2986 2199 3078 Palmyra
2231 2987 2508 3070 dicitur,
2554 2988 2975 3060 Christianos
3008 2989 3132 3060 ho-

597 3072 821 3144 mines
869 3072 1116 3163 partim
1165 3073 1237 3143 in
1287 3074 1518 3166 ignem
1547 3087 2011 3167 conjecerunt,
2049 3075 2295 3167 partim
2326 3075 2559 3168 gladio
2606 3091 3124 3169 percusserunt.

597 3164 756 3231 Erat
800 3160 986 3229 enim
1036 3160 1319 3233 Selenus
1376 3162 1490 3233 ille
1534 3162 1907 3236 admodum
1958 3185 2201 3237 saevus
2246 3174 2450 3252 atque
2504 3165 2955 3247 inhumanus,
3006 3166 3133 3254 qui

599 3269 737 3319 non
787 3247 1010 3319 solum
1076 3249 1245 3322 haec
1288 3272 1468 3339 quae
1513 3251 1838 3335 diximus,
1890 3251 2217 3335 faciebat,
2286 3274 2525 3326 verum
2574 3255 2779 3325 etiam
2847 3254 3130 3326 illorum

597 3357 887 3428 corpora
931 3338 1222 3409 canibus
1268 3360 1496 3411 escam
1544 3338 1791 3441 projici
1807 3341 2117 3444 jubebat.
2171 3341 2427 3415 Multus
2474 3342 2686 3435 igitur
2733 3354 2951 3414 terror
2972 3365 3132 3434 pro-

598 3437 750 3517 pter
818 3423 1040 3496 Seleni
1086 3425 1388 3498 durioris
1433 3429 1562 3499 viri
1609 3430 1962 3502 saevitiam
2010 3441 2215 3520 atque
2250 3431 2672 3503 atrocitatem
2721 3443 2941 3503 totum
2991 3443 3131 3504 ter-

598 3534 832 3585 rarum
882 3512 1117 3585 orbem
1165 3516 1579 3588 continebat.
2009 3528 2013 3534 ’
2978 3539 2982 3543 ’

685 3603 724 3692 ἕ
768 3605 861 3704 ⁸.-
914 3608 1114 3675 Nocte
1139 3626 1304 3706 yero
1394 3605 1648 3678 uadam
1698 3606 2151 3698 Lysimachus
2199 3608 2521 3680 Comitem
2572 3609 2881 3680 Primum
2930 3609 3020 3680 ad
3053 3631 3130 3681 se

597 3702 1031 3774 accersitum,
1083 3691 1195 3765 h1s
1246 3715 1362 3765 ver
1412 3695 1471 3766 is
1516 3694 1766 3783 affatus
1811 3705 1954 3768 est:
2008 3720 2044 3764 «
2096 3696 2592 3770 Honestissime
2636 3699 2737 3768 vir
2767 3697 3019 3780 Prime,
3053 3709 3132 3769 tu

596 3778 801 3861 nosti,
851 3779 1034 3869 quod
1070 3779 1228 3883 licet
1254 3794 1443 3873 pater
1490 3805 1690 3855 meus
1734 3787 2145 3856 Graecorum
2193 3785 2748 3878 superstitionem
2801 3807 3128 3876 sequenS,

596 3878 914 3941 mortuus
951 3867 1180 3952 fuerit,
1219 3882 1446 3942 tamen
1498 3883 1714 3943 mater
1759 3893 1912 3944 mea
1959 3873 2342 3946 Christiano
2386 3873 2609 3947 cultui
2639 3874 2869 3947 dedita
2915 3876 3132 3946 vitam

592 3955 830 4049 egerit,
880 3969 945 4030 et
988 3957 1173 4029 diem
1220 3957 1504 4031 obierit:
1556 3982 1734 4050 quae
1777 3961 2060 4049 quidem
2109 3962 2411 4034 multum
2460 3962 2771 4036 studium
2818 3985 2901 4034 ac
2964 3962 3134 4035 dili-

593 4045 896 4139 gentiam
945 4046 1338 4131 adhibebat,
1390 4060 1468 4121 ut
1514 4048 1945 4122 Christianus
1990 4049 2260 4122 fierem:
2312 4050 2433 4123 sed
2479 4073 2609 4143 ego
2667 4065 2943 4145 propter
2979 4056 3126 4123 Im-

594 4134 929 4227 peratoris
973 4147 1041 4205 et
1087 4133 1302 4227 patris
1332 4136 1467 4208 mei
1500 4135 1841 4223 timorem,
1894 4138 1964 4210 id
2012 4138 2233 4211 facere
2279 4139 2506 4212 adhuc
2556 4161 2645 4211 ne
2683 4140 2909 4232 potui.
2942 4141 3131 4225 Quin

591 4223 800 4296 etiam
849 4223 1091 4326 matris
1139 4244 1330 4296 meae
1377 4224 1595 4298 habeo
1641 4227 1990 4313 mandata,
2044 4248 2132 4299 ne
2174 4250 2380 4319 quem
2424 4228 2969 4302 Christianorum
3004 4229 3136 4300 ho·

591 4312 866 4385 minum
897 4310 1376 4397 interficerem,
1428 4314 1548 4386 sed
1581 4313 1829 4388 Christi
1875 4315 2146 4389 amicus
2173 4338 2324 4390 esse
2367 4316 2741 4390 studerem.
2772 4322 2968 4391 Nunc
2998 4339 3135 4391 au-

593 4409 732 4473 tem
766 4398 1186 4473 Christianos
1231 4401 1420 4495 ipsos
1466 4402 1661 4475 video
1708 4403 1841 4477 sub
1878 4404 2008 4477 hoc
2040 4405 2321 4477 homine
2367 4405 2833 4499 perditissimo
2882 4405 3131 4479 Seleno
