<?xml version="1.0" encoding="UTF-8"?>
<!DOCTYPE html PUBLIC "-//W3C//DTD XHTML 1.0 Transitional//EN"
    "http://www.w3.org/TR/xhtml1/DTD/xhtml1-transitional.dtd">
<html xmlns="http://www.w3.org/1999/xhtml" xml:lang="en" lang="en">
 <head>
  <title>
</title>
<meta http-equiv="Content-Type" content="text/html;charset=utf-8" />
  <meta name='ocr-system' content='tesseract 3.04.00' />
  <meta name='ocr-capabilities' content='ocr_page ocr_carea ocr_par ocr_line ocrx_word'/>
</head>
<body>
  <div class='ocr_page' id='page_1' title='image "./historiaeseuvit02lippgoog_0525.png"; bbox 0 0 3357 4995; ppageno 0'>
   <div class='ocr_carea' id='block_1_1' title="bbox 229 334 2680 407">
    <p class='ocr_par' dir='ltr' id='par_1_1' title="bbox 229 334 2680 407">
     <span class='ocr_line' id='line_1_1' title="bbox 229 334 2680 407; baseline 0.003 -8"><span class='ocrx_word' id='word_1_1' title='bbox 229 334 450 401; x_wconf 83' lang='lat' dir='ltr'>JUNII</span> <span class='ocrx_word' id='word_1_2' title='bbox 497 335 580 400; x_wconf 66' lang='lat'><strong>24</strong></span> <span class='ocrx_word' id='word_1_3' title='bbox 919 350 1002 399; x_wconf 73' lang='lat' dir='ltr'><strong>DE</strong></span> <span class='ocrx_word' id='word_1_4' title='bbox 1046 353 1423 401; x_wconf 68' lang='lat' dir='ltr'><strong>numum</strong></span> <span class='ocrx_word' id='word_1_5' title='bbox 1470 354 1525 401; x_wconf 81' lang='lat' dir='ltr'><strong>s,</strong></span> <span class='ocrx_word' id='word_1_6' title='bbox 1578 353 1844 402; x_wconf 68' lang='lat' dir='ltr'><strong>somnis</strong></span> <span class='ocrx_word' id='word_1_7' title='bbox 1891 352 2073 402; x_wconf 59' lang='lat' dir='ltr'><strong>narr.</strong></span> <span class='ocrx_word' id='word_1_8' title='bbox 2552 342 2680 407; x_wconf 79' lang='lat'><strong>509</strong></span> 
     </span>
    </p>
   </div>
   <div class='ocr_carea' id='block_1_2' title="bbox 132 437 2772 4526">
    <p class='ocr_par' dir='ltr' id='par_1_2' title="bbox 132 437 2770 1159">
     <span class='ocr_line' id='line_1_2' title="bbox 231 437 2768 532; baseline 0.002 -23"><span class='ocrx_word' id='word_1_9' title='bbox 231 437 536 528; x_wconf 87' lang='lat' dir='ltr'><strong>amplius</strong></span> <span class='ocrx_word' id='word_1_10' title='bbox 584 438 971 507; x_wconf 88' lang='lat' dir='ltr'><strong>flammeam</strong></span> <span class='ocrx_word' id='word_1_11' title='bbox 1014 439 1514 527; x_wconf 82' lang='lat' dir='ltr'><strong>romphaeam:</strong></span> <span class='ocrx_word' id='word_1_12' title='bbox 1572 461 1705 507; x_wconf 88' lang='lat' dir='ltr'><strong>non</strong></span> <span class='ocrx_word' id='word_1_13' title='bbox 1757 439 2082 509; x_wconf 90' lang='lat' dir='ltr'><strong>timemus</strong></span> <span class='ocrx_word' id='word_1_14' title='bbox 2129 440 2433 532; x_wconf 82' lang='lat' dir='ltr'><strong>amplius</strong></span> <span class='ocrx_word' id='word_1_15' title='bbox 2463 441 2768 514; x_wconf 87' lang='lat' dir='ltr'><strong>claustra</strong></span> 
     </span>
     <span class='ocr_line' id='line_1_3' title="bbox 234 526 2762 628; baseline 0.002 -32"><span class='ocrx_word' id='word_1_16' title='bbox 234 540 587 616; x_wconf 85' lang='lat' dir='ltr'><strong>portarum</strong></span> <span class='ocrx_word' id='word_1_17' title='bbox 638 526 978 628; x_wconf 72' lang='lat' dir='ltr'>paradisi:</span> <span class='ocrx_word' id='word_1_18' title='bbox 1025 548 1165 596; x_wconf 85' lang='lat' dir='ltr'><strong>non</strong></span> <span class='ocrx_word' id='word_1_19' title='bbox 1220 528 1594 596; x_wconf 88' lang='lat' dir='ltr'><strong>metuimus</strong></span> <span class='ocrx_word' id='word_1_20' title='bbox 1652 526 1959 617; x_wconf 86' lang='lat' dir='ltr'><strong>amplius</strong></span> <span class='ocrx_word' id='word_1_21' title='bbox 2015 551 2288 600; x_wconf 86' lang='lat' dir='ltr'><strong>morsus</strong></span> <span class='ocrx_word' id='word_1_22' title='bbox 2320 552 2432 600; x_wconf 90' lang='lat' dir='ltr'><strong>ser</strong></span> <span class='ocrx_word' id='word_1_23' title='bbox 2481 543 2762 602; x_wconf 72' lang='lat' dir='ltr'><strong>entum:</strong></span> 
     </span>
     <span class='ocr_line' id='line_1_4' title="bbox 234 614 2765 706; baseline 0.003 -22"><span class='ocrx_word' id='word_1_24' title='bbox 234 637 370 684; x_wconf 86' lang='lat' dir='ltr'><strong>non</strong></span> <span class='ocrx_word' id='word_1_25' title='bbox 445 615 751 706; x_wconf 81' lang='lat' dir='ltr'>amphus</span> <span class='ocrx_word' id='word_1_26' title='bbox 821 638 859 684; x_wconf 89' lang='lat' dir='ltr'><strong>a</strong></span> <span class='ocrx_word' id='word_1_27' title='bbox 913 614 1054 684; x_wconf 85' lang='lat' dir='ltr'><strong>ficu</strong></span> <span class='ocrx_word' id='word_1_28' title='bbox 1102 616 1485 704; x_wconf 78' lang='lat' dir='ltr'><strong>accipimus</strong></span> <span class='ocrx_word' id='word_1_29' title='bbox 1533 615 1740 685; x_wconf 78' lang='lat' dir='ltr'><strong>folia:</strong></span> <span class='ocrx_word' id='word_1_30' title='bbox 1808 639 1946 685; x_wconf 90' lang='lat' dir='ltr'><strong>non</strong></span> <span class='ocrx_word' id='word_1_31' title='bbox 1993 640 2108 687; x_wconf 89' lang='lat' dir='ltr'><strong>am</strong></span> <span class='ocrx_word' id='word_1_32' title='bbox 2165 618 2403 690; x_wconf 61' lang='lat' dir='ltr'><strong>lius=a</strong></span> <span class='ocrx_word' id='word_1_33' title='bbox 2511 642 2765 691; x_wconf 84' lang='lat' dir='ltr'><strong>sonum</strong></span> 
     </span>
     <span class='ocr_line' id='line_1_5' title="bbox 234 703 2770 797; baseline 0.003 -25"><span class='ocrx_word' id='word_1_34' title='bbox 234 726 514 795; x_wconf 79' lang='lat' dir='ltr'>gressus</span> <span class='ocrx_word' id='word_1_35' title='bbox 550 703 1174 776; x_wconf 69' lang='lat' dir='ltr'><strong>contremiscimus.</strong></span> <span class='ocrx_word' id='word_1_36' title='bbox 1210 710 1398 787; x_wconf 83' lang='lat' dir='ltr'><strong>Quae</strong></span> <span class='ocrx_word' id='word_1_37' title='bbox 1429 705 1614 774; x_wconf 90' lang='lat' dir='ltr'><strong>enim</strong></span> <span class='ocrx_word' id='word_1_38' title='bbox 1662 727 1743 774; x_wconf 81' lang='lat' dir='ltr'><strong>ex</strong></span> <span class='ocrx_word' id='word_1_39' title='bbox 1786 706 2058 797; x_wconf 83' lang='lat' dir='ltr'><strong>Virgine</strong></span> <span class='ocrx_word' id='word_1_40' title='bbox 2130 720 2281 777; x_wconf 89' lang='lat' dir='ltr'><strong>acta</strong></span> <span class='ocrx_word' id='word_1_41' title='bbox 2317 722 2451 788; x_wconf 77' lang='lat' dir='ltr'><strong>est,</strong></span> <span class='ocrx_word' id='word_1_42' title='bbox 2518 708 2770 779; x_wconf 85' lang='lat' dir='ltr'><strong>adora-</strong></span> 
     </span>
     <span class='ocr_line' id='line_1_6' title="bbox 132 792 2766 884; baseline 0.005 -30"><span class='ocrx_word' id='word_1_43' title='bbox 132 847 139 854; x_wconf 72' lang='lat'><em>,</em></span> <span class='ocrx_word' id='word_1_44' title='bbox 238 793 464 862; x_wconf 88' lang='lat' dir='ltr'><strong>vimus</strong></span> <span class='ocrx_word' id='word_1_45' title='bbox 526 794 1066 882; x_wconf 81' lang='lat' dir='ltr'><strong>processionem:</strong></span> <span class='ocrx_word' id='word_1_46' title='bbox 1136 792 1480 863; x_wconf 89' lang='lat' dir='ltr'><strong>medicum</strong></span> <span class='ocrx_word' id='word_1_47' title='bbox 1546 807 1832 863; x_wconf 87' lang='lat' dir='ltr'><strong>naturae</strong></span> <span class='ocrx_word' id='word_1_48' title='bbox 1890 796 2320 884; x_wconf 60' lang='lat' dir='ltr'><strong>aspeximus.</strong></span> <span class='ocrx_word' id='word_1_49' title='bbox 2381 798 2548 880; x_wconf 87' lang='lat' dir='ltr'><strong>Quis</strong></span> <span class='ocrx_word' id='word_1_50' title='bbox 2579 798 2766 867; x_wconf 79' lang='lat' dir='ltr'><strong>enim</strong></span> 
     </span>
     <span class='ocr_line' id='line_1_7' title="bbox 234 880 2767 974; baseline 0.004 -27"><span class='ocrx_word' id='word_1_51' title='bbox 234 881 425 962; x_wconf 90' lang='lat' dir='ltr'><strong>vidit,</strong></span> <span class='ocrx_word' id='word_1_52' title='bbox 477 882 637 969; x_wconf 91' lang='lat' dir='ltr'><strong>quis</strong></span> <span class='ocrx_word' id='word_1_53' title='bbox 704 880 1022 951; x_wconf 79' lang='lat' dir='ltr'><strong>audivit?</strong></span> <span class='ocrx_word' id='word_1_54' title='bbox 1091 882 1257 964; x_wconf 76' lang='lat' dir='ltr'><strong>Quis</strong></span> <span class='ocrx_word' id='word_1_55' title='bbox 1302 903 1382 950; x_wconf 86' lang='lat' dir='ltr'><strong>ex</strong></span> <span class='ocrx_word' id='word_1_56' title='bbox 1422 882 1768 952; x_wconf 87' lang='lat' dir='ltr'><strong>imbecilla</strong></span> <span class='ocrx_word' id='word_1_57' title='bbox 1820 883 2046 953; x_wconf 87' lang='lat' dir='ltr'><strong>radice</strong></span> <span class='ocrx_word' id='word_1_58' title='bbox 2093 886 2411 974; x_wconf 85' lang='lat' dir='ltr'><strong>cognovit</strong></span> <span class='ocrx_word' id='word_1_59' title='bbox 2458 908 2767 973; x_wconf 87' lang='lat' dir='ltr'><strong>unquam</strong></span> 
     </span>
     <span class='ocr_line' id='line_1_8' title="bbox 237 968 2770 1064; baseline 0.002 -25"><span class='ocrx_word' id='word_1_60' title='bbox 237 968 616 1040; x_wconf 87' lang='lat' dir='ltr'><strong>effloruisse</strong></span> <span class='ocrx_word' id='word_1_61' title='bbox 665 970 1061 1040; x_wconf 78' lang='lat' dir='ltr'><strong>medicum?</strong></span> <span class='ocrx_word' id='word_1_62' title='bbox 1124 975 1472 1053; x_wconf 80' lang='lat' dir='ltr'><strong>Quaenam</strong></span> <span class='ocrx_word' id='word_1_63' title='bbox 1538 970 1837 1041; x_wconf 83' lang='lat' dir='ltr'><strong>foemina</strong></span> <span class='ocrx_word' id='word_1_64' title='bbox 1891 973 2033 1042; x_wconf 85' lang='lat' dir='ltr'><strong>visa</strong></span> <span class='ocrx_word' id='word_1_65' title='bbox 2091 988 2192 1042; x_wconf 87' lang='lat' dir='ltr'><strong>est</strong></span> <span class='ocrx_word' id='word_1_66' title='bbox 2264 990 2480 1044; x_wconf 87' lang='lat' dir='ltr'><strong>mater</strong></span> <span class='ocrx_word' id='word_1_67' title='bbox 2557 976 2770 1064; x_wconf 86' lang='lat' dir='ltr'><strong>patris</strong></span> 
     </span>
     <span class='ocr_line' id='line_1_9' title="bbox 263 1059 2770 1159; baseline 0.003 -33"><span class='ocrx_word' id='word_1_68' title='bbox 263 1060 571 1148; x_wconf 78' lang='lat' dir='ltr'><strong>proprii?</strong></span> <span class='ocrx_word' id='word_1_69' title='bbox 621 1064 968 1142; x_wconf 83' lang='lat' dir='ltr'><strong>Quaenam</strong></span> <span class='ocrx_word' id='word_1_70' title='bbox 1016 1081 1177 1128; x_wconf 91' lang='lat' dir='ltr'><strong>eum</strong></span> <span class='ocrx_word' id='word_1_71' title='bbox 1236 1059 1521 1159; x_wconf 78' lang='lat' dir='ltr'><strong>genuit,</strong></span> <span class='ocrx_word' id='word_1_72' title='bbox 1593 1060 1717 1147; x_wconf 87' lang='lat' dir='ltr'><strong>qui</strong></span> <span class='ocrx_word' id='word_1_73' title='bbox 1780 1060 2016 1130; x_wconf 81' lang='lat' dir='ltr'><strong>divina</strong></span> <span class='ocrx_word' id='word_1_74' title='bbox 2093 1061 2338 1132; x_wconf 82' lang='lat' dir='ltr'><strong>virtute</strong></span> <span class='ocrx_word' id='word_1_75' title='bbox 2371 1068 2770 1153; x_wconf 69' lang='lat' dir='ltr'><strong>genuerat?</strong></span> 
     </span>
    </p>

    <p class='ocr_par' dir='ltr' id='par_1_3' title="bbox 237 1148 2768 1241">
     <span class='ocr_line' id='line_1_10' title="bbox 237 1148 2768 1241; baseline 0.002 -25"><span class='ocrx_word' id='word_1_76' title='bbox 237 1152 585 1229; x_wconf 84' lang='lat' dir='ltr'><strong>Quaenam</strong></span> <span class='ocrx_word' id='word_1_77' title='bbox 617 1169 775 1217; x_wconf 88' lang='lat' dir='ltr'><strong>eum</strong></span> <span class='ocrx_word' id='word_1_78' title='bbox 816 1148 1098 1238; x_wconf 83' lang='lat' dir='ltr'><strong>peperit,</strong></span> <span class='ocrx_word' id='word_1_79' title='bbox 1132 1170 1253 1234; x_wconf 82' lang='lat' dir='ltr'><strong>qut</strong></span> <span class='ocrx_word' id='word_1_80' title='bbox 1302 1148 1663 1219; x_wconf 88' lang='lat' dir='ltr'><strong>videbatur</strong></span> <span class='ocrx_word' id='word_1_81' title='bbox 1707 1148 1990 1236; x_wconf 86' lang='lat' dir='ltr'><strong>quidem</strong></span> <span class='ocrx_word' id='word_1_82' title='bbox 2037 1149 2473 1241; x_wconf 83' lang='lat' dir='ltr'><strong>figmentum,</strong></span> <span class='ocrx_word' id='word_1_83' title='bbox 2514 1152 2768 1222; x_wconf 77' lang='lat' dir='ltr'><strong>intelli-</strong></span> 
     </span>
    </p>

    <p class='ocr_par' dir='ltr' id='par_1_4' title="bbox 322 1235 2772 1323">
     <span class='ocr_line' id='line_1_11' title="bbox 322 1235 2772 1323; baseline 0.003 -19"><span class='ocrx_word' id='word_1_84' title='bbox 322 1236 526 1307; x_wconf 87' lang='lat' dir='ltr'><strong>batur</strong></span> <span class='ocrx_word' id='word_1_85' title='bbox 572 1249 798 1305; x_wconf 91' lang='lat' dir='ltr'><strong>autem</strong></span> <span class='ocrx_word' id='word_1_86' title='bbox 847 1258 996 1305; x_wconf 89' lang='lat' dir='ltr'><strong>esse</strong></span> <span class='ocrx_word' id='word_1_87' title='bbox 1032 1235 1277 1307; x_wconf 79' lang='lat' dir='ltr'><strong>fictor?</strong></span> <span class='ocrx_word' id='word_1_88' title='bbox 1333 1241 1684 1319; x_wconf 80' lang='lat' dir='ltr'><strong>Quaenam</strong></span> <span class='ocrx_word' id='word_1_89' title='bbox 1732 1237 1862 1308; x_wconf 86' lang='lat' dir='ltr'><strong>fuit</strong></span> <span class='ocrx_word' id='word_1_90' title='bbox 1909 1254 2297 1323; x_wconf 81' lang='lat' dir='ltr'><strong>consecuta,</strong></span> <span class='ocrx_word' id='word_1_91' title='bbox 2355 1254 2431 1310; x_wconf 89' lang='lat' dir='ltr'><strong>ut</strong></span> <span class='ocrx_word' id='word_1_92' title='bbox 2491 1241 2772 1312; x_wconf 79' lang='lat' dir='ltr'><strong>haberet</strong></span> 
     </span>
    </p>

    <p class='ocr_par' dir='ltr' id='par_1_5' title="bbox 290 1323 2760 1412">
     <span class='ocr_line' id='line_1_12' title="bbox 290 1323 2760 1412; baseline 0.002 -19"><span class='ocrx_word' id='word_1_93' title='bbox 290 1323 487 1405; x_wconf 89' lang='lat' dir='ltr'><strong>lium,</strong></span> <span class='ocrx_word' id='word_1_94' title='bbox 524 1339 589 1394; x_wconf 90' lang='lat' dir='ltr'><strong>et</strong></span> <span class='ocrx_word' id='word_1_95' title='bbox 624 1324 896 1395; x_wconf 86' lang='lat' dir='ltr'><strong>nullum</strong></span> <span class='ocrx_word' id='word_1_96' title='bbox 946 1325 1234 1396; x_wconf 79' lang='lat' dir='ltr'><strong>senserit</strong></span> <span class='ocrx_word' id='word_1_97' title='bbox 1271 1324 1607 1395; x_wconf 88' lang='lat' dir='ltr'><strong>damnum</strong></span> <span class='ocrx_word' id='word_1_98' title='bbox 1659 1327 2121 1412; x_wconf 73' lang='lat' dir='ltr'><strong>virginitatis?</strong></span> <span class='ocrx_word' id='word_1_99' title='bbox 2757 1387 2760 1390; x_wconf 70' lang='grc'><em>,</em></span> 
     </span>
    </p>

    <p class='ocr_par' dir='ltr' id='par_1_6' title="bbox 231 1412 2770 2477">
     <span class='ocr_line' id='line_1_13' title="bbox 320 1412 2769 1503; baseline 0.001 -18"><span class='ocrx_word' id='word_1_100' title='bbox 320 1415 356 1499; x_wconf 68' lang='grc' dir='ltr'>ξ</span> <span class='ocrx_word' id='word_1_101' title='bbox 403 1419 502 1487; x_wconf 70' lang='lat'><strong>5.</strong></span> <span class='ocrx_word' id='word_1_102' title='bbox 546 1414 723 1497; x_wconf 89' lang='lat' dir='ltr'><strong>Quid</strong></span> <span class='ocrx_word' id='word_1_103' title='bbox 771 1434 934 1503; x_wconf 85' lang='lat' dir='ltr'><strong>ergo</strong></span> <span class='ocrx_word' id='word_1_104' title='bbox 979 1412 1177 1495; x_wconf 90' lang='lat' dir='ltr'><strong>dicis,</strong></span> <span class='ocrx_word' id='word_1_105' title='bbox 1230 1435 1269 1482; x_wconf 94' lang='lat' dir='ltr'><strong>o</strong></span> <span class='ocrx_word' id='word_1_106' title='bbox 1315 1414 1624 1483; x_wconf 78' lang='lat' dir='ltr'><strong>Judaee?</strong></span> <span class='ocrx_word' id='word_1_107' title='bbox 1672 1415 1847 1498; x_wconf 88' lang='lat' dir='ltr'><strong>Quid</strong></span> <span class='ocrx_word' id='word_1_108' title='bbox 1899 1438 2109 1485; x_wconf 89' lang='lat' dir='ltr'><strong>sensu</strong></span> <span class='ocrx_word' id='word_1_109' title='bbox 2157 1416 2410 1486; x_wconf 75' lang='lat' dir='ltr'><strong>videris</strong></span> <span class='ocrx_word' id='word_1_110' title='bbox 2457 1439 2607 1489; x_wconf 87' lang='lat' dir='ltr'><strong>esse</strong></span> <span class='ocrx_word' id='word_1_111' title='bbox 2660 1421 2769 1489; x_wconf 83' lang='lat' dir='ltr'><strong>in·-</strong></span> 
     </span>
     <span class='ocr_line' id='line_1_14' title="bbox 236 1500 2770 1596; baseline 0.004 -27"><span class='ocrx_word' id='word_1_112' title='bbox 236 1500 413 1582; x_wconf 85' lang='lat' dir='ltr'><strong>fans,</strong></span> <span class='ocrx_word' id='word_1_113' title='bbox 458 1525 616 1571; x_wconf 86' lang='lat' dir='ltr'><strong>cum</strong></span> <span class='ocrx_word' id='word_1_114' title='bbox 649 1503 842 1572; x_wconf 89' lang='lat' dir='ltr'><strong>canis</strong></span> <span class='ocrx_word' id='word_1_115' title='bbox 877 1502 1125 1592; x_wconf 78' lang='lat' dir='ltr'><strong>tegaris</strong></span> <span class='ocrx_word' id='word_1_116' title='bbox 1174 1502 1506 1572; x_wconf 75' lang='lat' dir='ltr'><strong>malitiae?</strong></span> <span class='ocrx_word' id='word_1_117' title='bbox 1553 1504 1731 1586; x_wconf 87' lang='lat' dir='ltr'><strong>Quid</strong></span> <span class='ocrx_word' id='word_1_118' title='bbox 1784 1516 1936 1574; x_wconf 89' lang='lat' dir='ltr'><strong>tuos</strong></span> <span class='ocrx_word' id='word_1_119' title='bbox 1971 1507 2362 1596; x_wconf 88' lang='lat' dir='ltr'><strong>prophetas,</strong></span> <span class='ocrx_word' id='word_1_120' title='bbox 2402 1507 2502 1576; x_wconf 91' lang='lat' dir='ltr'><strong>vel</strong></span> <span class='ocrx_word' id='word_1_121' title='bbox 2545 1510 2770 1595; x_wconf 87' lang='lat' dir='ltr'><strong>potius</strong></span> 
     </span>
     <span class='ocr_line' id='line_1_15' title="bbox 234 1590 2768 1684; baseline 0.003 -25"><span class='ocrx_word' id='word_1_122' title='bbox 234 1613 423 1661; x_wconf 89' lang='lat' dir='ltr'><strong>meos</strong></span> <span class='ocrx_word' id='word_1_123' title='bbox 472 1591 724 1661; x_wconf 81' lang='lat' dir='ltr'><strong>frustra</strong></span> <span class='ocrx_word' id='word_1_124' title='bbox 785 1590 1002 1681; x_wconf 72' lang='lat' dir='ltr'><strong>legis?</strong></span> <span class='ocrx_word' id='word_1_125' title='bbox 1047 1596 1143 1659; x_wconf 91' lang='lat' dir='ltr'><strong>Tu</strong></span> <span class='ocrx_word' id='word_1_126' title='bbox 1192 1592 1379 1660; x_wconf 89' lang='lat' dir='ltr'><strong>enim</strong></span> <span class='ocrx_word' id='word_1_127' title='bbox 1418 1591 1685 1672; x_wconf 74' lang='lat' dir='ltr'><strong>literas,</strong></span> <span class='ocrx_word' id='word_1_128' title='bbox 1740 1614 1867 1684; x_wconf 83' lang='lat' dir='ltr'><strong>ego</strong></span> <span class='ocrx_word' id='word_1_129' title='bbox 1903 1615 2057 1662; x_wconf 81' lang='lat' dir='ltr'><strong>vero</strong></span> <span class='ocrx_word' id='word_1_130' title='bbox 2108 1616 2212 1663; x_wconf 90' lang='lat' dir='ltr'><strong>res</strong></span> <span class='ocrx_word' id='word_1_131' title='bbox 2261 1608 2479 1665; x_wconf 87' lang='lat' dir='ltr'><strong>teneo.</strong></span> <span class='ocrx_word' id='word_1_132' title='bbox 2533 1601 2632 1665; x_wconf 85' lang='lat' dir='ltr'><strong>Tu</strong></span> <span class='ocrx_word' id='word_1_133' title='bbox 2672 1611 2768 1667; x_wconf 89' lang='lat' dir='ltr'><strong>te·-</strong></span> 
     </span>
     <span class='ocr_line' id='line_1_16' title="bbox 236 1679 2763 1774; baseline 0.002 -25"><span class='ocrx_word' id='word_1_134' title='bbox 236 1692 677 1761; x_wconf 87' lang='lat' dir='ltr'><strong>stamentum,</strong></span> <span class='ocrx_word' id='word_1_135' title='bbox 727 1697 854 1770; x_wconf 83' lang='lat' dir='ltr'><strong>ego</strong></span> <span class='ocrx_word' id='word_1_136' title='bbox 903 1679 1415 1749; x_wconf 89' lang='lat' dir='ltr'><strong>haereditatem.</strong></span> <span class='ocrx_word' id='word_1_137' title='bbox 1447 1685 1547 1749; x_wconf 78' lang='lat' dir='ltr'><strong>&#39;l&#39;u</strong></span> <span class='ocrx_word' id='word_1_138' title='bbox 1596 1680 1663 1748; x_wconf 88' lang='lat' dir='ltr'><strong>in</strong></span> <span class='ocrx_word' id='word_1_139' title='bbox 1709 1680 1856 1769; x_wconf 77' lang='lat' dir='ltr'><strong>lege</strong></span> <span class='ocrx_word' id='word_1_140' title='bbox 1885 1681 2227 1771; x_wconf 83' lang='lat' dir='ltr'><strong>gloriaris,</strong></span> <span class='ocrx_word' id='word_1_141' title='bbox 2271 1705 2399 1774; x_wconf 83' lang='lat' dir='ltr'><strong>ego</strong></span> <span class='ocrx_word' id='word_1_142' title='bbox 2431 1699 2658 1755; x_wconf 87' lang='lat' dir='ltr'><strong>autem</strong></span> <span class='ocrx_word' id='word_1_143' title='bbox 2694 1686 2763 1754; x_wconf 86' lang='lat' dir='ltr'><strong>in</strong></span> 
     </span>
     <span class='ocr_line' id='line_1_17' title="bbox 234 1768 2770 1863; baseline 0.002 -27"><span class='ocrx_word' id='word_1_144' title='bbox 234 1769 455 1859; x_wconf 83' lang='lat' dir='ltr'><strong>gratia</strong></span> <span class='ocrx_word' id='word_1_145' title='bbox 508 1790 615 1838; x_wconf 89' lang='lat' dir='ltr'><strong>me</strong></span> <span class='ocrx_word' id='word_1_146' title='bbox 665 1768 1029 1858; x_wconf 81' lang='lat' dir='ltr'><strong>magnifice</strong></span> <span class='ocrx_word' id='word_1_147' title='bbox 1079 1769 1588 1860; x_wconf 84' lang='lat' dir='ltr'><strong>circumspicio.</strong></span> <span class='ocrx_word' id='word_1_148' title='bbox 1646 1773 1779 1839; x_wconf 88' lang='lat' dir='ltr'><strong>Cur</strong></span> <span class='ocrx_word' id='word_1_149' title='bbox 1829 1791 2098 1860; x_wconf 87' lang='lat' dir='ltr'><strong>pugnas</strong></span> <span class='ocrx_word' id='word_1_150' title='bbox 2147 1791 2307 1840; x_wconf 88' lang='lat' dir='ltr'><strong>cum</strong></span> <span class='ocrx_word' id='word_1_151' title='bbox 2369 1775 2770 1863; x_wconf 74' lang='lat' dir='ltr'><strong>Prophetis?</strong></span> 
     </span>
     <span class='ocr_line' id='line_1_18' title="bbox 235 1858 2763 1950; baseline 0.003 -24"><span class='ocrx_word' id='word_1_152' title='bbox 235 1864 368 1926; x_wconf 80' lang='lat' dir='ltr'><strong>Cur</strong></span> <span class='ocrx_word' id='word_1_153' title='bbox 397 1879 434 1925; x_wconf 90' lang='lat' dir='ltr'><strong>a</strong></span> <span class='ocrx_word' id='word_1_154' title='bbox 477 1862 608 1927; x_wconf 89' lang='lat' dir='ltr'><strong>Deo</strong></span> <span class='ocrx_word' id='word_1_155' title='bbox 645 1870 961 1946; x_wconf 86' lang='lat' dir='ltr'><strong>acceptas</strong></span> <span class='ocrx_word' id='word_1_156' title='bbox 988 1870 1053 1926; x_wconf 91' lang='lat' dir='ltr'><strong>et</strong></span> <span class='ocrx_word' id='word_1_157' title='bbox 1087 1879 1358 1928; x_wconf 85' lang='lat' dir='ltr'><strong>veraces</strong></span> <span class='ocrx_word' id='word_1_158' title='bbox 1396 1879 1633 1927; x_wconf 86' lang='lat' dir='ltr'><strong>eorum</strong></span> <span class='ocrx_word' id='word_1_159' title='bbox 1683 1858 1932 1948; x_wconf 82' lang='lat' dir='ltr'><strong>effugis</strong></span> <span class='ocrx_word' id='word_1_160' title='bbox 1972 1859 2516 1950; x_wconf 75' lang='lat' dir='ltr'><strong>praedictiones?</strong></span> <span class='ocrx_word' id='word_1_161' title='bbox 2548 1868 2763 1946; x_wconf 89' lang='lat' dir='ltr'><strong>Quam</strong></span> 
     </span>
     <span class='ocr_line' id='line_1_19' title="bbox 234 1945 2767 2035; baseline 0.003 -21"><span class='ocrx_word' id='word_1_162' title='bbox 234 1945 473 2015; x_wconf 87' lang='lat' dir='ltr'><strong>multis</strong></span> <span class='ocrx_word' id='word_1_163' title='bbox 520 1957 676 2014; x_wconf 89' lang='lat' dir='ltr'><strong>ante</strong></span> <span class='ocrx_word' id='word_1_164' title='bbox 714 1946 965 2016; x_wconf 90' lang='lat' dir='ltr'><strong>seculis</strong></span> <span class='ocrx_word' id='word_1_165' title='bbox 995 1946 1218 2035; x_wconf 80' lang='lat' dir='ltr'><strong>legisti</strong></span> <span class='ocrx_word' id='word_1_166' title='bbox 1252 1968 1353 2026; x_wconf 91' lang='lat' dir='ltr'><strong>ea,</strong></span> <span class='ocrx_word' id='word_1_167' title='bbox 1406 1967 1583 2033; x_wconf 89' lang='lat' dir='ltr'><strong>quae</strong></span> <span class='ocrx_word' id='word_1_168' title='bbox 1617 1968 1804 2016; x_wconf 88' lang='lat' dir='ltr'><strong>nunc</strong></span> <span class='ocrx_word' id='word_1_169' title='bbox 1832 1952 2236 2019; x_wconf 76' lang='lat' dir='ltr'><strong>evenerunt?</strong></span> <span class='ocrx_word' id='word_1_170' title='bbox 2272 1951 2633 2022; x_wconf 87' lang='lat' dir='ltr'><strong>Nesciebas</strong></span> <span class='ocrx_word' id='word_1_171' title='bbox 2681 1951 2767 2021; x_wconf 90' lang='lat' dir='ltr'><strong>ad</strong></span> 
     </span>
     <span class='ocr_line' id='line_1_20' title="bbox 233 2033 2766 2128; baseline 0.003 -25"><span class='ocrx_word' id='word_1_172' title='bbox 233 2033 549 2103; x_wconf 88' lang='lat' dir='ltr'><strong>homines</strong></span> <span class='ocrx_word' id='word_1_173' title='bbox 588 2035 843 2103; x_wconf 85' lang='lat' dir='ltr'><strong>venire-</strong></span> <span class='ocrx_word' id='word_1_174' title='bbox 869 2040 1078 2104; x_wconf 88' lang='lat' dir='ltr'><strong>Deum</strong></span> <span class='ocrx_word' id='word_1_175' title='bbox 1134 2036 1476 2104; x_wconf 74' lang='lat' dir='ltr'><strong>Verbum?</strong></span> <span class='ocrx_word' id='word_1_176' title='bbox 1506 2036 1861 2118; x_wconf 84' lang='lat' dir='ltr'><strong>Quomodo</strong></span> <span class='ocrx_word' id='word_1_177' title='bbox 1894 2058 2056 2127; x_wconf 83' lang='lat' dir='ltr'><strong>ergo</strong></span> <span class='ocrx_word' id='word_1_178' title='bbox 2086 2037 2257 2107; x_wconf 79' lang='lat' dir='ltr'><strong>dixit</strong></span> <span class='ocrx_word' id='word_1_179' title='bbox 2288 2040 2617 2128; x_wconf 88' lang='lat' dir='ltr'><strong>propheta</strong></span> <span class='ocrx_word' id='word_1_180' title='bbox 2648 2042 2766 2110; x_wconf 53' lang='lat' dir='ltr'><strong>Jes</strong></span> 
     </span>
     <span class='ocr_line' id='line_1_21' title="bbox 234 2123 2761 2218; baseline 0.003 -28"><span class='ocrx_word' id='word_1_181' title='bbox 234 2123 527 2191; x_wconf 78' lang='lat' dir='ltr'><strong>remias?</strong></span> <span class='ocrx_word' id='word_1_182' title='bbox 574 2123 697 2192; x_wconf 88' lang='lat' dir='ltr'><strong>Hic</strong></span> <span class='ocrx_word' id='word_1_183' title='bbox 729 2136 830 2194; x_wconf 85' lang='lat' dir='ltr'><strong>est</strong></span> <span class='ocrx_word' id='word_1_184' title='bbox 871 2128 1044 2193; x_wconf 90' lang='lat' dir='ltr'><strong>Deus</strong></span> <span class='ocrx_word' id='word_1_185' title='bbox 1075 2136 1325 2204; x_wconf 88' lang='lat' dir='ltr'><strong>noster,</strong></span> <span class='ocrx_word' id='word_1_186' title='bbox 1363 2145 1498 2193; x_wconf 91' lang='lat' dir='ltr'><strong>non</strong></span> <span class='ocrx_word' id='word_1_187' title='bbox 1534 2124 1967 2214; x_wconf 87' lang='lat' dir='ltr'><strong>reputabitur</strong></span> <span class='ocrx_word' id='word_1_188' title='bbox 1990 2125 2172 2196; x_wconf 87' lang='lat' dir='ltr'><strong>alius</strong></span> <span class='ocrx_word' id='word_1_189' title='bbox 2290 2142 2474 2198; x_wconf 86' lang='lat' dir='ltr'><strong>aeter</strong></span> <span class='ocrx_word' id='word_1_190' title='bbox 2505 2129 2761 2218; x_wconf 89' lang='lat' dir='ltr'><strong>ipsum.</strong></span> 
     </span>
     <span class='ocr_line' id='line_1_22' title="bbox 233 2148 2768 2297; baseline 0.002 -17"><span class='ocrx_word' id='word_1_191' title='bbox 233 2212 501 2280; x_wconf 87' lang='lat' dir='ltr'><strong>Invenit</strong></span> <span class='ocrx_word' id='word_1_192' title='bbox 537 2233 810 2280; x_wconf 87' lang='lat' dir='ltr'><strong>omnem</strong></span> <span class='ocrx_word' id='word_1_193' title='bbox 862 2212 1040 2281; x_wconf 86' lang='lat' dir='ltr'><strong>viam</strong></span> <span class='ocrx_word' id='word_1_194' title='bbox 1101 2211 1446 2292; x_wconf 89' lang='lat' dir='ltr'><strong>scientiae,</strong></span> <span class='ocrx_word' id='word_1_195' title='bbox 1500 2228 1565 2281; x_wconf 83' lang='lat' dir='ltr'><strong>et</strong></span> <span class='ocrx_word' id='word_1_196' title='bbox 1600 2213 1800 2283; x_wconf 40' lang='lat' dir='ltr'><strong>*dedit</strong></span> <span class='ocrx_word' id='word_1_197' title='bbox 1847 2236 1997 2283; x_wconf 90' lang='lat' dir='ltr'><strong>eam</strong></span> <span class='ocrx_word' id='word_1_198' title='bbox 2039 2148 2252 2285; x_wconf 58' lang='lat' dir='ltr'><strong>saculi</strong></span> <span class='ocrx_word' id='word_1_199' title='bbox 2301 2216 2444 2285; x_wconf 84' lang='lat' dir='ltr'><strong>filio</strong></span> <span class='ocrx_word' id='word_1_200' title='bbox 2500 2239 2649 2297; x_wconf 80' lang='lat' dir='ltr'><strong>sun,</strong></span> <span class='ocrx_word' id='word_1_201' title='bbox 2702 2229 2768 2286; x_wconf 90' lang='lat' dir='ltr'><strong>et</strong></span> 
     </span>
     <span class='ocr_line' id='line_1_23' title="bbox 235 2299 2768 2379; baseline 0.004 -13"><span class='ocrx_word' id='word_1_202' title='bbox 235 2299 443 2368; x_wconf 75' lang='lat' dir='ltr'><strong>Israel</strong></span> <span class='ocrx_word' id='word_1_203' title='bbox 478 2299 725 2370; x_wconf 89' lang='lat' dir='ltr'><strong>dilecto</strong></span> <span class='ocrx_word' id='word_1_204' title='bbox 772 2317 920 2369; x_wconf 79' lang='lat' dir='ltr'><strong>suo,</strong></span> <span class='ocrx_word' id='word_1_205' title='bbox 960 2305 1196 2370; x_wconf 86' lang='lat' dir='ltr'><strong>Postea</strong></span> <span class='ocrx_word' id='word_1_206' title='bbox 1242 2301 1311 2369; x_wconf 91' lang='lat' dir='ltr'><strong>in</strong></span> <span class='ocrx_word' id='word_1_207' title='bbox 1363 2313 1540 2371; x_wconf 89' lang='lat' dir='ltr'><strong>terra</strong></span> <span class='ocrx_word' id='word_1_208' title='bbox 1588 2302 1802 2379; x_wconf 89' lang='lat' dir='ltr'><strong>visus,</strong></span> <span class='ocrx_word' id='word_1_209' title='bbox 1855 2315 2106 2372; x_wconf 88' lang='lat' dir='ltr'><strong>etcum</strong></span> <span class='ocrx_word' id='word_1_210' title='bbox 2157 2304 2560 2375; x_wconf 88' lang='lat' dir='ltr'><strong>hominibus</strong></span> <span class='ocrx_word' id='word_1_211' title='bbox 2603 2327 2768 2377; x_wconf 86' lang='lat' dir='ltr'><strong>con-</strong></span> 
     </span>
     <span class='ocr_line' id='line_1_24' title="bbox 231 2389 1344 2477; baseline 0.003 -23"><span class='ocrx_word' id='word_1_212' title='bbox 231 2401 539 2457; x_wconf 86' lang='lat' dir='ltr'><strong>versatus</strong></span> <span class='ocrx_word' id='word_1_213' title='bbox 586 2402 686 2457; x_wconf 90' lang='lat' dir='ltr'><strong>est</strong></span> <span class='ocrx_word' id='word_1_214' title='bbox 734 2393 870 2470; x_wconf 71' lang='lat' dir='ltr'><strong>(Ex</strong></span> <span class='ocrx_word' id='word_1_215' title='bbox 905 2391 1168 2458; x_wconf 76' lang='lat' dir='ltr'><strong>Bar-ach</strong></span> <span class='ocrx_word' id='word_1_216' title='bbox 1215 2389 1344 2477; x_wconf 81' lang='grc' dir='ltr'><strong>ιιι).</strong></span> 
     </span>
    </p>

    <p class='ocr_par' dir='ltr' id='par_1_7' title="bbox 224 2476 2769 4144">
     <span class='ocr_line' id='line_1_25' title="bbox 322 2476 2767 2571; baseline 0.002 -23"><span class='ocrx_word' id='word_1_217' title='bbox 322 2479 358 2564; x_wconf 68' lang='grc' dir='ltr'>ξ</span> <span class='ocrx_word' id='word_1_218' title='bbox 387 2482 480 2549; x_wconf 73' lang='grc' dir='ltr'><strong>θ.</strong></span> <span class='ocrx_word' id='word_1_219' title='bbox 522 2476 647 2547; x_wconf 91' lang='lat' dir='ltr'><strong>Sed</strong></span> <span class='ocrx_word' id='word_1_220' title='bbox 686 2477 1053 2569; x_wconf 79' lang='lat' dir='ltr'><strong>Virginem,</strong></span> <span class='ocrx_word' id='word_1_221' title='bbox 1088 2500 1128 2547; x_wconf 94' lang='lat' dir='ltr'><strong>o</strong></span> <span class='ocrx_word' id='word_1_222' title='bbox 1159 2479 1434 2559; x_wconf 82' lang='lat' dir='ltr'><strong>Judaee,</strong></span> <span class='ocrx_word' id='word_1_223' title='bbox 1471 2501 1606 2548; x_wconf 89' lang='lat' dir='ltr'><strong>non</strong></span> <span class='ocrx_word' id='word_1_224' title='bbox 1638 2479 1863 2549; x_wconf 88' lang='lat' dir='ltr'><strong>credis</strong></span> <span class='ocrx_word' id='word_1_225' title='bbox 1894 2479 2263 2571; x_wconf 88' lang='lat' dir='ltr'><strong>peperisse.</strong></span> <span class='ocrx_word' id='word_1_226' title='bbox 2291 2482 2643 2565; x_wconf 90' lang='lat' dir='ltr'><strong>Quomodo</strong></span> <span class='ocrx_word' id='word_1_227' title='bbox 2671 2482 2767 2552; x_wconf 90' lang='lat' dir='ltr'><strong>le-</strong></span> 
     </span>
     <span class='ocr_line' id='line_1_26' title="bbox 232 2566 2769 2662; baseline 0.003 -29"><span class='ocrx_word' id='word_1_228' title='bbox 232 2566 391 2655; x_wconf 85' lang='lat' dir='ltr'><strong>gisti</strong></span> <span class='ocrx_word' id='word_1_229' title='bbox 420 2568 821 2656; x_wconf 84' lang='lat' dir='ltr'><strong>prophetam</strong></span> <span class='ocrx_word' id='word_1_230' title='bbox 857 2568 1104 2636; x_wconf 90' lang='lat' dir='ltr'><strong>Isaiam</strong></span> <span class='ocrx_word' id='word_1_231' title='bbox 1133 2568 1581 2637; x_wconf 89' lang='lat' dir='ltr'><strong>clamantem:</strong></span> <span class='ocrx_word' id='word_1_232' title='bbox 1611 2574 1775 2637; x_wconf 84' lang='lat' dir='ltr'><strong>Ecce</strong></span> <span class='ocrx_word' id='word_1_233' title='bbox 1799 2571 1990 2659; x_wconf 70' lang='lat' dir='ltr'><strong>viv-90</strong></span> <span class='ocrx_word' id='word_1_234' title='bbox 2021 2569 2090 2637; x_wconf 88' lang='lat' dir='ltr'><strong>in</strong></span> <span class='ocrx_word' id='word_1_235' title='bbox 2117 2583 2310 2639; x_wconf 88' lang='lat' dir='ltr'><strong>utero</strong></span> <span class='ocrx_word' id='word_1_236' title='bbox 2336 2573 2678 2662; x_wconf 78' lang='lat' dir='ltr'><strong>concipiet,</strong></span> <span class='ocrx_word' id='word_1_237' title='bbox 2706 2583 2769 2642; x_wconf 83' lang='lat' dir='ltr'><strong>et</strong></span> 
     </span>
     <span class='ocr_line' id='line_1_27' title="bbox 226 2657 2769 2751; baseline 0.003 -29"><span class='ocrx_word' id='word_1_238' title='bbox 226 2657 452 2744; x_wconf 82' lang='lat' dir='ltr'><strong>pariet</strong></span> <span class='ocrx_word' id='word_1_239' title='bbox 477 2657 721 2745; x_wconf 81' lang='lat' dir='ltr'><strong>fili-am,</strong></span> <span class='ocrx_word' id='word_1_240' title='bbox 754 2667 815 2724; x_wconf 77' lang='lat' dir='ltr'><strong>et</strong></span> <span class='ocrx_word' id='word_1_241' title='bbox 835 2658 1161 2725; x_wconf 79' lang='lat' dir='ltr'><strong>vocabunt</strong></span> <span class='ocrx_word' id='word_1_242' title='bbox 1188 2679 1423 2725; x_wconf 83' lang='lat' dir='ltr'><strong>nomen</strong></span> <span class='ocrx_word' id='word_1_243' title='bbox 1453 2659 1597 2725; x_wconf 81' lang='lat' dir='ltr'><strong>e&#39;us</strong></span> <span class='ocrx_word' id='word_1_244' title='bbox 1632 2662 2053 2739; x_wconf 84' lang='lat' dir='ltr'><strong>Emmanuel,</strong></span> <span class='ocrx_word' id='word_1_245' title='bbox 2093 2658 2275 2745; x_wconf 89' lang='lat' dir='ltr'><strong>quod</strong></span> <span class='ocrx_word' id='word_1_246' title='bbox 2311 2672 2412 2728; x_wconf 87' lang='lat' dir='ltr'><strong>est</strong></span> <span class='ocrx_word' id='word_1_247' title='bbox 2438 2660 2769 2751; x_wconf 91' lang='lat' dir='ltr'><strong>interpre-</strong></span> 
     </span>
     <span class='ocr_line' id='line_1_28' title="bbox 231 2745 2769 2847; baseline 0.004 -37"><span class='ocrx_word' id='word_1_248' title='bbox 231 2755 447 2813; x_wconf 86' lang='lat' dir='ltr'><strong>tatum</strong></span> <span class='ocrx_word' id='word_1_249' title='bbox 496 2746 844 2814; x_wconf 76' lang='lat' dir='ltr'><strong>Nobiscum</strong></span> <span class='ocrx_word' id='word_1_250' title='bbox 876 2746 1109 2814; x_wconf 74' lang='lat' dir='ltr'><strong>Deus?</strong></span> <span class='ocrx_word' id='word_1_251' title='bbox 1146 2745 1274 2813; x_wconf 91' lang='lat' dir='ltr'><strong>Sed</strong></span> <span class='ocrx_word' id='word_1_252' title='bbox 1324 2766 1460 2832; x_wconf 91' lang='lat' dir='ltr'><strong>quo</strong></span> <span class='ocrx_word' id='word_1_253' title='bbox 1553 2758 1703 2835; x_wconf 88' lang='lat' dir='ltr'><strong>post</strong></span> <span class='ocrx_word' id='word_1_254' title='bbox 1756 2759 2025 2847; x_wconf 90' lang='lat' dir='ltr'><strong>partum</strong></span> <span class='ocrx_word' id='word_1_255' title='bbox 2078 2747 2330 2817; x_wconf 91' lang='lat' dir='ltr'><strong>mansit</strong></span> <span class='ocrx_word' id='word_1_256' title='bbox 2376 2748 2587 2839; x_wconf 84' lang='lat' dir='ltr'><strong>virg0‚</strong></span> <span class='ocrx_word' id='word_1_257' title='bbox 2641 2749 2769 2819; x_wconf 86' lang='lat' dir='ltr'><strong>hoc</strong></span> 
     </span>
     <span class='ocr_line' id='line_1_29' title="bbox 228 2833 2768 2927; baseline 0.003 -27"><span class='ocrx_word' id='word_1_258' title='bbox 228 2853 503 2920; x_wconf 89' lang='lat' dir='ltr'><strong>quoque</strong></span> <span class='ocrx_word' id='word_1_259' title='bbox 529 2833 833 2902; x_wconf 88' lang='lat' dir='ltr'><strong>didicisti</strong></span> <span class='ocrx_word' id='word_1_260' title='bbox 858 2833 945 2902; x_wconf 87' lang='lat' dir='ltr'><strong>ab</strong></span> <span class='ocrx_word' id='word_1_261' title='bbox 967 2833 1334 2902; x_wconf 84' lang='lat' dir='ltr'><strong>Ezechiele.</strong></span> <span class='ocrx_word' id='word_1_262' title='bbox 1366 2834 1564 2904; x_wconf 83' lang='lat' dir='ltr'><strong>Duxit</strong></span> <span class='ocrx_word' id='word_1_263' title='bbox 1597 2856 1728 2915; x_wconf 90' lang='lat' dir='ltr'><strong>me,</strong></span> <span class='ocrx_word' id='word_1_264' title='bbox 1753 2836 2001 2922; x_wconf 87' lang='lat' dir='ltr'><strong>mquit,</strong></span> <span class='ocrx_word' id='word_1_265' title='bbox 2032 2836 2353 2924; x_wconf 80' lang='lat' dir='ltr'><strong>AngeluS,</strong></span> <span class='ocrx_word' id='word_1_266' title='bbox 2390 2837 2473 2906; x_wconf 85' lang='lat' dir='ltr'><strong>ad</strong></span> <span class='ocrx_word' id='word_1_267' title='bbox 2503 2850 2768 2927; x_wconf 86' lang='lat' dir='ltr'><strong>portam</strong></span> 
     </span>
     <span class='ocr_line' id='line_1_30' title="bbox 234 2921 2769 3010; baseline 0.002 -20"><span class='ocrx_word' id='word_1_268' title='bbox 234 2921 553 3003; x_wconf 81' lang='lat' dir='ltr'><strong>OrientiS,</strong></span> <span class='ocrx_word' id='word_1_269' title='bbox 590 2936 655 2990; x_wconf 91' lang='lat' dir='ltr'><strong>et</strong></span> <span class='ocrx_word' id='word_1_270' title='bbox 688 2921 858 2991; x_wconf 83' lang='lat' dir='ltr'><strong>dixit</strong></span> <span class='ocrx_word' id='word_1_271' title='bbox 890 2921 1059 2991; x_wconf 91' lang='lat' dir='ltr'><strong>mihi</strong></span> <span class='ocrx_word' id='word_1_272' title='bbox 1090 2945 1104 2988; x_wconf 91' lang='lat'><strong>:</strong></span> <span class='ocrx_word' id='word_1_273' title='bbox 1149 2923 1269 2991; x_wconf 88' lang='lat' dir='ltr'><strong>Fili</strong></span> <span class='ocrx_word' id='word_1_274' title='bbox 1303 2923 1628 3003; x_wconf 86' lang='lat' dir='ltr'><strong>hominis,</strong></span> <span class='ocrx_word' id='word_1_275' title='bbox 1663 2924 1828 3010; x_wconf 87' lang='lat' dir='ltr'><strong>quid</strong></span> <span class='ocrx_word' id='word_1_276' title='bbox 1870 2936 1941 2992; x_wconf 91' lang='lat' dir='ltr'><strong>tu</strong></span> <span class='ocrx_word' id='word_1_277' title='bbox 1967 2922 2200 2993; x_wconf 76' lang='lat' dir='ltr'><strong>vides?</strong></span> <span class='ocrx_word' id='word_1_278' title='bbox 2230 2929 2307 2994; x_wconf 84' lang='lat' dir='ltr'><strong>Et</strong></span> <span class='ocrx_word' id='word_1_279' title='bbox 2343 2925 2518 2995; x_wconf 84' lang='lat' dir='ltr'><strong>dixi:</strong></span> <span class='ocrx_word' id='word_1_280' title='bbox 2563 2926 2769 2995; x_wconf 90' lang='lat' dir='ltr'><strong>Video</strong></span> 
     </span>
     <span class='ocr_line' id='line_1_31' title="bbox 229 3010 2769 3105; baseline 0.002 -27"><span class='ocrx_word' id='word_1_281' title='bbox 229 3030 355 3099; x_wconf 82' lang='lat' dir='ltr'><strong>ego</strong></span> <span class='ocrx_word' id='word_1_282' title='bbox 390 3022 648 3100; x_wconf 90' lang='lat' dir='ltr'><strong>portam</strong></span> <span class='ocrx_word' id='word_1_283' title='bbox 686 3010 1021 3081; x_wconf 84' lang='lat' dir='ltr'><strong>clausam.</strong></span> <span class='ocrx_word' id='word_1_284' title='bbox 1054 3015 1130 3080; x_wconf 84' lang='lat' dir='ltr'><strong>Et</strong></span> <span class='ocrx_word' id='word_1_285' title='bbox 1155 3010 1326 3080; x_wconf 76' lang='lat' dir='ltr'><strong>dixit</strong></span> <span class='ocrx_word' id='word_1_286' title='bbox 1342 3010 1566 3081; x_wconf 78' lang='lat' dir='ltr'><strong>mihi:</strong></span> <span class='ocrx_word' id='word_1_287' title='bbox 1599 3017 1777 3081; x_wconf 86' lang='lat' dir='ltr'><strong>Haec</strong></span> <span class='ocrx_word' id='word_1_288' title='bbox 1799 3024 1909 3081; x_wconf 81' lang='lat' dir='ltr'><strong>est</strong></span> <span class='ocrx_word' id='word_1_289' title='bbox 1940 3025 2129 3104; x_wconf 85' lang='lat' dir='ltr'><strong>porta</strong></span> <span class='ocrx_word' id='word_1_290' title='bbox 2154 3038 2166 3077; x_wconf 93' lang='lat'>:</span> <span class='ocrx_word' id='word_1_291' title='bbox 2187 3034 2401 3084; x_wconf 65' lang='lat' dir='ltr'><strong>memo</strong></span> <span class='ocrx_word' id='word_1_292' title='bbox 2426 3014 2769 3105; x_wconf 83' lang='lat' dir='ltr'><strong>ingredie-</strong></span> 
     </span>
     <span class='ocr_line' id='line_1_32' title="bbox 230 3100 2769 3193; baseline 0.002 -27"><span class='ocrx_word' id='word_1_293' title='bbox 230 3110 342 3166; x_wconf 89' lang='lat' dir='ltr'><strong>tur</strong></span> <span class='ocrx_word' id='word_1_294' title='bbox 377 3121 496 3188; x_wconf 88' lang='lat' dir='ltr'><strong>per</strong></span> <span class='ocrx_word' id='word_1_295' title='bbox 527 3100 775 3190; x_wconf 87' lang='lat' dir='ltr'><strong>ipsam,</strong></span> <span class='ocrx_word' id='word_1_296' title='bbox 818 3120 1039 3186; x_wconf 86' lang='lat' dir='ltr'><strong>neque</strong></span> <span class='ocrx_word' id='word_1_297' title='bbox 1069 3101 1459 3190; x_wconf 83' lang='lat' dir='ltr'><strong>egredietur</strong></span> <span class='ocrx_word' id='word_1_298' title='bbox 1493 3101 1624 3169; x_wconf 91' lang='lat' dir='ltr'><strong>nisi</strong></span> <span class='ocrx_word' id='word_1_299' title='bbox 1665 3101 1999 3172; x_wconf 88' lang='lat' dir='ltr'><strong>Dominus</strong></span> <span class='ocrx_word' id='word_1_300' title='bbox 2034 3102 2326 3172; x_wconf 89' lang='lat' dir='ltr'><strong>Sabaoth</strong></span> <span class='ocrx_word' id='word_1_301' title='bbox 2364 3103 2577 3173; x_wconf 91' lang='lat' dir='ltr'><strong>solus.</strong></span> <span class='ocrx_word' id='word_1_302' title='bbox 2615 3109 2769 3193; x_wconf 92' lang='lat' dir='ltr'><strong>Ipse</strong></span> 
     </span>
     <span class='ocr_line' id='line_1_33' title="bbox 230 3186 2769 3282; baseline 0.002 -29"><span class='ocrx_word' id='word_1_303' title='bbox 230 3186 656 3276; x_wconf 87' lang='lat' dir='ltr'><strong>ingredietur</strong></span> <span class='ocrx_word' id='word_1_304' title='bbox 700 3200 765 3256; x_wconf 91' lang='lat' dir='ltr'><strong>et</strong></span> <span class='ocrx_word' id='word_1_305' title='bbox 795 3188 1206 3279; x_wconf 85' lang='lat' dir='ltr'><strong>egredietur,</strong></span> <span class='ocrx_word' id='word_1_306' title='bbox 1244 3203 1308 3258; x_wconf 91' lang='lat' dir='ltr'><strong>et</strong></span> <span class='ocrx_word' id='word_1_307' title='bbox 1346 3188 1474 3258; x_wconf 84' lang='lat' dir='ltr'><strong>erit</strong></span> <span class='ocrx_word' id='word_1_308' title='bbox 1503 3204 1696 3278; x_wconf 88' lang='lat' dir='ltr'><strong>porta</strong></span> <span class='ocrx_word' id='word_1_309' title='bbox 1744 3189 1983 3259; x_wconf 87' lang='lat' dir='ltr'><strong>clausa</strong></span> <span class='ocrx_word' id='word_1_310' title='bbox 2011 3190 2283 3279; x_wconf 75' lang='lat' dir='ltr'><strong>(Ezech.</strong></span> <span class='ocrx_word' id='word_1_311' title='bbox 2319 3192 2511 3282; x_wconf 79' lang='lat' dir='ltr'><strong>xmv).</strong></span> <span class='ocrx_word' id='word_1_312' title='bbox 2553 3194 2769 3275; x_wconf 90' lang='lat' dir='ltr'><strong>Quin-</strong></span> 
     </span>
     <span class='ocr_line' id='line_1_34' title="bbox 230 3276 2767 3363; baseline 0.002 -20"><span class='ocrx_word' id='word_1_313' title='bbox 230 3276 436 3344; x_wconf 85' lang='lat' dir='ltr'><strong>etiam</strong></span> <span class='ocrx_word' id='word_1_314' title='bbox 486 3276 668 3363; x_wconf 88' lang='lat' dir='ltr'><strong>quod</strong></span> <span class='ocrx_word' id='word_1_315' title='bbox 718 3277 838 3362; x_wconf 84' lang='lat' dir='ltr'><strong>qni</strong></span> <span class='ocrx_word' id='word_1_316' title='bbox 885 3290 988 3346; x_wconf 87' lang='lat' dir='ltr'><strong>est</strong></span> <span class='ocrx_word' id='word_1_317' title='bbox 1034 3278 1260 3348; x_wconf 91' lang='lat' dir='ltr'><strong>omnis</strong></span> <span class='ocrx_word' id='word_1_318' title='bbox 1291 3291 1556 3347; x_wconf 89' lang='lat' dir='ltr'><strong>creatae</strong></span> <span class='ocrx_word' id='word_1_319' title='bbox 1598 3290 1883 3347; x_wconf 82' lang='lat' dir='ltr'><strong>naturae</strong></span> <span class='ocrx_word' id='word_1_320' title='bbox 1927 3276 2289 3361; x_wconf 76' lang='lat' dir='ltr'><strong>Dominus,</strong></span> <span class='ocrx_word' id='word_1_321' title='bbox 2330 3294 2658 3350; x_wconf 83' lang='lat' dir='ltr'><strong>nascatur</strong></span> <span class='ocrx_word' id='word_1_322' title='bbox 2697 3281 2767 3349; x_wconf 92' lang='lat' dir='ltr'><strong>in</strong></span> 
     </span>
     <span class='ocr_line' id='line_1_35' title="bbox 230 3362 2761 3458; baseline 0.003 -28"><span class='ocrx_word' id='word_1_323' title='bbox 230 3362 348 3431; x_wconf 88' lang='lat' dir='ltr'><strong>vili</strong></span> <span class='ocrx_word' id='word_1_324' title='bbox 391 3363 540 3435; x_wconf 92' lang='lat' dir='ltr'><strong>loco</strong></span> <span class='ocrx_word' id='word_1_325' title='bbox 570 3365 935 3446; x_wconf 89' lang='lat' dir='ltr'><strong>Bethleem,</strong></span> <span class='ocrx_word' id='word_1_326' title='bbox 972 3366 1101 3436; x_wconf 86' lang='lat' dir='ltr'><strong>hoc</strong></span> <span class='ocrx_word' id='word_1_327' title='bbox 1142 3388 1415 3454; x_wconf 85' lang='lat' dir='ltr'><strong>quoque</strong></span> <span class='ocrx_word' id='word_1_328' title='bbox 1464 3367 1659 3455; x_wconf 88' lang='lat' dir='ltr'><strong>prius</strong></span> <span class='ocrx_word' id='word_1_329' title='bbox 1707 3367 2004 3437; x_wconf 90' lang='lat' dir='ltr'><strong>didicisti</strong></span> <span class='ocrx_word' id='word_1_330' title='bbox 2043 3391 2083 3437; x_wconf 89' lang='lat' dir='ltr'><strong>a</strong></span> <span class='ocrx_word' id='word_1_331' title='bbox 2121 3369 2450 3458; x_wconf 85' lang='lat' dir='ltr'><strong>propheta</strong></span> <span class='ocrx_word' id='word_1_332' title='bbox 2483 3369 2761 3450; x_wconf 84' lang='lat' dir='ltr'><strong>Michea,</strong></span> 
     </span>
     <span class='ocr_line' id='line_1_36' title="bbox 228 3450 2768 3549; baseline 0.004 -30"><span class='ocrx_word' id='word_1_333' title='bbox 228 3450 498 3522; x_wconf 88' lang='lat' dir='ltr'><strong>dicente</strong></span> <span class='ocrx_word' id='word_1_334' title='bbox 524 3476 538 3516; x_wconf 71' lang='grc' dir='ltr'>ε</span> <span class='ocrx_word' id='word_1_335' title='bbox 564 3459 645 3523; x_wconf 78' lang='lat' dir='ltr'><strong>Et</strong></span> <span class='ocrx_word' id='word_1_336' title='bbox 676 3464 749 3522; x_wconf 80' lang='lat' dir='ltr'><strong>tu</strong></span> <span class='ocrx_word' id='word_1_337' title='bbox 780 3455 1117 3524; x_wconf 71' lang='lat' dir='ltr'><strong>Bethleem</strong></span> <span class='ocrx_word' id='word_1_338' title='bbox 1151 3466 1337 3524; x_wconf 77' lang='lat' dir='ltr'><strong>ter-ra</strong></span> <span class='ocrx_word' id='word_1_339' title='bbox 1359 3456 1564 3536; x_wconf 72' lang='lat' dir='ltr'><strong>luda,</strong></span> <span class='ocrx_word' id='word_1_340' title='bbox 1599 3479 2031 3547; x_wconf 80' lang='lat' dir='ltr'><strong>nequaquam</strong></span> <span class='ocrx_word' id='word_1_341' title='bbox 2057 3479 2126 3526; x_wconf 82' lang='lat' dir='ltr'><strong>es</strong></span> <span class='ocrx_word' id='word_1_342' title='bbox 2173 3459 2457 3527; x_wconf 80' lang='lat' dir='ltr'><strong>minima</strong></span> <span class='ocrx_word' id='word_1_343' title='bbox 2485 3460 2768 3549; x_wconf 51' lang='lat' dir='ltr'><strong>inprin-</strong></span> 
     </span>
     <span class='ocr_line' id='line_1_37' title="bbox 227 3542 2769 3638; baseline 0.003 -30"><span class='ocrx_word' id='word_1_344' title='bbox 227 3542 480 3631; x_wconf 78' lang='lat' dir='ltr'><strong>cipibus</strong></span> <span class='ocrx_word' id='word_1_345' title='bbox 505 3543 732 3611; x_wconf 80' lang='lat' dir='ltr'><strong>Juda:</strong></span> <span class='ocrx_word' id='word_1_346' title='bbox 784 3547 892 3612; x_wconf 77' lang='grc' dir='ltr'><strong>Εω</strong></span> <span class='ocrx_word' id='word_1_347' title='bbox 946 3554 1008 3612; x_wconf 82' lang='lat' dir='ltr'><strong>te</strong></span> <span class='ocrx_word' id='word_1_348' title='bbox 1040 3546 1217 3612; x_wconf 82' lang='lat' dir='ltr'><strong>enim</strong></span> <span class='ocrx_word' id='word_1_349' title='bbox 1257 3545 1432 3613; x_wconf 72' lang='lat' dir='ltr'><strong>mihi</strong></span> <span class='ocrx_word' id='word_1_350' title='bbox 1478 3546 1694 3613; x_wconf 74' lang='lat' dir='ltr'><strong>ewibit</strong></span> <span class='ocrx_word' id='word_1_351' title='bbox 1745 3550 1930 3626; x_wconf 73' lang='lat' dir='ltr'><strong>Dum,</strong></span> <span class='ocrx_word' id='word_1_352' title='bbox 1987 3548 2113 3637; x_wconf 75' lang='lat' dir='ltr'><strong>qai</strong></span> <span class='ocrx_word' id='word_1_353' title='bbox 2146 3558 2383 3636; x_wconf 78' lang='lat' dir='ltr'><strong>pascet</strong></span> <span class='ocrx_word' id='word_1_354' title='bbox 2436 3550 2769 3638; x_wconf 77' lang='lat' dir='ltr'><strong>populum</strong></span> 
     </span>
     <span class='ocr_line' id='line_1_38' title="bbox 224 3632 2765 3723; baseline 0.003 -26"><span class='ocrx_word' id='word_1_355' title='bbox 224 3648 445 3698; x_wconf 79' lang='lat' dir='ltr'><strong>meum</strong></span> <span class='ocrx_word' id='word_1_356' title='bbox 487 3634 706 3700; x_wconf 66' lang='lat' dir='ltr'><strong>Israel</strong></span> <span class='ocrx_word' id='word_1_357' title='bbox 731 3632 872 3721; x_wconf 76' lang='lat' dir='ltr'><strong>(Em</strong></span> <span class='ocrx_word' id='word_1_358' title='bbox 895 3633 1091 3700; x_wconf 75' lang='lat' dir='ltr'><strong>Mioh.</strong></span> <span class='ocrx_word' id='word_1_359' title='bbox 1129 3637 1216 3716; x_wconf 88' lang='lat' dir='ltr'><strong>v).</strong></span> <span class='ocrx_word' id='word_1_360' title='bbox 1257 3637 1427 3701; x_wconf 85' lang='lat' dir='ltr'><strong>Tum</strong></span> <span class='ocrx_word' id='word_1_361' title='bbox 1469 3654 1624 3702; x_wconf 89' lang='lat' dir='ltr'><strong>vero</strong></span> <span class='ocrx_word' id='word_1_362' title='bbox 1656 3633 2173 3720; x_wconf 77' lang='lat' dir='ltr'><strong>quod‘Herodes</strong></span> <span class='ocrx_word' id='word_1_363' title='bbox 2219 3655 2498 3723; x_wconf 87' lang='lat' dir='ltr'><strong>quoque</strong></span> <span class='ocrx_word' id='word_1_364' title='bbox 2537 3635 2625 3706; x_wconf 91' lang='lat' dir='ltr'><strong>sit</strong></span> <span class='ocrx_word' id='word_1_365' title='bbox 2658 3636 2765 3706; x_wconf 87' lang='lat' dir='ltr'><strong>in-</strong></span> 
     </span>
     <span class='ocr_line' id='line_1_39' title="bbox 228 3717 2761 3814; baseline 0.004 -30"><span class='ocrx_word' id='word_1_366' title='bbox 228 3717 447 3788; x_wconf 86' lang='lat' dir='ltr'><strong>fantes</strong></span> <span class='ocrx_word' id='word_1_367' title='bbox 485 3720 845 3790; x_wconf 88' lang='lat' dir='ltr'><strong>occisurus</strong></span> <span class='ocrx_word' id='word_1_368' title='bbox 896 3735 1171 3811; x_wconf 90' lang='lat' dir='ltr'><strong>propter</strong></span> <span class='ocrx_word' id='word_1_369' title='bbox 1223 3720 1595 3802; x_wconf 81' lang='lat' dir='ltr'><strong>Christum,</strong></span> <span class='ocrx_word' id='word_1_370' title='bbox 1648 3723 1771 3809; x_wconf 87' lang='lat' dir='ltr'><strong>qui</strong></span> <span class='ocrx_word' id='word_1_371' title='bbox 1821 3743 1955 3790; x_wconf 89' lang='lat' dir='ltr'><strong>non</strong></span> <span class='ocrx_word' id='word_1_372' title='bbox 1994 3735 2209 3811; x_wconf 91' lang='lat' dir='ltr'><strong>potest</strong></span> <span class='ocrx_word' id='word_1_373' title='bbox 2242 3724 2761 3814; x_wconf 79' lang='lat' dir='ltr'><strong>comprehendi,</strong></span> 
     </span>
     <span class='ocr_line' id='line_1_40' title="bbox 229 3807 2769 3900; baseline 0.004 -27"><span class='ocrx_word' id='word_1_374' title='bbox 229 3826 314 3875; x_wconf 88' lang='lat' dir='ltr'><strong>ne</strong></span> <span class='ocrx_word' id='word_1_375' title='bbox 362 3807 490 3878; x_wconf 92' lang='lat' dir='ltr'><strong>hoc</strong></span> <span class='ocrx_word' id='word_1_376' title='bbox 527 3808 805 3895; x_wconf 88' lang='lat' dir='ltr'><strong>quidem</strong></span> <span class='ocrx_word' id='word_1_377' title='bbox 832 3823 934 3879; x_wconf 88' lang='lat' dir='ltr'><strong>est</strong></span> <span class='ocrx_word' id='word_1_378' title='bbox 967 3810 1404 3900; x_wconf 89' lang='lat' dir='ltr'><strong>praeteritum</strong></span> <span class='ocrx_word' id='word_1_379' title='bbox 1456 3810 1754 3892; x_wconf 86' lang='lat' dir='ltr'><strong>silentio,</strong></span> <span class='ocrx_word' id='word_1_380' title='bbox 1792 3810 1906 3880; x_wconf 88' lang='lat' dir='ltr'><strong>sed</strong></span> <span class='ocrx_word' id='word_1_381' title='bbox 1940 3810 2041 3880; x_wconf 89' lang='lat' dir='ltr'><strong>sic</strong></span> <span class='ocrx_word' id='word_1_382' title='bbox 2076 3811 2411 3900; x_wconf 85' lang='lat' dir='ltr'><strong>scriptum</strong></span> <span class='ocrx_word' id='word_1_383' title='bbox 2446 3827 2584 3884; x_wconf 87' lang='lat' dir='ltr'><strong>est:</strong></span> <span class='ocrx_word' id='word_1_384' title='bbox 2629 3819 2769 3884; x_wconf 76' lang='lat' dir='ltr'><strong>Vom</strong></span> 
     </span>
     <span class='ocr_line' id='line_1_41' title="bbox 228 3895 2768 3992; baseline 0.004 -30"><span class='ocrx_word' id='word_1_385' title='bbox 228 3895 300 3962; x_wconf 83' lang='lat' dir='ltr'><strong>in</strong></span> <span class='ocrx_word' id='word_1_386' title='bbox 344 3900 555 3966; x_wconf 85' lang='lat' dir='ltr'><strong>Rama</strong></span> <span class='ocrx_word' id='word_1_387' title='bbox 596 3899 837 3975; x_wconf 70' lang='lat' dir='ltr'><strong>atdita</strong></span> <span class='ocrx_word' id='word_1_388' title='bbox 878 3909 1014 3966; x_wconf 78' lang='lat' dir='ltr'><strong>cst:</strong></span> <span class='ocrx_word' id='word_1_389' title='bbox 1056 3902 1274 3967; x_wconf 81' lang='lat' dir='ltr'><strong>lactus</strong></span> <span class='ocrx_word' id='word_1_390' title='bbox 1311 3903 1565 3968; x_wconf 77' lang='lat' dir='ltr'><strong>multus</strong></span> <span class='ocrx_word' id='word_1_391' title='bbox 1604 3910 1667 3967; x_wconf 81' lang='lat' dir='ltr'><strong>et</strong></span> <span class='ocrx_word' id='word_1_392' title='bbox 1710 3900 1945 3990; x_wconf 75' lang='lat' dir='ltr'><strong>fletus:</strong></span> <span class='ocrx_word' id='word_1_393' title='bbox 1998 3900 2249 3970; x_wconf 76' lang='lat' dir='ltr'><strong>Rachel</strong></span> <span class='ocrx_word' id='word_1_394' title='bbox 2276 3904 2553 3992; x_wconf 78' lang='lat' dir='ltr'><strong>plorans</strong></span> <span class='ocrx_word' id='word_1_395' title='bbox 2591 3904 2768 3992; x_wconf 68' lang='lat' dir='ltr'><strong>filios</strong></span> 
     </span>
     <span class='ocr_line' id='line_1_42' title="bbox 228 3988 2768 4081; baseline 0.005 -32"><span class='ocrx_word' id='word_1_396' title='bbox 228 4003 399 4065; x_wconf 74' lang='lat' dir='ltr'><strong>suos,</strong></span> <span class='ocrx_word' id='word_1_397' title='bbox 449 3996 513 4055; x_wconf 87' lang='lat' dir='ltr'><strong>et</strong></span> <span class='ocrx_word' id='word_1_398' title='bbox 541 3988 760 4056; x_wconf 81' lang='lat' dir='ltr'><strong>noluit</strong></span> <span class='ocrx_word' id='word_1_399' title='bbox 803 3990 1315 4057; x_wconf 77' lang='lat' dir='ltr'><strong>consolationem</strong></span> <span class='ocrx_word' id='word_1_400' title='bbox 1345 3989 1721 4069; x_wconf 74' lang='lat' dir='ltr'><strong>admittere,</strong></span> <span class='ocrx_word' id='word_1_401' title='bbox 1782 3991 2101 4080; x_wconf 74' lang='lat' dir='ltr'><strong>quoniam</strong></span> <span class='ocrx_word' id='word_1_402' title='bbox 2148 4013 2281 4059; x_wconf 79' lang='lat' dir='ltr'><strong>non</strong></span> <span class='ocrx_word' id='word_1_403' title='bbox 2309 4002 2464 4060; x_wconf 76' lang='lat' dir='ltr'><strong>sant</strong></span> <span class='ocrx_word' id='word_1_404' title='bbox 2489 3991 2633 4081; x_wconf 81' lang='grc' dir='ltr'><strong>(Εω</strong></span> <span class='ocrx_word' id='word_1_405' title='bbox 2657 3996 2768 4061; x_wconf 88' lang='lat' dir='ltr'><strong>Je-</strong></span> 
     </span>
     <span class='ocr_line' id='line_1_43' title="bbox 226 4093 637 4144; baseline 0.01 -6"><span class='ocrx_word' id='word_1_406' title='bbox 226 4093 391 4140; x_wconf 85' lang='lat' dir='ltr'><strong>rem.</strong></span> <span class='ocrx_word' id='word_1_407' title='bbox 434 4096 586 4144; x_wconf 81' lang='lat' dir='ltr'>xxx1</span> <span class='ocrx_word' id='word_1_408' title='bbox 624 4130 637 4142; x_wconf 92' lang='lat'><strong>.</strong></span> 
     </span>
    </p>

    <p class='ocr_par' dir='ltr' id='par_1_8' title="bbox 222 4073 2766 4347">
     <span class='ocr_line' id='line_1_44' title="bbox 312 4073 2766 4259; baseline 0.002 -27"><span class='ocrx_word' id='word_1_409' title='bbox 312 4162 350 4244; x_wconf 71' lang='grc' dir='ltr'>ἓ</span> <span class='ocrx_word' id='word_1_410' title='bbox 393 4165 469 4232; x_wconf 64' lang='lat'><strong>2.</strong></span> <span class='ocrx_word' id='word_1_411' title='bbox 510 4073 689 4233; x_wconf 60' lang='lat' dir='ltr'><strong>ngc</strong></span> <span class='ocrx_word' id='word_1_412' title='bbox 735 4184 898 4254; x_wconf 79' lang='lat' dir='ltr'><strong>ergo</strong></span> <span class='ocrx_word' id='word_1_413' title='bbox 947 4165 1142 4255; x_wconf 88' lang='lat' dir='ltr'><strong>prius</strong></span> <span class='ocrx_word' id='word_1_414' title='bbox 1180 4164 1509 4248; x_wconf 90' lang='lat' dir='ltr'><strong>didicisti,</strong></span> <span class='ocrx_word' id='word_1_415' title='bbox 1542 4188 1582 4237; x_wconf 99' lang='lat' dir='ltr'><strong>o</strong></span> <span class='ocrx_word' id='word_1_416' title='bbox 1621 4166 1905 4249; x_wconf 86' lang='lat' dir='ltr'><strong>Judaee‚</strong></span> <span class='ocrx_word' id='word_1_417' title='bbox 1954 4189 2074 4259; x_wconf 88' lang='lat' dir='ltr'><strong>per</strong></span> <span class='ocrx_word' id='word_1_418' title='bbox 2107 4168 2501 4257; x_wconf 81' lang='lat' dir='ltr'><strong>ProphetaS,</strong></span> <span class='ocrx_word' id='word_1_419' title='bbox 2539 4180 2617 4238; x_wconf 87' lang='lat' dir='ltr'><strong>ut</strong></span> <span class='ocrx_word' id='word_1_420' title='bbox 2648 4190 2766 4258; x_wconf 89' lang='lat' dir='ltr'><strong>pa·</strong></span> 
     </span>
     <span class='ocr_line' id='line_1_45' title="bbox 222 4253 2762 4347; baseline 0.004 -30"><span class='ocrx_word' id='word_1_421' title='bbox 222 4260 416 4317; x_wconf 88' lang='lat' dir='ltr'><strong>ratus</strong></span> <span class='ocrx_word' id='word_1_422' title='bbox 444 4270 651 4334; x_wconf 88' lang='lat' dir='ltr'><strong>esses,</strong></span> <span class='ocrx_word' id='word_1_423' title='bbox 696 4265 774 4325; x_wconf 86' lang='lat' dir='ltr'><strong>ut</strong></span> <span class='ocrx_word' id='word_1_424' title='bbox 813 4253 875 4322; x_wconf 89' lang='lat' dir='ltr'><strong>ei</strong></span> <span class='ocrx_word' id='word_1_425' title='bbox 910 4253 1043 4323; x_wconf 85' lang='lat' dir='ltr'><strong>ires</strong></span> <span class='ocrx_word' id='word_1_426' title='bbox 1073 4254 1370 4336; x_wconf 86' lang='lat' dir='ltr'><strong>obviam,</strong></span> <span class='ocrx_word' id='word_1_427' title='bbox 1403 4274 1537 4324; x_wconf 91' lang='lat' dir='ltr'><strong>non</strong></span> <span class='ocrx_word' id='word_1_428' title='bbox 1582 4267 1659 4325; x_wconf 89' lang='lat' dir='ltr'><strong>ut</strong></span> <span class='ocrx_word' id='word_1_429' title='bbox 1693 4259 1977 4327; x_wconf 88' lang='lat' dir='ltr'><strong>Crucem</strong></span> <span class='ocrx_word' id='word_1_430' title='bbox 2011 4278 2316 4347; x_wconf 87' lang='lat' dir='ltr'><strong>parares.</strong></span> <span class='ocrx_word' id='word_1_431' title='bbox 2353 4257 2480 4327; x_wconf 85' lang='lat' dir='ltr'><strong>Sed</strong></span> <span class='ocrx_word' id='word_1_432' title='bbox 2522 4257 2662 4327; x_wconf 83' lang='lat' dir='ltr'><strong>illis</strong></span> <span class='ocrx_word' id='word_1_433' title='bbox 2694 4257 2762 4326; x_wconf 89' lang='lat' dir='ltr'><strong>in</strong></span> 
     </span>
    </p>

    <p class='ocr_par' dir='ltr' id='par_1_9' title="bbox 220 4339 2766 4526">
     <span class='ocr_line' id='line_1_46' title="bbox 274 4339 2766 4435; baseline 0.004 -30"><span class='ocrx_word' id='word_1_434' title='bbox 274 4339 609 4409; x_wconf 86' lang='lat' dir='ltr'><strong>raesentia</strong></span> <span class='ocrx_word' id='word_1_435' title='bbox 663 4342 1186 4431; x_wconf 81' lang='lat' dir='ltr'><strong>praetermissiS,</strong></span> <span class='ocrx_word' id='word_1_436' title='bbox 1245 4342 1333 4413; x_wconf 88' lang='lat' dir='ltr'><strong>ad</strong></span> <span class='ocrx_word' id='word_1_437' title='bbox 1376 4344 1572 4435; x_wconf 92' lang='lat' dir='ltr'><strong>prius</strong></span> <span class='ocrx_word' id='word_1_438' title='bbox 1611 4344 2007 4414; x_wconf 89' lang='lat' dir='ltr'><strong>institutum</strong></span> <span class='ocrx_word' id='word_1_439' title='bbox 2060 4360 2506 4417; x_wconf 80' lang='lat' dir='ltr'><strong>revertamur.</strong></span> <span class='ocrx_word' id='word_1_440' title='bbox 2549 4345 2766 4414; x_wconf 83' lang='lat' dir='ltr'><strong>Eliza-</strong></span> 
     </span>
     <span class='ocr_line' id='line_1_47' title="bbox 220 4359 2766 4526; baseline 0.003 -28"><span class='ocrx_word' id='word_1_441' title='bbox 220 4359 385 4498; x_wconf 60' lang='lat' dir='ltr'><strong>sseth</strong></span> <span class='ocrx_word' id='word_1_442' title='bbox 433 4440 661 4499; x_wconf 86' lang='lat' dir='ltr'><strong>autem</strong></span> <span class='ocrx_word' id='word_1_443' title='bbox 698 4430 1060 4522; x_wconf 89' lang='lat' dir='ltr'><strong>impletum</strong></span> <span class='ocrx_word' id='word_1_444' title='bbox 1106 4445 1210 4505; x_wconf 87' lang='lat' dir='ltr'><strong>est</strong></span> <span class='ocrx_word' id='word_1_445' title='bbox 1260 4445 1534 4524; x_wconf 88' lang='lat' dir='ltr'><strong>tempus</strong></span> <span class='ocrx_word' id='word_1_446' title='bbox 1577 4433 1914 4524; x_wconf 88' lang='lat' dir='ltr'><strong>pariendi,</strong></span> <span class='ocrx_word' id='word_1_447' title='bbox 1970 4446 2037 4506; x_wconf 91' lang='lat' dir='ltr'><strong>et</strong></span> <span class='ocrx_word' id='word_1_448' title='bbox 2070 4435 2334 4526; x_wconf 90' lang='lat' dir='ltr'><strong>peperit</strong></span> <span class='ocrx_word' id='word_1_449' title='bbox 2378 4434 2628 4506; x_wconf 88' lang='lat' dir='ltr'><strong>filium.</strong></span> <span class='ocrx_word' id='word_1_450' title='bbox 2686 4438 2766 4506; x_wconf 83' lang='lat' dir='ltr'><strong>Et</strong></span> 
     </span>
    </p>
   </div>
  </div>
 </body>
</html>
