<?xml version="1.0" encoding="UTF-8"?>
<!DOCTYPE html PUBLIC "-//W3C//DTD XHTML 1.0 Transitional//EN"
    "http://www.w3.org/TR/xhtml1/DTD/xhtml1-transitional.dtd">
<html xmlns="http://www.w3.org/1999/xhtml" xml:lang="en" lang="en">
 <head>
  <title>
</title>
<meta http-equiv="Content-Type" content="text/html;charset=utf-8" />
  <meta name='ocr-system' content='tesseract 3.04.00' />
  <meta name='ocr-capabilities' content='ocr_page ocr_carea ocr_par ocr_line ocrx_word'/>
</head>
<body>
  <div class='ocr_page' id='page_1' title='image "./historiaeseuvit02lippgoog_0310.png"; bbox 0 0 3357 4995; ppageno 0'>
   <div class='ocr_carea' id='block_1_1' title="bbox 690 327 3154 406">
    <p class='ocr_par' dir='ltr' id='par_1_1' title="bbox 690 327 3154 406">
     <span class='ocr_line' id='line_1_1' title="bbox 690 327 3154 406; baseline -0.002 0"><span class='ocrx_word' id='word_1_1' title='bbox 690 341 816 406; x_wconf 72' lang='lat'>294</span> <span class='ocrx_word' id='word_1_2' title='bbox 1323 356 1402 403; x_wconf 71' lang='lat' dir='ltr'>nn</span> <span class='ocrx_word' id='word_1_3' title='bbox 1451 356 1506 402; x_wconf 88' lang='lat' dir='ltr'>S.</span> <span class='ocrx_word' id='word_1_4' title='bbox 1560 354 1836 403; x_wconf 58' lang='lat' dir='ltr'>amomo</span> <span class='ocrx_word' id='word_1_5' title='bbox 1886 356 1925 401; x_wconf 75' lang='lat' dir='ltr'>A</span> <span class='ocrx_word' id='word_1_6' title='bbox 1974 354 2182 402; x_wconf 61' lang='lat' dir='ltr'>ranna</span> <span class='ocrx_word' id='word_1_7' title='bbox 2229 352 2409 402; x_wconf 80' lang='lat' dir='ltr'>mero</span> <span class='ocrx_word' id='word_1_8' title='bbox 2782 336 3004 403; x_wconf 82' lang='lat' dir='ltr'>JUNII</span> <span class='ocrx_word' id='word_1_9' title='bbox 3071 327 3154 401; x_wconf 69' lang='lat'>{3</span> 
     </span>
    </p>
   </div>
   <div class='ocr_carea' id='block_1_2' title="bbox 505 438 3237 3196">
    <p class='ocr_par' dir='ltr' id='par_1_2' title="bbox 560 438 3159 1400">
     <span class='ocr_line' id='line_1_2' title="bbox 609 438 3159 530; baseline -0.001 -19"><span class='ocrx_word' id='word_1_10' title='bbox 609 441 1049 512; x_wconf 86' lang='lat' dir='ltr'>Franciscani</span> <span class='ocrx_word' id='word_1_11' title='bbox 1085 439 1394 510; x_wconf 81' lang='lat' dir='ltr'>fecerunt</span> <span class='ocrx_word' id='word_1_12' title='bbox 1422 440 1484 509; x_wconf 91' lang='lat' dir='ltr'>ei</span> <span class='ocrx_word' id='word_1_13' title='bbox 1515 440 1787 530; x_wconf 90' lang='lat' dir='ltr'>copiam</span> <span class='ocrx_word' id='word_1_14' title='bbox 1823 438 1906 509; x_wconf 89' lang='lat' dir='ltr'>ad</span> <span class='ocrx_word' id='word_1_15' title='bbox 1937 443 2312 510; x_wconf 89' lang='lat' dir='ltr'>Saracenos</span> <span class='ocrx_word' id='word_1_16' title='bbox 2339 439 2844 530; x_wconf 81' lang='lat' dir='ltr'>proficiscendi.</span> <span class='ocrx_word' id='word_1_17' title='bbox 2882 444 3012 509; x_wconf 89' lang='lat' dir='ltr'>Nec</span> <span class='ocrx_word' id='word_1_18' title='bbox 3036 440 3159 509; x_wconf 88' lang='lat' dir='ltr'>ille</span> 
     </span>
     <span class='ocr_line' id='line_1_3' title="bbox 560 528 3157 620; baseline -0.001 -19"><span class='ocrx_word' id='word_1_19' title='bbox 560 600 566 606; x_wconf 84' lang='grc'><strong>,</strong></span> <span class='ocrx_word' id='word_1_20' title='bbox 606 532 743 601; x_wconf 92' lang='lat' dir='ltr'>sibi</span> <span class='ocrx_word' id='word_1_21' title='bbox 781 552 1010 600; x_wconf 89' lang='lat' dir='ltr'>moras</span> <span class='ocrx_word' id='word_1_22' title='bbox 1061 529 1431 599; x_wconf 81' lang='lat' dir='ltr'>nectendas</span> <span class='ocrx_word' id='word_1_23' title='bbox 1483 542 1763 620; x_wconf 84' lang='lat' dir='ltr'>putans,</span> <span class='ocrx_word' id='word_1_24' title='bbox 1817 528 2128 599; x_wconf 81' lang='lat' dir='ltr'>celeriter</span> <span class='ocrx_word' id='word_1_25' title='bbox 2159 528 2350 598; x_wconf 91' lang='lat' dir='ltr'>abiit.</span> <span class='ocrx_word' id='word_1_26' title='bbox 2407 528 2536 598; x_wconf 86' lang='lat' dir='ltr'>Sed</span> <span class='ocrx_word' id='word_1_27' title='bbox 2587 535 2763 598; x_wconf 86' lang='lat' dir='ltr'>Deus</span> <span class='ocrx_word' id='word_1_28' title='bbox 2802 529 2930 599; x_wconf 83' lang='lat' dir='ltr'>hac</span> <span class='ocrx_word' id='word_1_29' title='bbox 2979 529 3049 597; x_wconf 94' lang='lat' dir='ltr'>in</span> <span class='ocrx_word' id='word_1_30' title='bbox 3082 551 3157 598; x_wconf 92' lang='lat' dir='ltr'>re</span> 
     </span>
     <span class='ocr_line' id='line_1_4' title="bbox 605 617 3156 709; baseline -0.001 -21"><span class='ocrx_word' id='word_1_31' title='bbox 605 619 797 689; x_wconf 91' lang='lat' dir='ltr'>illius</span> <span class='ocrx_word' id='word_1_32' title='bbox 826 642 947 709; x_wconf 88' lang='lat' dir='ltr'>pro</span> <span class='ocrx_word' id='word_1_33' title='bbox 1000 619 1256 688; x_wconf 89' lang='lat' dir='ltr'>ositum</span> <span class='ocrx_word' id='word_1_34' title='bbox 1302 618 1505 708; x_wconf 90' lang='lat' dir='ltr'>plane</span> <span class='ocrx_word' id='word_1_35' title='bbox 1540 617 1931 696; x_wconf 79' lang='lat' dir='ltr'>retardavit,</span> <span class='ocrx_word' id='word_1_36' title='bbox 1966 618 2174 687; x_wconf 90' lang='lat' dir='ltr'>totius</span> <span class='ocrx_word' id='word_1_37' title='bbox 2222 618 2493 707; x_wconf 85' lang='lat' dir='ltr'>hyemis</span> <span class='ocrx_word' id='word_1_38' title='bbox 2521 619 2741 708; x_wconf 89' lang='lat' dir='ltr'>spatio</span> <span class='ocrx_word' id='word_1_39' title='bbox 2769 619 2959 708; x_wconf 89' lang='lat' dir='ltr'>gravi</span> <span class='ocrx_word' id='word_1_40' title='bbox 2990 638 3156 687; x_wconf 90' lang='lat' dir='ltr'>eum</span> 
     </span>
     <span class='ocr_line' id='line_1_5' title="bbox 604 706 3156 797; baseline -0.001 -20"><span class='ocrx_word' id='word_1_41' title='bbox 604 708 846 778; x_wconf 90' lang='lat' dir='ltr'>morbo</span> <span class='ocrx_word' id='word_1_42' title='bbox 895 732 931 777; x_wconf 89' lang='lat' dir='ltr'>a</span> <span class='ocrx_word' id='word_1_43' title='bbox 1016 708 1233 797; x_wconf 85' lang='lat' dir='ltr'>igens.</span> <span class='ocrx_word' id='word_1_44' title='bbox 1289 713 1438 790; x_wconf 89' lang='lat' dir='ltr'>Qua</span> <span class='ocrx_word' id='word_1_45' title='bbox 1472 730 1542 776; x_wconf 90' lang='lat' dir='ltr'>re</span> <span class='ocrx_word' id='word_1_46' title='bbox 1581 706 1988 796; x_wconf 89' lang='lat' dir='ltr'>compulsus</span> <span class='ocrx_word' id='word_1_47' title='bbox 2038 706 2175 786; x_wconf 90' lang='lat' dir='ltr'>ille,</span> <span class='ocrx_word' id='word_1_48' title='bbox 2217 706 2303 775; x_wconf 86' lang='lat' dir='ltr'>ad</span> <span class='ocrx_word' id='word_1_49' title='bbox 2337 707 2563 775; x_wconf 91' lang='lat' dir='ltr'>natale</span> <span class='ocrx_word' id='word_1_50' title='bbox 2602 707 2825 776; x_wconf 89' lang='lat' dir='ltr'>solum</span> <span class='ocrx_word' id='word_1_51' title='bbox 2868 707 2956 775; x_wconf 94' lang='lat' dir='ltr'>ob</span> <span class='ocrx_word' id='word_1_52' title='bbox 3005 728 3156 776; x_wconf 88' lang='lat' dir='ltr'>cor·</span> 
     </span>
     <span class='ocr_line' id='line_1_6' title="bbox 607 794 3149 887; baseline -0.001 -21"><span class='ocrx_word' id='word_1_53' title='bbox 607 798 798 887; x_wconf 91' lang='lat' dir='ltr'>poris</span> <span class='ocrx_word' id='word_1_54' title='bbox 843 796 1224 867; x_wconf 80' lang='lat' dir='ltr'>curandam</span> <span class='ocrx_word' id='word_1_55' title='bbox 1277 795 1741 865; x_wconf 89' lang='lat' dir='ltr'>valetudinem</span> <span class='ocrx_word' id='word_1_56' title='bbox 1789 817 1859 864; x_wconf 91' lang='lat' dir='ltr'>se</span> <span class='ocrx_word' id='word_1_57' title='bbox 1914 796 2207 885; x_wconf 87' lang='lat' dir='ltr'>recepit:</span> <span class='ocrx_word' id='word_1_58' title='bbox 2255 796 2371 864; x_wconf 90' lang='lat' dir='ltr'>sed</span> <span class='ocrx_word' id='word_1_59' title='bbox 2413 817 2572 866; x_wconf 86' lang='lat' dir='ltr'>cum</span> <span class='ocrx_word' id='word_1_60' title='bbox 2624 795 3014 886; x_wconf 83' lang='lat' dir='ltr'>navigando</span> <span class='ocrx_word' id='word_1_61' title='bbox 3062 794 3149 865; x_wconf 91' lang='lat' dir='ltr'>ad</span> 
     </span>
     <span class='ocr_line' id='line_1_7' title="bbox 608 884 3157 976; baseline -0 -21"><span class='ocrx_word' id='word_1_62' title='bbox 608 887 984 976; x_wconf 87' lang='lat' dir='ltr'>Hispaniae</span> <span class='ocrx_word' id='word_1_63' title='bbox 1034 885 1260 954; x_wconf 86' lang='lat' dir='ltr'>littora</span> <span class='ocrx_word' id='word_1_64' title='bbox 1311 897 1557 954; x_wconf 85' lang='lat' dir='ltr'>nautas</span> <span class='ocrx_word' id='word_1_65' title='bbox 1606 884 2025 974; x_wconf 91' lang='lat' dir='ltr'>appulsuros</span> <span class='ocrx_word' id='word_1_66' title='bbox 2058 896 2401 974; x_wconf 82' lang='lat' dir='ltr'>speraret,</span> <span class='ocrx_word' id='word_1_67' title='bbox 2457 884 2540 953; x_wconf 90' lang='lat' dir='ltr'>ad</span> <span class='ocrx_word' id='word_1_68' title='bbox 2582 884 2883 954; x_wconf 90' lang='lat' dir='ltr'>Siciliam</span> <span class='ocrx_word' id='word_1_69' title='bbox 2923 897 3157 954; x_wconf 89' lang='lat' dir='ltr'>vento-</span> 
     </span>
     <span class='ocr_line' id='line_1_8' title="bbox 606 972 3149 1064; baseline -0.001 -20"><span class='ocrx_word' id='word_1_70' title='bbox 606 998 759 1045; x_wconf 89' lang='lat' dir='ltr'>rum</span> <span class='ocrx_word' id='word_1_71' title='bbox 799 976 895 1044; x_wconf 94' lang='lat' dir='ltr'>im</span> <span class='ocrx_word' id='word_1_72' title='bbox 948 973 1115 1043; x_wconf 93' lang='lat' dir='ltr'>ulsu</span> <span class='ocrx_word' id='word_1_73' title='bbox 1139 974 1447 1043; x_wconf 89' lang='lat' dir='ltr'>delatum</span> <span class='ocrx_word' id='word_1_74' title='bbox 1478 995 1549 1043; x_wconf 89' lang='lat' dir='ltr'>se</span> <span class='ocrx_word' id='word_1_75' title='bbox 1581 973 1816 1042; x_wconf 87' lang='lat' dir='ltr'>sensit.</span> <span class='ocrx_word' id='word_1_76' title='bbox 1854 974 2107 1044; x_wconf 87' lang='lat' dir='ltr'>Habuit</span> <span class='ocrx_word' id='word_1_77' title='bbox 2139 995 2300 1064; x_wconf 91' lang='lat' dir='ltr'>ergo</span> <span class='ocrx_word' id='word_1_78' title='bbox 2334 994 2457 1064; x_wconf 92' lang='lat' dir='ltr'>pro</span> <span class='ocrx_word' id='word_1_79' title='bbox 2489 975 2754 1045; x_wconf 82' lang='lat' dir='ltr'>Christo</span> <span class='ocrx_word' id='word_1_80' title='bbox 2804 972 3149 1042; x_wconf 91' lang='lat' dir='ltr'>moriendi</span> 
     </span>
     <span class='ocr_line' id='line_1_9' title="bbox 603 1062 3149 1141; baseline -0.001 -9"><span class='ocrx_word' id='word_1_81' title='bbox 603 1077 668 1133; x_wconf 91' lang='lat' dir='ltr'>et</span> <span class='ocrx_word' id='word_1_82' title='bbox 732 1064 876 1132; x_wconf 89' lang='lat' dir='ltr'>desi</span> <span class='ocrx_word' id='word_1_83' title='bbox 931 1063 1151 1132; x_wconf 87' lang='lat' dir='ltr'>erium</span> <span class='ocrx_word' id='word_1_84' title='bbox 1204 1078 1269 1131; x_wconf 89' lang='lat' dir='ltr'>et</span> <span class='ocrx_word' id='word_1_85' title='bbox 1316 1075 1637 1132; x_wconf 86' lang='lat' dir='ltr'>conatum</span> <span class='ocrx_word' id='word_1_86' title='bbox 1692 1062 1795 1130; x_wconf 92' lang='lat' dir='ltr'>vir</span> <span class='ocrx_word' id='word_1_87' title='bbox 1846 1063 2157 1131; x_wconf 89' lang='lat' dir='ltr'>omnium</span> <span class='ocrx_word' id='word_1_88' title='bbox 2210 1084 2327 1132; x_wconf 90' lang='lat' dir='ltr'>ore</span> <span class='ocrx_word' id='word_1_89' title='bbox 2375 1063 2616 1133; x_wconf 92' lang='lat' dir='ltr'>merito</span> <span class='ocrx_word' id='word_1_90' title='bbox 2666 1062 3149 1141; x_wconf 80' lang='lat' dir='ltr'>celebranduS,</span> 
     </span>
     <span class='ocr_line' id='line_1_10' title="bbox 603 1151 3157 1246; baseline -0.002 -23"><span class='ocrx_word' id='word_1_91' title='bbox 603 1152 721 1246; x_wconf 80' lang='lat' dir='ltr'>sed</span> <span class='ocrx_word' id='word_1_92' title='bbox 772 1153 1004 1221; x_wconf 89' lang='lat' dir='ltr'>divina</span> <span class='ocrx_word' id='word_1_93' title='bbox 1042 1151 1493 1242; x_wconf 90' lang='lat' dir='ltr'>providentia,</span> <span class='ocrx_word' id='word_1_94' title='bbox 1532 1165 1609 1220; x_wconf 94' lang='lat' dir='ltr'>ut</span> <span class='ocrx_word' id='word_1_95' title='bbox 1646 1163 1795 1241; x_wconf 91' lang='lat' dir='ltr'>post</span> <span class='ocrx_word' id='word_1_96' title='bbox 1830 1151 1979 1240; x_wconf 90' lang='lat' dir='ltr'>ipsa</span> <span class='ocrx_word' id='word_1_97' title='bbox 2007 1173 2113 1222; x_wconf 89' lang='lat' dir='ltr'>res</span> <span class='ocrx_word' id='word_1_98' title='bbox 2138 1151 2396 1231; x_wconf 86' lang='lat' dir='ltr'>docuit,</span> <span class='ocrx_word' id='word_1_99' title='bbox 2446 1152 2909 1241; x_wconf 88' lang='lat' dir='ltr'>plurimorum</span> <span class='ocrx_word' id='word_1_100' title='bbox 2945 1152 3157 1221; x_wconf 91' lang='lat' dir='ltr'>saluti</span> 
     </span>
     <span class='ocr_line' id='line_1_11' title="bbox 603 1240 3156 1330; baseline 0 -20"><span class='ocrx_word' id='word_1_101' title='bbox 603 1245 763 1311; x_wconf 90' lang='lat' dir='ltr'>eum</span> <span class='ocrx_word' id='word_1_102' title='bbox 816 1241 1129 1321; x_wconf 90' lang='lat' dir='ltr'>servavit,</span> <span class='ocrx_word' id='word_1_103' title='bbox 1174 1261 1350 1326; x_wconf 89' lang='lat' dir='ltr'>quos</span> <span class='ocrx_word' id='word_1_104' title='bbox 1401 1240 1515 1310; x_wconf 89' lang='lat' dir='ltr'>ille</span> <span class='ocrx_word' id='word_1_105' title='bbox 1552 1243 1618 1309; x_wconf 91' lang='lat' dir='ltr'>in</span> <span class='ocrx_word' id='word_1_106' title='bbox 1671 1241 1962 1308; x_wconf 89' lang='lat' dir='ltr'>diversis</span> <span class='ocrx_word' id='word_1_107' title='bbox 2013 1241 2413 1329; x_wconf 84' lang='lat' dir='ltr'>regionibus</span> <span class='ocrx_word' id='word_1_108' title='bbox 2442 1240 2812 1310; x_wconf 88' lang='lat' dir='ltr'>efaecibus</span> <span class='ocrx_word' id='word_1_109' title='bbox 2846 1253 3156 1330; x_wconf 86' lang='lat' dir='ltr'>peccato-</span> 
     </span>
     <span class='ocr_line' id='line_1_12' title="bbox 603 1329 2482 1400; baseline -0.001 -2"><span class='ocrx_word' id='word_1_110' title='bbox 603 1353 756 1399; x_wconf 88' lang='lat' dir='ltr'>rum</span> <span class='ocrx_word' id='word_1_111' title='bbox 788 1330 1126 1398; x_wconf 87' lang='lat' dir='ltr'>revocavit</span> <span class='ocrx_word' id='word_1_112' title='bbox 1166 1330 1250 1397; x_wconf 89' lang='lat' dir='ltr'>ad</span> <span class='ocrx_word' id='word_1_113' title='bbox 1305 1329 1639 1400; x_wconf 87' lang='lat' dir='ltr'>salutares</span> <span class='ocrx_word' id='word_1_114' title='bbox 1736 1329 2146 1398; x_wconf 77' lang='lat' dir='ltr'>oenitentiae</span> <span class='ocrx_word' id='word_1_115' title='bbox 2194 1329 2482 1399; x_wconf 67' lang='lat' dir='ltr'>fructus</span> 
     </span>
    </p>

    <p class='ocr_par' dir='ltr' id='par_1_3' title="bbox 505 1418 3237 3196">
     <span class='ocr_line' id='line_1_13' title="bbox 692 1418 3153 1507; baseline -0.001 -19"><span class='ocrx_word' id='word_1_116' title='bbox 692 1421 740 1505; x_wconf 69' lang='grc' dir='ltr'>ξ</span> <span class='ocrx_word' id='word_1_117' title='bbox 775 1423 851 1489; x_wconf 70' lang='lat'>⁸2.</span> <span class='ocrx_word' id='word_1_118' title='bbox 908 1424 1047 1487; x_wconf 90' lang='lat' dir='ltr'>Non</span> <span class='ocrx_word' id='word_1_119' title='bbox 1103 1418 1302 1507; x_wconf 88' lang='lat' dir='ltr'>longe</span> <span class='ocrx_word' id='word_1_120' title='bbox 1367 1432 1509 1487; x_wconf 92' lang='lat' dir='ltr'>tum</span> <span class='ocrx_word' id='word_1_121' title='bbox 1561 1420 1686 1488; x_wconf 91' lang='lat' dir='ltr'>abe</span> <span class='ocrx_word' id='word_1_122' title='bbox 1727 1431 1795 1487; x_wconf 89' lang='lat' dir='ltr'>at</span> <span class='ocrx_word' id='word_1_123' title='bbox 1842 1418 2011 1495; x_wconf 89' lang='lat' dir='ltr'>dies,</span> <span class='ocrx_word' id='word_1_124' title='bbox 2072 1418 2135 1485; x_wconf 90' lang='lat' dir='ltr'>in</span> <span class='ocrx_word' id='word_1_125' title='bbox 2187 1440 2389 1505; x_wconf 90' lang='lat' dir='ltr'>quem</span> <span class='ocrx_word' id='word_1_126' title='bbox 2445 1418 2749 1488; x_wconf 89' lang='lat' dir='ltr'>indictus</span> <span class='ocrx_word' id='word_1_127' title='bbox 2794 1431 2938 1487; x_wconf 89' lang='lat' dir='ltr'>erat</span> <span class='ocrx_word' id='word_1_128' title='bbox 2988 1423 3153 1486; x_wconf 87' lang='lat' dir='ltr'>Fra—</span> 
     </span>
     <span class='ocr_line' id='line_1_14' title="bbox 605 1507 3142 1596; baseline -0 -20"><span class='ocrx_word' id='word_1_129' title='bbox 605 1520 787 1576; x_wconf 85' lang='lat' dir='ltr'>trum</span> <span class='ocrx_word' id='word_1_130' title='bbox 839 1513 1216 1578; x_wconf 85' lang='lat' dir='ltr'>conventus</span> <span class='ocrx_word' id='word_1_131' title='bbox 1238 1507 1423 1596; x_wconf 88' lang='lat' dir='ltr'>apud</span> <span class='ocrx_word' id='word_1_132' title='bbox 1453 1509 1813 1584; x_wconf 76' lang='lat' dir='ltr'>Assisium,</span> <span class='ocrx_word' id='word_1_133' title='bbox 1860 1529 2062 1593; x_wconf 90' lang='lat' dir='ltr'>quem</span> <span class='ocrx_word' id='word_1_134' title='bbox 2094 1507 2482 1596; x_wconf 84' lang='lat' dir='ltr'>Capitulum</span> <span class='ocrx_word' id='word_1_135' title='bbox 2521 1507 2839 1596; x_wconf 84' lang='lat' dir='ltr'>generale</span> <span class='ocrx_word' id='word_1_136' title='bbox 2870 1520 3142 1575; x_wconf 86' lang='lat' dir='ltr'>vocant.</span> 
     </span>
     <span class='ocr_line' id='line_1_15' title="bbox 611 1595 3144 1684; baseline -0.001 -19"><span class='ocrx_word' id='word_1_137' title='bbox 611 1595 684 1665; x_wconf 88' lang='lat' dir='ltr'>1d</span> <span class='ocrx_word' id='word_1_138' title='bbox 720 1597 841 1665; x_wconf 92' lang='lat' dir='ltr'>ubi</span> <span class='ocrx_word' id='word_1_139' title='bbox 877 1602 1225 1664; x_wconf 82' lang='lat' dir='ltr'>Messanae</span> <span class='ocrx_word' id='word_1_140' title='bbox 1258 1619 1335 1663; x_wconf 84' lang='lat' dir='ltr'>ex</span> <span class='ocrx_word' id='word_1_141' title='bbox 1364 1596 1692 1666; x_wconf 83' lang='lat' dir='ltr'>fratribus</span> <span class='ocrx_word' id='word_1_142' title='bbox 1720 1598 1820 1664; x_wconf 79' lang='lat' dir='ltr'>vir</span> <span class='ocrx_word' id='word_1_143' title='bbox 1865 1597 1974 1664; x_wconf 89' lang='lat' dir='ltr'>Dei</span> <span class='ocrx_word' id='word_1_144' title='bbox 2012 1597 2306 1677; x_wconf 89' lang='lat' dir='ltr'>rescivit,</span> <span class='ocrx_word' id='word_1_145' title='bbox 2344 1596 2649 1684; x_wconf 88' lang='lat' dir='ltr'>seipsum</span> <span class='ocrx_word' id='word_1_146' title='bbox 2689 1596 3144 1675; x_wconf 77' lang='lat' dir='ltr'>confirmanS,</span> 
     </span>
     <span class='ocr_line' id='line_1_16' title="bbox 606 1683 3205 1774; baseline -0 -21"><span class='ocrx_word' id='word_1_147' title='bbox 606 1705 710 1764; x_wconf 88' lang='lat' dir='ltr'>e0,</span> <span class='ocrx_word' id='word_1_148' title='bbox 766 1683 924 1755; x_wconf 89' lang='lat' dir='ltr'>licet</span> <span class='ocrx_word' id='word_1_149' title='bbox 955 1683 1202 1753; x_wconf 88' lang='lat' dir='ltr'>debilis</span> <span class='ocrx_word' id='word_1_150' title='bbox 1242 1698 1305 1753; x_wconf 92' lang='lat' dir='ltr'>et</span> <span class='ocrx_word' id='word_1_151' title='bbox 1331 1685 1567 1755; x_wconf 79' lang='lat' dir='ltr'>affecta</span> <span class='ocrx_word' id='word_1_152' title='bbox 1618 1684 2031 1762; x_wconf 86' lang='lat' dir='ltr'>valetudine,</span> <span class='ocrx_word' id='word_1_153' title='bbox 2067 1685 2409 1774; x_wconf 88' lang='lat' dir='ltr'>profectus</span> <span class='ocrx_word' id='word_1_154' title='bbox 2440 1697 2564 1754; x_wconf 88' lang='lat' dir='ltr'>cst.</span> <span class='ocrx_word' id='word_1_155' title='bbox 2600 1689 2689 1753; x_wconf 88' lang='lat' dir='ltr'>Eo</span> <span class='ocrx_word' id='word_1_156' title='bbox 2728 1697 2953 1753; x_wconf 89' lang='lat' dir='ltr'>autem</span> <span class='ocrx_word' id='word_1_157' title='bbox 2981 1706 3154 1753; x_wconf 94' lang='lat' dir='ltr'>con-</span> <span class='ocrx_word' id='word_1_158' title='bbox 3200 1693 3205 1698; x_wconf 81' lang='grc'><strong><em>’</em></strong></span> 
     </span>
     <span class='ocr_line' id='line_1_17' title="bbox 611 1773 3151 1862; baseline 0.002 -25"><span class='ocrx_word' id='word_1_159' title='bbox 611 1786 816 1841; x_wconf 88' lang='lat' dir='ltr'>ventu</span> <span class='ocrx_word' id='word_1_160' title='bbox 866 1773 1113 1852; x_wconf 78' lang='lat' dir='ltr'>solum,</span> <span class='ocrx_word' id='word_1_161' title='bbox 1149 1796 1304 1842; x_wconf 92' lang='lat' dir='ltr'>cum</span> <span class='ocrx_word' id='word_1_162' title='bbox 1360 1774 1496 1853; x_wconf 89' lang='lat' dir='ltr'>ille,</span> <span class='ocrx_word' id='word_1_163' title='bbox 1551 1796 1755 1861; x_wconf 88' lang='lat' dir='ltr'>quem</span> <span class='ocrx_word' id='word_1_164' title='bbox 1811 1774 2197 1843; x_wconf 81' lang='lat' dir='ltr'>Ministrum</span> <span class='ocrx_word' id='word_1_165' title='bbox 2235 1786 2498 1853; x_wconf 83' lang='lat' dir='ltr'>vocant,</span> <span class='ocrx_word' id='word_1_166' title='bbox 2554 1773 2962 1844; x_wconf 90' lang='lat' dir='ltr'>commissos</span> <span class='ocrx_word' id='word_1_167' title='bbox 3010 1774 3151 1862; x_wconf 92' lang='lat' dir='ltr'>ipsi</span> 
     </span>
     <span class='ocr_line' id='line_1_18' title="bbox 613 1860 3149 1953; baseline 0.001 -25"><span class='ocrx_word' id='word_1_168' title='bbox 613 1860 853 1931; x_wconf 82' lang='lat' dir='ltr'>fratres</span> <span class='ocrx_word' id='word_1_169' title='bbox 884 1862 966 1930; x_wconf 91' lang='lat' dir='ltr'>ad</span> <span class='ocrx_word' id='word_1_170' title='bbox 1021 1885 1142 1930; x_wconf 87' lang='lat' dir='ltr'>sua</span> <span class='ocrx_word' id='word_1_171' title='bbox 1189 1862 1334 1930; x_wconf 91' lang='lat' dir='ltr'>loca</span> <span class='ocrx_word' id='word_1_172' title='bbox 1370 1864 1756 1942; x_wconf 87' lang='lat' dir='ltr'>remitteret,</span> <span class='ocrx_word' id='word_1_173' title='bbox 1796 1863 1987 1931; x_wconf 90' lang='lat' dir='ltr'>solus</span> <span class='ocrx_word' id='word_1_174' title='bbox 2026 1863 2358 1932; x_wconf 79' lang='lat' dir='ltr'>Antonius</span> <span class='ocrx_word' id='word_1_175' title='bbox 2407 1885 2443 1930; x_wconf 87' lang='lat' dir='ltr'>a</span> <span class='ocrx_word' id='word_1_176' title='bbox 2479 1863 2751 1931; x_wconf 90' lang='lat' dir='ltr'>nemine</span> <span class='ocrx_word' id='word_1_177' title='bbox 2789 1863 3149 1953; x_wconf 86' lang='lat' dir='ltr'>expeteba-</span> 
     </span>
     <span class='ocr_line' id='line_1_19' title="bbox 612 1950 3151 2042; baseline -0 -23"><span class='ocrx_word' id='word_1_178' title='bbox 612 1963 725 2019; x_wconf 87' lang='lat' dir='ltr'>tur</span> <span class='ocrx_word' id='word_1_179' title='bbox 771 1951 1029 2041; x_wconf 88' lang='lat' dir='ltr'>quippe</span> <span class='ocrx_word' id='word_1_180' title='bbox 1076 1951 1192 2037; x_wconf 91' lang='lat' dir='ltr'>qui</span> <span class='ocrx_word' id='word_1_181' title='bbox 1243 1965 1319 2020; x_wconf 92' lang='lat' dir='ltr'>ut</span> <span class='ocrx_word' id='word_1_182' title='bbox 1368 1952 1668 2042; x_wconf 86' lang='lat' dir='ltr'>ignotus,</span> <span class='ocrx_word' id='word_1_183' title='bbox 1727 1952 1816 2019; x_wconf 88' lang='lat' dir='ltr'>ita</span> <span class='ocrx_word' id='word_1_184' title='bbox 1870 1974 2112 2041; x_wconf 85' lang='lat' dir='ltr'>parum</span> <span class='ocrx_word' id='word_1_185' title='bbox 2167 1951 2357 2021; x_wconf 89' lang='lat' dir='ltr'>utilis</span> <span class='ocrx_word' id='word_1_186' title='bbox 2405 1965 2524 2019; x_wconf 90' lang='lat' dir='ltr'>aut</span> <span class='ocrx_word' id='word_1_187' title='bbox 2566 1950 2854 2021; x_wconf 86' lang='lat' dir='ltr'>idoneus</span> <span class='ocrx_word' id='word_1_188' title='bbox 2912 1951 3151 2020; x_wconf 86' lang='lat' dir='ltr'>existi-</span> 
     </span>
     <span class='ocr_line' id='line_1_20' title="bbox 505 2039 3149 2130; baseline 0.001 -24"><span class='ocrx_word' id='word_1_189' title='bbox 505 2084 524 2098; x_wconf 44' lang='grc' dir='ltr'><em>κ</em></span> <span class='ocrx_word' id='word_1_190' title='bbox 602 2053 950 2108; x_wconf 87' lang='lat' dir='ltr'>maretur:</span> <span class='ocrx_word' id='word_1_191' title='bbox 988 2052 1190 2126; x_wconf 88' lang='lat' dir='ltr'>atque</span> <span class='ocrx_word' id='word_1_192' title='bbox 1241 2041 1327 2109; x_wconf 90' lang='lat' dir='ltr'>ita</span> <span class='ocrx_word' id='word_1_193' title='bbox 1381 2041 1570 2109; x_wconf 89' lang='lat' dir='ltr'>solus</span> <span class='ocrx_word' id='word_1_194' title='bbox 1622 2041 1689 2108; x_wconf 88' lang='lat' dir='ltr'>in</span> <span class='ocrx_word' id='word_1_195' title='bbox 1758 2041 2049 2110; x_wconf 83' lang='lat' dir='ltr'>Ministri</span> <span class='ocrx_word' id='word_1_196' title='bbox 2097 2039 2438 2130; x_wconf 88' lang='lat' dir='ltr'>generalis</span> <span class='ocrx_word' id='word_1_197' title='bbox 2489 2041 2813 2110; x_wconf 89' lang='lat' dir='ltr'>manibus</span> <span class='ocrx_word' id='word_1_198' title='bbox 2862 2039 3149 2109; x_wconf 89' lang='lat' dir='ltr'>relictus</span> 
     </span>
     <span class='ocr_line' id='line_1_21' title="bbox 599 2127 3152 2215; baseline 0.001 -20"><span class='ocrx_word' id='word_1_199' title='bbox 599 2139 722 2196; x_wconf 91' lang='lat' dir='ltr'>est.</span> <span class='ocrx_word' id='word_1_200' title='bbox 759 2132 980 2197; x_wconf 61' lang='lat' dir='ltr'>Accito</span> <span class='ocrx_word' id='word_1_201' title='bbox 1008 2142 1233 2196; x_wconf 89' lang='lat' dir='ltr'>autem</span> <span class='ocrx_word' id='word_1_202' title='bbox 1263 2128 1468 2198; x_wconf 82' lang='lat' dir='ltr'>fratre</span> <span class='ocrx_word' id='word_1_203' title='bbox 1496 2131 1839 2211; x_wconf 77' lang='lat' dir='ltr'>GratianO,</span> <span class='ocrx_word' id='word_1_204' title='bbox 1885 2130 2002 2215; x_wconf 86' lang='lat' dir='ltr'>qui</span> <span class='ocrx_word' id='word_1_205' title='bbox 2040 2143 2182 2197; x_wconf 91' lang='lat' dir='ltr'>tum</span> <span class='ocrx_word' id='word_1_206' title='bbox 2220 2130 2288 2197; x_wconf 88' lang='lat' dir='ltr'>in</span> <span class='ocrx_word' id='word_1_207' title='bbox 2318 2127 2602 2197; x_wconf 79' lang='lat' dir='ltr'>Aemilia</span> <span class='ocrx_word' id='word_1_208' title='bbox 2628 2128 2915 2197; x_wconf 85' lang='lat' dir='ltr'>fratrum</span> <span class='ocrx_word' id='word_1_209' title='bbox 2952 2128 3152 2197; x_wconf 85' lang='lat' dir='ltr'>Mini-</span> 
     </span>
     <span class='ocr_line' id='line_1_22' title="bbox 601 2217 3151 2308; baseline 0.001 -24"><span class='ocrx_word' id='word_1_210' title='bbox 601 2229 739 2284; x_wconf 88' lang='lat' dir='ltr'>ster</span> <span class='ocrx_word' id='word_1_211' title='bbox 768 2230 933 2297; x_wconf 86' lang='lat' dir='ltr'>erat‚</span> <span class='ocrx_word' id='word_1_212' title='bbox 989 2230 1246 2286; x_wconf 87' lang='lat' dir='ltr'>secreto</span> <span class='ocrx_word' id='word_1_213' title='bbox 1280 2241 1438 2287; x_wconf 86' lang='lat' dir='ltr'>eum</span> <span class='ocrx_word' id='word_1_214' title='bbox 1475 2219 1735 2308; x_wconf 86' lang='lat' dir='ltr'>rogavit</span> <span class='ocrx_word' id='word_1_215' title='bbox 1782 2240 2018 2286; x_wconf 89' lang='lat' dir='ltr'>servus</span> <span class='ocrx_word' id='word_1_216' title='bbox 2062 2219 2198 2296; x_wconf 86' lang='lat' dir='ltr'>Dei,</span> <span class='ocrx_word' id='word_1_217' title='bbox 2259 2231 2332 2287; x_wconf 86' lang='lat' dir='ltr'>ut</span> <span class='ocrx_word' id='word_1_218' title='bbox 2379 2241 2415 2286; x_wconf 91' lang='lat' dir='ltr'>a</span> <span class='ocrx_word' id='word_1_219' title='bbox 2475 2218 2779 2287; x_wconf 85' lang='lat' dir='ltr'>Ministro</span> <span class='ocrx_word' id='word_1_220' title='bbox 2838 2217 3151 2307; x_wconf 83' lang='lat' dir='ltr'>generali</span> 
     </span>
     <span class='ocr_line' id='line_1_23' title="bbox 599 2305 3149 2461; baseline 0.001 -89"><span class='ocrx_word' id='word_1_221' title='bbox 599 2306 830 2461; x_wconf 81' lang='lat' dir='ltr'>ipsum</span> <span class='ocrx_word' id='word_1_222' title='bbox 875 2319 1230 2396; x_wconf 87' lang='lat' dir='ltr'>acceptum</span> <span class='ocrx_word' id='word_1_223' title='bbox 1286 2308 1352 2374; x_wconf 95' lang='lat' dir='ltr'>in</span> <span class='ocrx_word' id='word_1_224' title='bbox 1407 2307 1758 2375; x_wconf 75' lang='lat' dir='ltr'>Aemiliam</span> <span class='ocrx_word' id='word_1_225' title='bbox 1815 2306 2238 2396; x_wconf 87' lang='lat' dir='ltr'>perduceret,</span> <span class='ocrx_word' id='word_1_226' title='bbox 2278 2305 2671 2405; x_wconf 88' lang='lat' dir='ltr'>disciplinis</span> <span class='ocrx_word' id='word_1_227' title='bbox 2710 2306 3149 2395; x_wconf 86' lang='lat' dir='ltr'>regularibus</span> 
     </span>
     <span class='ocr_line' id='line_1_24' title="bbox 599 2393 3237 2475; baseline 0 -14"><span class='ocrx_word' id='word_1_228' title='bbox 599 2393 740 2461; x_wconf 86' lang='lat' dir='ltr'>ilic</span> <span class='ocrx_word' id='word_1_229' title='bbox 789 2394 1273 2464; x_wconf 86' lang='lat' dir='ltr'>erudiendum.</span> <span class='ocrx_word' id='word_1_230' title='bbox 1329 2396 1597 2464; x_wconf 88' lang='lat' dir='ltr'>Nullam</span> <span class='ocrx_word' id='word_1_231' title='bbox 1644 2417 1798 2465; x_wconf 85' lang='lat' dir='ltr'>vero</span> <span class='ocrx_word' id='word_1_232' title='bbox 1837 2395 2229 2464; x_wconf 86' lang='lat' dir='ltr'>literaturae</span> <span class='ocrx_word' id='word_1_233' title='bbox 2266 2407 2679 2463; x_wconf 78' lang='lat' dir='ltr'>mentionem</span> <span class='ocrx_word' id='word_1_234' title='bbox 2711 2395 2993 2475; x_wconf 83' lang='lat' dir='ltr'>faciens,</span> <span class='ocrx_word' id='word_1_235' title='bbox 3038 2395 3147 2461; x_wconf 92' lang='lat' dir='ltr'>ni-</span> <span class='ocrx_word' id='word_1_236' title='bbox 3228 2395 3237 2405; x_wconf 80' lang='grc'><em>“</em></span> 
     </span>
     <span class='ocr_line' id='line_1_25' title="bbox 596 2482 3147 2575; baseline 0 -25"><span class='ocrx_word' id='word_1_237' title='bbox 596 2482 696 2551; x_wconf 89' lang='lat' dir='ltr'>hil</span> <span class='ocrx_word' id='word_1_238' title='bbox 723 2484 1253 2555; x_wconf 86' lang='lat' dir='ltr'>ecclesiasticam</span> <span class='ocrx_word' id='word_1_239' title='bbox 1285 2485 1835 2554; x_wconf 79' lang='lat' dir='ltr'>exercitationem</span> <span class='ocrx_word' id='word_1_240' title='bbox 1858 2485 2207 2575; x_wconf 88' lang='lat' dir='ltr'>jactitans,</span> <span class='ocrx_word' id='word_1_241' title='bbox 2242 2483 2357 2552; x_wconf 90' lang='lat' dir='ltr'>sed</span> <span class='ocrx_word' id='word_1_242' title='bbox 2385 2483 2803 2553; x_wconf 80' lang='lat' dir='ltr'>intellectum</span> <span class='ocrx_word' id='word_1_243' title='bbox 2835 2497 2898 2554; x_wconf 90' lang='lat' dir='ltr'>et</span> <span class='ocrx_word' id='word_1_244' title='bbox 2924 2484 3147 2553; x_wconf 88' lang='lat' dir='ltr'>scien-</span> 
     </span>
     <span class='ocr_line' id='line_1_26' title="bbox 597 2572 3145 2664; baseline 0 -24"><span class='ocrx_word' id='word_1_245' title='bbox 597 2572 758 2642; x_wconf 86' lang='lat' dir='ltr'>tiam</span> <span class='ocrx_word' id='word_1_246' title='bbox 810 2595 1082 2641; x_wconf 90' lang='lat' dir='ltr'>omnem</span> <span class='ocrx_word' id='word_1_247' title='bbox 1117 2576 1471 2664; x_wconf 87' lang='lat' dir='ltr'>captivans</span> <span class='ocrx_word' id='word_1_248' title='bbox 1506 2575 1574 2642; x_wconf 91' lang='lat' dir='ltr'>in</span> <span class='ocrx_word' id='word_1_249' title='bbox 1625 2574 2036 2660; x_wconf 88' lang='lat' dir='ltr'>obsequium</span> <span class='ocrx_word' id='word_1_250' title='bbox 2088 2573 2358 2653; x_wconf 82' lang='lat' dir='ltr'>Christi,</span> <span class='ocrx_word' id='word_1_251' title='bbox 2416 2572 2612 2642; x_wconf 92' lang='lat' dir='ltr'>illum</span> <span class='ocrx_word' id='word_1_252' title='bbox 2650 2573 2872 2642; x_wconf 92' lang='lat' dir='ltr'>solum</span> <span class='ocrx_word' id='word_1_253' title='bbox 2908 2574 3145 2642; x_wconf 85' lang='lat' dir='ltr'>Cruci-</span> 
     </span>
     <span class='ocr_line' id='line_1_27' title="bbox 595 2661 3149 2752; baseline 0 -23"><span class='ocrx_word' id='word_1_254' title='bbox 595 2662 810 2730; x_wconf 83' lang='lat' dir='ltr'>fixum</span> <span class='ocrx_word' id='word_1_255' title='bbox 862 2684 933 2731; x_wconf 90' lang='lat' dir='ltr'>se</span> <span class='ocrx_word' id='word_1_256' title='bbox 982 2663 1192 2741; x_wconf 89' lang='lat' dir='ltr'>sitire,</span> <span class='ocrx_word' id='word_1_257' title='bbox 1251 2684 1322 2731; x_wconf 92' lang='lat' dir='ltr'>se</span> <span class='ocrx_word' id='word_1_258' title='bbox 1353 2684 1572 2742; x_wconf 90' lang='lat' dir='ltr'>nosse,</span> <span class='ocrx_word' id='word_1_259' title='bbox 1626 2686 1701 2731; x_wconf 86' lang='lat' dir='ltr'>se</span> <span class='ocrx_word' id='word_1_260' title='bbox 1748 2663 2110 2752; x_wconf 90' lang='lat' dir='ltr'>complecti</span> <span class='ocrx_word' id='word_1_261' title='bbox 2162 2662 2329 2731; x_wconf 88' lang='lat' dir='ltr'>velle</span> <span class='ocrx_word' id='word_1_262' title='bbox 2383 2661 2871 2751; x_wconf 88' lang='lat' dir='ltr'>proclamabat.</span> <span class='ocrx_word' id='word_1_263' title='bbox 2916 2667 3149 2731; x_wconf 88' lang='lat' dir='ltr'>Frater</span> 
     </span>
     <span class='ocr_line' id='line_1_28' title="bbox 596 2751 3152 2840; baseline 0 -23"><span class='ocrx_word' id='word_1_264' title='bbox 596 2762 823 2818; x_wconf 87' lang='lat' dir='ltr'>autem</span> <span class='ocrx_word' id='word_1_265' title='bbox 878 2751 1245 2820; x_wconf 84' lang='lat' dir='ltr'>Gratianus</span> <span class='ocrx_word' id='word_1_266' title='bbox 1297 2752 1542 2821; x_wconf 86' lang='lat' dir='ltr'>miram</span> <span class='ocrx_word' id='word_1_267' title='bbox 1593 2754 1744 2840; x_wconf 87' lang='lat' dir='ltr'>ejus</span> <span class='ocrx_word' id='word_1_268' title='bbox 1807 2751 2234 2820; x_wconf 89' lang='lat' dir='ltr'>devotionem</span> <span class='ocrx_word' id='word_1_269' title='bbox 2285 2751 2716 2831; x_wconf 86' lang='lat' dir='ltr'>exosculans,</span> <span class='ocrx_word' id='word_1_270' title='bbox 2766 2751 2935 2819; x_wconf 90' lang='lat' dir='ltr'>votis</span> <span class='ocrx_word' id='word_1_271' title='bbox 2992 2751 3152 2840; x_wconf 87' lang='lat' dir='ltr'>ejus</span> 
     </span>
     <span class='ocr_line' id='line_1_29' title="bbox 593 2838 3145 2929; baseline -0.001 -21"><span class='ocrx_word' id='word_1_272' title='bbox 593 2839 911 2917; x_wconf 88' lang='lat' dir='ltr'>assensit,</span> <span class='ocrx_word' id='word_1_273' title='bbox 950 2862 1321 2925; x_wconf 87' lang='lat' dir='ltr'>secumque</span> <span class='ocrx_word' id='word_1_274' title='bbox 1372 2842 1439 2909; x_wconf 92' lang='lat' dir='ltr'>in</span> <span class='ocrx_word' id='word_1_275' title='bbox 1493 2840 1847 2909; x_wconf 73' lang='lat' dir='ltr'>Aemiliam</span> <span class='ocrx_word' id='word_1_276' title='bbox 1893 2840 2210 2909; x_wconf 87' lang='lat' dir='ltr'>abduxit:</span> <span class='ocrx_word' id='word_1_277' title='bbox 2256 2840 2373 2908; x_wconf 87' lang='lat' dir='ltr'>u&#39;bi</span> <span class='ocrx_word' id='word_1_278' title='bbox 2410 2840 2605 2908; x_wconf 79' lang='lat' dir='ltr'>venia</span> <span class='ocrx_word' id='word_1_279' title='bbox 2644 2841 3027 2929; x_wconf 87' lang='lat' dir='ltr'>impetrata,</span> <span class='ocrx_word' id='word_1_280' title='bbox 3058 2838 3145 2908; x_wconf 89' lang='lat' dir='ltr'>ad</span> 
     </span>
     <span class='ocr_line' id='line_1_30' title="bbox 595 2928 3149 3015; baseline 0 -21"><span class='ocrx_word' id='word_1_281' title='bbox 595 2930 904 2995; x_wconf 74' lang='lat' dir='ltr'>eremum</span> <span class='ocrx_word' id='word_1_282' title='bbox 961 2929 1202 2997; x_wconf 88' lang='lat' dir='ltr'>Montis</span> <span class='ocrx_word' id='word_1_283' title='bbox 1261 2930 1451 2999; x_wconf 90' lang='lat' dir='ltr'>Pauli</span> <span class='ocrx_word' id='word_1_284' title='bbox 1497 2930 1531 2987; x_wconf 71' lang='lat'>⁸</span> <span class='ocrx_word' id='word_1_285' title='bbox 1563 2931 1883 3009; x_wconf 85' lang='lat' dir='ltr'>secessit,</span> <span class='ocrx_word' id='word_1_286' title='bbox 1943 2930 2239 3015; x_wconf 87' lang='lat' dir='ltr'>quietem</span> <span class='ocrx_word' id='word_1_287' title='bbox 2309 2928 2524 2997; x_wconf 90' lang='lat' dir='ltr'>animi</span> <span class='ocrx_word' id='word_1_288' title='bbox 2576 2940 2640 2996; x_wconf 89' lang='lat' dir='ltr'>et</span> <span class='ocrx_word' id='word_1_289' title='bbox 2687 2929 3149 2997; x_wconf 88' lang='lat' dir='ltr'>conscientiae</span> 
     </span>
     <span class='ocr_line' id='line_1_31' title="bbox 593 3016 3142 3103; baseline 0.001 -21"><span class='ocrx_word' id='word_1_290' title='bbox 593 3028 870 3103; x_wconf 90' lang='lat' dir='ltr'>captare</span> <span class='ocrx_word' id='word_1_291' title='bbox 921 3016 1176 3087; x_wconf 90' lang='lat' dir='ltr'>volens.</span> <span class='ocrx_word' id='word_1_292' title='bbox 1234 3022 1400 3086; x_wconf 83' lang='lat' dir='ltr'>Cum</span> <span class='ocrx_word' id='word_1_293' title='bbox 1452 3031 1678 3086; x_wconf 89' lang='lat' dir='ltr'>autem</span> <span class='ocrx_word' id='word_1_294' title='bbox 1741 3019 1807 3085; x_wconf 91' lang='lat' dir='ltr'>in</span> <span class='ocrx_word' id='word_1_295' title='bbox 1853 3040 1933 3086; x_wconf 87' lang='lat' dir='ltr'>ea</span> <span class='ocrx_word' id='word_1_296' title='bbox 1980 3039 2209 3087; x_wconf 86' lang='lat' dir='ltr'>eremo</span> <span class='ocrx_word' id='word_1_297' title='bbox 2264 3016 2673 3103; x_wconf 88' lang='lat' dir='ltr'>aliquandiu</span> <span class='ocrx_word' id='word_1_298' title='bbox 2731 3029 3142 3096; x_wconf 84' lang='lat' dir='ltr'>moraretur,</span> 
     </span>
     <span class='ocr_line' id='line_1_32' title="bbox 596 3102 3149 3196; baseline 0.001 -25"><span class='ocrx_word' id='word_1_299' title='bbox 596 3102 803 3172; x_wconf 87' lang='lat' dir='ltr'>frater</span> <span class='ocrx_word' id='word_1_300' title='bbox 840 3104 1121 3191; x_wconf 90' lang='lat' dir='ltr'>quidam</span> <span class='ocrx_word' id='word_1_301' title='bbox 1180 3105 1503 3174; x_wconf 89' lang='lat' dir='ltr'>cellulam</span> <span class='ocrx_word' id='word_1_302' title='bbox 1537 3107 1935 3195; x_wconf 73' lang='lat' dir='ltr'>,precationi</span> <span class='ocrx_word' id='word_1_303' title='bbox 1983 3120 2211 3196; x_wconf 87' lang='lat' dir='ltr'>aptam</span> <span class='ocrx_word' id='word_1_304' title='bbox 2270 3106 2335 3172; x_wconf 89' lang='lat' dir='ltr'>in</span> <span class='ocrx_word' id='word_1_305' title='bbox 2388 3105 2689 3192; x_wconf 86' lang='lat' dir='ltr'>quadam</span> <span class='ocrx_word' id='word_1_306' title='bbox 2726 3117 2962 3194; x_wconf 85' lang='lat' dir='ltr'>crypta</span> <span class='ocrx_word' id='word_1_307' title='bbox 3012 3106 3149 3174; x_wconf 91' lang='lat' dir='ltr'>sibi</span> 
     </span>
    </p>
   </div>
   <div class='ocr_carea' id='block_1_3' title="bbox 487 3191 3151 3272">
    <p class='ocr_par' dir='ltr' id='par_1_4' title="bbox 487 3191 3151 3272">
     <span class='ocr_line' id='line_1_33' title="bbox 487 3191 3151 3272; baseline 0.001 -12"><span class='ocrx_word' id='word_1_308' title='bbox 487 3226 497 3233; x_wconf 92' lang='lat'><strong>·</strong></span> <span class='ocrx_word' id='word_1_309' title='bbox 596 3191 931 3272; x_wconf 89' lang='lat' dir='ltr'>condidit,</span> <span class='ocrx_word' id='word_1_310' title='bbox 988 3207 1062 3261; x_wconf 91' lang='lat' dir='ltr'>ut</span> <span class='ocrx_word' id='word_1_311' title='bbox 1110 3193 1252 3263; x_wconf 91' lang='lat' dir='ltr'>illic</span> <span class='ocrx_word' id='word_1_312' title='bbox 1303 3194 1590 3265; x_wconf 85' lang='lat' dir='ltr'>liberius</span> <span class='ocrx_word' id='word_1_313' title='bbox 1633 3200 1765 3263; x_wconf 88' lang='lat' dir='ltr'>Deo</span> <span class='ocrx_word' id='word_1_314' title='bbox 1808 3210 2098 3264; x_wconf 89' lang='lat' dir='ltr'>vacaret.</span> <span class='ocrx_word' id='word_1_315' title='bbox 2140 3200 2299 3263; x_wconf 88' lang='lat' dir='ltr'>Eam</span> <span class='ocrx_word' id='word_1_316' title='bbox 2352 3210 2429 3263; x_wconf 95' lang='lat' dir='ltr'>ut</span> <span class='ocrx_word' id='word_1_317' title='bbox 2469 3194 2636 3262; x_wconf 91' lang='lat' dir='ltr'>vidit</span> <span class='ocrx_word' id='word_1_318' title='bbox 2667 3193 2769 3261; x_wconf 92' lang='lat' dir='ltr'>vir</span> <span class='ocrx_word' id='word_1_319' title='bbox 2802 3194 3068 3271; x_wconf 89' lang='lat' dir='ltr'>beatus,</span> <span class='ocrx_word' id='word_1_320' title='bbox 3108 3216 3151 3262; x_wconf 86' lang='lat' dir='ltr'>a</span> 
     </span>
    </p>
   </div>
   <div class='ocr_carea' id='block_1_4' title="bbox 591 3279 3157 4438">
    <p class='ocr_par' dir='ltr' id='par_1_5' title="bbox 591 3279 3157 4438">
     <span class='ocr_line' id='line_1_34' title="bbox 598 3279 3154 3374; baseline 0.002 -27"><span class='ocrx_word' id='word_1_321' title='bbox 598 3279 803 3349; x_wconf 87' lang='lat' dir='ltr'>fratre</span> <span class='ocrx_word' id='word_1_322' title='bbox 852 3281 975 3349; x_wconf 92' lang='lat' dir='ltr'>illo</span> <span class='ocrx_word' id='word_1_323' title='bbox 1026 3282 1156 3351; x_wconf 91' lang='lat' dir='ltr'>sibi</span> <span class='ocrx_word' id='word_1_324' title='bbox 1187 3284 1338 3372; x_wconf 86' lang='lat' dir='ltr'>ejus</span> <span class='ocrx_word' id='word_1_325' title='bbox 1387 3284 1654 3372; x_wconf 86' lang='lat' dir='ltr'>copiam</span> <span class='ocrx_word' id='word_1_326' title='bbox 1695 3283 1843 3351; x_wconf 80' lang='lat' dir='ltr'>fieri</span> <span class='ocrx_word' id='word_1_327' title='bbox 1886 3283 2207 3374; x_wconf 88' lang='lat' dir='ltr'>precibus</span> <span class='ocrx_word' id='word_1_328' title='bbox 2254 3283 2627 3352; x_wconf 90' lang='lat' dir='ltr'>contendit.</span> <span class='ocrx_word' id='word_1_329' title='bbox 2675 3289 2815 3351; x_wconf 90' lang='lat' dir='ltr'>Non</span> <span class='ocrx_word' id='word_1_330' title='bbox 2872 3283 3154 3373; x_wconf 85' lang='lat' dir='ltr'>negavit</span> 
     </span>
     <span class='ocr_line' id='line_1_35' title="bbox 599 3369 3149 3462; baseline 0.001 -26"><span class='ocrx_word' id='word_1_331' title='bbox 599 3369 737 3448; x_wconf 86' lang='lat' dir='ltr'>ille,</span> <span class='ocrx_word' id='word_1_332' title='bbox 775 3383 838 3439; x_wconf 89' lang='lat' dir='ltr'>et</span> <span class='ocrx_word' id='word_1_333' title='bbox 869 3372 972 3438; x_wconf 92' lang='lat' dir='ltr'>vir</span> <span class='ocrx_word' id='word_1_334' title='bbox 1023 3371 1130 3438; x_wconf 88' lang='lat' dir='ltr'>Dei</span> <span class='ocrx_word' id='word_1_335' title='bbox 1187 3372 1532 3461; x_wconf 87' lang='lat' dir='ltr'>persoluto</span> <span class='ocrx_word' id='word_1_336' title='bbox 1562 3373 1868 3458; x_wconf 91' lang='lat' dir='ltr'>quotidie</span> <span class='ocrx_word' id='word_1_337' title='bbox 1906 3386 2402 3441; x_wconf 89' lang='lat' dir='ltr'>nocturnarum</span> <span class='ocrx_word' id='word_1_338' title='bbox 2457 3393 2736 3462; x_wconf 85' lang='lat' dir='ltr'>precum</span> <span class='ocrx_word' id='word_1_339' title='bbox 2772 3371 3020 3451; x_wconf 83' lang='lat' dir='ltr'>officiO,</span> <span class='ocrx_word' id='word_1_340' title='bbox 3060 3371 3149 3440; x_wconf 91' lang='lat' dir='ltr'>ad</span> 
     </span>
     <span class='ocr_line' id='line_1_36' title="bbox 596 3459 3151 3551; baseline 0 -25"><span class='ocrx_word' id='word_1_341' title='bbox 596 3480 746 3527; x_wconf 89' lang='lat' dir='ltr'>eam</span> <span class='ocrx_word' id='word_1_342' title='bbox 799 3459 1043 3528; x_wconf 89' lang='lat' dir='ltr'>cellam</span> <span class='ocrx_word' id='word_1_343' title='bbox 1086 3459 1463 3540; x_wconf 89' lang='lat' dir='ltr'>secedebat,</span> <span class='ocrx_word' id='word_1_344' title='bbox 1520 3465 1936 3551; x_wconf 82' lang='lat' dir='ltr'>sumptaque</span> <span class='ocrx_word' id='word_1_345' title='bbox 1985 3484 2220 3531; x_wconf 89' lang='lat' dir='ltr'>secum</span> <span class='ocrx_word' id='word_1_346' title='bbox 2273 3462 2517 3551; x_wconf 84' lang='lat' dir='ltr'>exigua</span> <span class='ocrx_word' id='word_1_347' title='bbox 2556 3460 2754 3549; x_wconf 90' lang='lat' dir='ltr'>panis</span> <span class='ocrx_word' id='word_1_348' title='bbox 2809 3460 3151 3549; x_wconf 79' lang='lat' dir='ltr'>particula</span> 
     </span>
     <span class='ocr_line' id='line_1_37' title="bbox 598 3547 3155 3640; baseline 0.001 -26"><span class='ocrx_word' id='word_1_349' title='bbox 598 3558 661 3614; x_wconf 88' lang='lat' dir='ltr'>et</span> <span class='ocrx_word' id='word_1_350' title='bbox 712 3547 779 3614; x_wconf 95' lang='lat' dir='ltr'>in</span> <span class='ocrx_word' id='word_1_351' title='bbox 833 3570 989 3619; x_wconf 68' lang='lat' dir='ltr'>vase</span> <span class='ocrx_word' id='word_1_352' title='bbox 1045 3552 1247 3636; x_wconf 76' lang='lat' dir='ltr'>aqua,</span> <span class='ocrx_word' id='word_1_353' title='bbox 1302 3550 1588 3639; x_wconf 86' lang='lat' dir='ltr'>cogebat</span> <span class='ocrx_word' id='word_1_354' title='bbox 1635 3571 1912 3619; x_wconf 89' lang='lat' dir='ltr'>carnem</span> <span class='ocrx_word' id='word_1_355' title='bbox 1960 3553 2208 3640; x_wconf 77' lang='lat' dir='ltr'>&#39;parere</span> <span class='ocrx_word' id='word_1_356' title='bbox 2270 3550 2570 3639; x_wconf 89' lang='lat' dir='ltr'>spiritui,</span> <span class='ocrx_word' id='word_1_357' title='bbox 2631 3548 3155 3635; x_wconf 86' lang='lat' dir='ltr'>solitariamque</span> 
     </span>
     <span class='ocr_line' id='line_1_38' title="bbox 598 3634 3154 3735; baseline 0 -32"><span class='ocrx_word' id='word_1_358' title='bbox 598 3634 764 3712; x_wconf 92' lang='lat' dir='ltr'>illic,</span> <span class='ocrx_word' id='word_1_359' title='bbox 820 3649 1157 3722; x_wconf 88' lang='lat' dir='ltr'>quantum</span> <span class='ocrx_word' id='word_1_360' title='bbox 1210 3637 1425 3718; x_wconf 88' lang='lat' dir='ltr'>licuit,</span> <span class='ocrx_word' id='word_1_361' title='bbox 1465 3638 1669 3707; x_wconf 87' lang='lat' dir='ltr'>vitam</span> <span class='ocrx_word' id='word_1_362' title='bbox 1708 3640 1997 3713; x_wconf 79' lang='lat' dir='ltr'>ducens.</span> <span class='ocrx_word' id='word_1_363' title='bbox 2046 3639 2302 3707; x_wconf 83' lang='lat' dir='ltr'>sanctis</span> <span class='ocrx_word' id='word_1_364' title='bbox 2341 3637 2877 3735; x_wconf 73' lang='lat' dir='ltr'>cogitationibus</span> <span class='ocrx_word' id='word_1_365' title='bbox 2905 3650 2970 3706; x_wconf 90' lang='lat' dir='ltr'>et</span> <span class='ocrx_word' id='word_1_366' title='bbox 3006 3659 3154 3705; x_wconf 90' lang='lat' dir='ltr'>me-</span> 
     </span>
     <span class='ocr_line' id='line_1_39' title="bbox 597 3723 3153 3811; baseline 0 -20"><span class='ocrx_word' id='word_1_367' title='bbox 597 3723 1049 3811; x_wconf 87' lang='lat' dir='ltr'>ditationibus</span> <span class='ocrx_word' id='word_1_368' title='bbox 1083 3748 1114 3792; x_wconf 90' lang='lat' dir='ltr'>s</span> <span class='ocrx_word' id='word_1_369' title='bbox 1173 3726 1402 3794; x_wconf 90' lang='lat' dir='ltr'>iritum</span> <span class='ocrx_word' id='word_1_370' title='bbox 1433 3727 1766 3796; x_wconf 89' lang='lat' dir='ltr'>adversus</span> <span class='ocrx_word' id='word_1_371' title='bbox 1802 3729 2208 3797; x_wconf 87' lang='lat' dir='ltr'>tentationes</span> <span class='ocrx_word' id='word_1_372' title='bbox 2240 3726 2779 3805; x_wconf 84' lang='lat' dir='ltr'>communiebat,</span> <span class='ocrx_word' id='word_1_373' title='bbox 2819 3740 2883 3795; x_wconf 90' lang='lat' dir='ltr'>et</span> <span class='ocrx_word' id='word_1_374' title='bbox 2912 3726 3153 3794; x_wconf 91' lang='lat' dir='ltr'>divino</span> 
     </span>
     <span class='ocr_line' id='line_1_40' title="bbox 599 3814 3157 3903; baseline 0.002 -24"><span class='ocrx_word' id='word_1_375' title='bbox 599 3834 832 3881; x_wconf 87' lang='lat' dir='ltr'>amore</span> <span class='ocrx_word' id='word_1_376' title='bbox 861 3836 930 3881; x_wconf 91' lang='lat' dir='ltr'>se</span> <span class='ocrx_word' id='word_1_377' title='bbox 964 3835 1091 3882; x_wconf 90' lang='lat' dir='ltr'>con</span> <span class='ocrx_word' id='word_1_378' title='bbox 1125 3815 1443 3884; x_wconf 80' lang='lat' dir='ltr'>irmabat.</span> <span class='ocrx_word' id='word_1_379' title='bbox 1501 3817 1846 3885; x_wconf 90' lang='lat' dir='ltr'>Perstabat</span> <span class='ocrx_word' id='word_1_380' title='bbox 1882 3815 2025 3884; x_wconf 88' lang='lat' dir='ltr'>illic</span> <span class='ocrx_word' id='word_1_381' title='bbox 2052 3816 2242 3885; x_wconf 88' lang='lat' dir='ltr'>solus</span> <span class='ocrx_word' id='word_1_382' title='bbox 2294 3816 2652 3884; x_wconf 89' lang='lat' dir='ltr'>nocturnis</span> <span class='ocrx_word' id='word_1_383' title='bbox 2686 3815 2873 3884; x_wconf 89' lang='lat' dir='ltr'>horis</span> <span class='ocrx_word' id='word_1_384' title='bbox 2904 3814 2969 3883; x_wconf 89' lang='lat' dir='ltr'>in</span> <span class='ocrx_word' id='word_1_385' title='bbox 3000 3836 3157 3903; x_wconf 90' lang='lat' dir='ltr'>pre-</span> 
     </span>
     <span class='ocr_line' id='line_1_41' title="bbox 596 3901 3151 3989; baseline 0.001 -20"><span class='ocrx_word' id='word_1_386' title='bbox 596 3901 817 3980; x_wconf 87' lang='lat' dir='ltr'>cibus,</span> <span class='ocrx_word' id='word_1_387' title='bbox 876 3915 1229 3989; x_wconf 88' lang='lat' dir='ltr'>totumque</span> <span class='ocrx_word' id='word_1_388' title='bbox 1281 3927 1351 3973; x_wconf 89' lang='lat' dir='ltr'>se</span> <span class='ocrx_word' id='word_1_389' title='bbox 1400 3904 1674 3973; x_wconf 88' lang='lat' dir='ltr'>divinae</span> <span class='ocrx_word' id='word_1_390' title='bbox 1720 3904 2176 3973; x_wconf 86' lang='lat' dir='ltr'>moderationi</span> <span class='ocrx_word' id='word_1_391' title='bbox 2273 3905 2630 3973; x_wconf 88' lang='lat' dir='ltr'>ermittens</span> <span class='ocrx_word' id='word_1_392' title='bbox 2677 3916 2742 3972; x_wconf 90' lang='lat' dir='ltr'>et</span> <span class='ocrx_word' id='word_1_393' title='bbox 2789 3923 3151 3972; x_wconf 89' lang='lat' dir='ltr'>commen-</span> 
     </span>
     <span class='ocr_line' id='line_1_42' title="bbox 595 3926 3155 4083; baseline 0.002 -26"><span class='ocrx_word' id='word_1_394' title='bbox 595 3988 794 4069; x_wconf 90' lang='lat' dir='ltr'>dans,</span> <span class='ocrx_word' id='word_1_395' title='bbox 843 3992 909 4058; x_wconf 92' lang='lat' dir='ltr'>in</span> <span class='ocrx_word' id='word_1_396' title='bbox 954 3992 1364 4062; x_wconf 87' lang='lat' dir='ltr'>coelestibus</span> <span class='ocrx_word' id='word_1_397' title='bbox 1399 3994 1544 4082; x_wconf 85' lang='lat' dir='ltr'>spei</span> <span class='ocrx_word' id='word_1_398' title='bbox 1583 4016 1750 4063; x_wconf 90' lang='lat' dir='ltr'>suae</span> <span class='ocrx_word' id='word_1_399' title='bbox 1776 4015 2101 4062; x_wconf 88' lang='lat' dir='ltr'>ancoram</span> <span class='ocrx_word' id='word_1_400' title='bbox 2139 3926 2558 4062; x_wconf 56' lang='lat' dir='ltr'>soiidissime</span> <span class='ocrx_word' id='word_1_401' title='bbox 2605 3992 2968 4083; x_wconf 87' lang='lat' dir='ltr'>defigebat.</span> <span class='ocrx_word' id='word_1_402' title='bbox 3018 3997 3155 4061; x_wconf 86' lang='lat' dir='ltr'>Nec</span> 
     </span>
     <span class='ocr_line' id='line_1_43' title="bbox 594 4078 3152 4162; baseline 0.001 -16"><span class='ocrx_word' id='word_1_403' title='bbox 594 4078 878 4148; x_wconf 89' lang='lat' dir='ltr'>deerant</span> <span class='ocrx_word' id='word_1_404' title='bbox 927 4079 1026 4148; x_wconf 90' lang='lat' dir='ltr'>illi</span> <span class='ocrx_word' id='word_1_405' title='bbox 1076 4083 1354 4151; x_wconf 89' lang='lat' dir='ltr'>crebrae</span> <span class='ocrx_word' id='word_1_406' title='bbox 1420 4081 1891 4152; x_wconf 86' lang='lat' dir='ltr'>infestationes</span> <span class='ocrx_word' id='word_1_407' title='bbox 1938 4082 2381 4162; x_wconf 89' lang='lat' dir='ltr'>daemonum,</span> <span class='ocrx_word' id='word_1_408' title='bbox 2439 4081 2812 4151; x_wconf 88' lang='lat' dir='ltr'>volentium</span> <span class='ocrx_word' id='word_1_409' title='bbox 2863 4102 3023 4149; x_wconf 89' lang='lat' dir='ltr'>eum</span> <span class='ocrx_word' id='word_1_410' title='bbox 3079 4081 3152 4148; x_wconf 89' lang='lat' dir='ltr'>in</span> 
     </span>
     <span class='ocr_line' id='line_1_44' title="bbox 594 4169 3155 4260; baseline 0.001 -25"><span class='ocrx_word' id='word_1_411' title='bbox 594 4180 868 4236; x_wconf 89' lang='lat' dir='ltr'>sanctae</span> <span class='ocrx_word' id='word_1_412' title='bbox 916 4171 1246 4240; x_wconf 89' lang='lat' dir='ltr'>orationis</span> <span class='ocrx_word' id='word_1_413' title='bbox 1287 4170 1518 4240; x_wconf 90' lang='lat' dir='ltr'>studio</span> <span class='ocrx_word' id='word_1_414' title='bbox 1567 4171 1994 4260; x_wconf 90' lang='lat' dir='ltr'>perturbare.</span> <span class='ocrx_word' id='word_1_415' title='bbox 2056 4176 2267 4239; x_wconf 90' lang='lat' dir='ltr'>Tanta</span> <span class='ocrx_word' id='word_1_416' title='bbox 2317 4184 2549 4240; x_wconf 88' lang='lat' dir='ltr'>autem</span> <span class='ocrx_word' id='word_1_417' title='bbox 2599 4191 2672 4239; x_wconf 90' lang='lat' dir='ltr'>se</span> <span class='ocrx_word' id='word_1_418' title='bbox 2719 4169 2951 4239; x_wconf 77' lang='lat' dir='ltr'>inedia</span> <span class='ocrx_word' id='word_1_419' title='bbox 3003 4191 3155 4238; x_wconf 87' lang='lat' dir='ltr'>ma-</span> 
     </span>
     <span class='ocr_line' id='line_1_45' title="bbox 591 4257 3155 4346; baseline 0 -22"><span class='ocrx_word' id='word_1_420' title='bbox 591 4257 868 4336; x_wconf 90' lang='lat' dir='ltr'>ceravit,</span> <span class='ocrx_word' id='word_1_421' title='bbox 914 4271 986 4327; x_wconf 91' lang='lat' dir='ltr'>ut</span> <span class='ocrx_word' id='word_1_422' title='bbox 1033 4259 1625 4345; x_wconf 90' lang='lat' dir='ltr'>quemadmodum</span> <span class='ocrx_word' id='word_1_423' title='bbox 1670 4273 2008 4329; x_wconf 91' lang='lat' dir='ltr'>testantur</span> <span class='ocrx_word' id='word_1_424' title='bbox 2057 4259 2104 4327; x_wconf 92' lang='lat' dir='ltr'>ii</span> <span class='ocrx_word' id='word_1_425' title='bbox 2137 4260 2259 4346; x_wconf 92' lang='lat' dir='ltr'>qui</span> <span class='ocrx_word' id='word_1_426' title='bbox 2307 4259 2375 4328; x_wconf 92' lang='lat' dir='ltr'>id</span> <span class='ocrx_word' id='word_1_427' title='bbox 2433 4259 2774 4337; x_wconf 88' lang='lat' dir='ltr'>viderunt,</span> <span class='ocrx_word' id='word_1_428' title='bbox 2824 4258 2994 4326; x_wconf 75' lang='lat' dir='ltr'>hora</span> <span class='ocrx_word' id='word_1_429' title='bbox 3050 4280 3155 4326; x_wconf 90' lang='lat' dir='ltr'>re-</span> 
     </span>
     <span class='ocr_line' id='line_1_46' title="bbox 591 4343 3153 4438; baseline 0.001 -26"><span class='ocrx_word' id='word_1_430' title='bbox 591 4343 908 4427; x_wconf 85' lang='lat' dir='ltr'>fectionis</span> <span class='ocrx_word' id='word_1_431' title='bbox 970 4346 1056 4415; x_wconf 93' lang='lat' dir='ltr'>ad</span> <span class='ocrx_word' id='word_1_432' title='bbox 1123 4347 1365 4417; x_wconf 85' lang='lat' dir='ltr'>fratres</span> <span class='ocrx_word' id='word_1_433' title='bbox 1413 4348 1789 4429; x_wconf 89' lang='lat' dir='ltr'>rediturus,</span> <span class='ocrx_word' id='word_1_434' title='bbox 1855 4360 2139 4417; x_wconf 85' lang='lat' dir='ltr'>nutante</span> <span class='ocrx_word' id='word_1_435' title='bbox 2181 4369 2345 4438; x_wconf 88' lang='lat' dir='ltr'>prae</span> <span class='ocrx_word' id='word_1_436' title='bbox 2411 4348 2628 4417; x_wconf 87' lang='lat' dir='ltr'>nimia</span> <span class='ocrx_word' id='word_1_437' title='bbox 2677 4346 3153 4416; x_wconf 78' lang='lat' dir='ltr'>imbecillitate</span> 
     </span>
    </p>
   </div>
   <div class='ocr_carea' id='block_1_5' title="bbox 644 4471 1783 4524">
    <p class='ocr_par' dir='ltr' id='par_1_6' title="bbox 644 4471 1783 4524">
     <span class='ocr_line' id='line_1_47' title="bbox 644 4471 1783 4524; baseline 0.002 -12"><span class='ocrx_word' id='word_1_438' title='bbox 644 4471 666 4494; x_wconf 79' lang='grc'><em>·</em></span> <span class='ocrx_word' id='word_1_439' title='bbox 696 4473 1030 4514; x_wconf 76' lang='lat' dir='ltr'>Eremitorinm</span> <span class='ocrx_word' id='word_1_440' title='bbox 1053 4475 1215 4514; x_wconf 63' lang='lat' dir='ltr'>Montes</span> <span class='ocrx_word' id='word_1_441' title='bbox 1235 4475 1364 4516; x_wconf 70' lang='lat' dir='ltr'>Poura·</span> <span class='ocrx_word' id='word_1_442' title='bbox 1383 4475 1505 4524; x_wconf 71' lang='lat' dir='ltr'>apud</span> <span class='ocrx_word' id='word_1_443' title='bbox 1526 4474 1783 4514; x_wconf 63' lang='lat' dir='ltr'>Bononiam</span> 
     </span>
    </p>
   </div>
  </div>
 </body>
</html>
