3357 4995
231 344 453 410 JUNII
504 344 585 408 ⁴3
852 363 929 408 ns
977 364 1033 410 s.
1086 363 1372 411 Gentiano
1422 351 1719 413 §romono
1766 364 2146 412 CLARAVALL.
2559 348 2687 413 283

236 442 540 511 hominis
588 441 907 512 Crucifixi
935 443 1022 512 ad
1064 445 1476 515 invictorum
1505 445 1797 516 deorum
1827 445 2254 515 verissimam
2307 446 2778 536 cognitionem

117 601 134 621 ,⁵
239 531 617 611 traducere,
675 551 812 601 non
862 534 1239 621 potuimus.
1295 538 1477 603 Haec
1526 534 1747 604 multa
1796 546 2133 604 tormenta
2181 548 2455 624 experta
2496 535 2782 622 quidem

234 618 388 700 fuit,
421 619 534 689 sed
587 620 936 691 veneficiis
978 634 1204 691 tamen
1236 624 1383 692 suis
1432 622 1611 704 fecit,
1649 636 1725 692 ut
1751 621 1965 693 nullis
2002 623 2358 693 tormentis
2392 624 2784 713 perturbari

231 721 487 798 posset.
542 708 909 796 Reliquum
961 710 1171 800 igitur
1206 711 1378 781 mihi
1410 711 1630 781 visum
1682 724 1804 792 est,
1847 732 1932 780 ne
1973 710 2277 780 deorum
2310 712 2649 782 sacrificia
2687 714 2782 807 ir—

232 797 616 878 rideantur,
683 811 760 868 ut
821 798 1002 868 hanc
1061 812 1247 869 extra
1299 799 1539 869 urbem
1591 800 1911 870 eductam
1961 799 2240 890 capitali
2290 802 2511 890 poena
2572 801 2781 892 plecti

224 886 674 975 jubeamus»
703 891 869 956 Cum
913 888 1124 978 igitur
1173 889 1489 975 Aquilina
1524 888 1954 968 educeretur,
1992 901 2055 956 et
2104 885 2406 958 carnifex
2455 889 2773 980 praeiret,

233 976 421 1045 venit
467 976 552 1045 ad
603 997 762 1044 eum
816 975 1066 1054 locum,
1125 979 1193 1046 in
1245 1000 1382 1065 quo
1423 977 1617 1046 illam
1666 976 1903 1068 gladio*
1949 978 2213 1067 percuti
2244 978 2594 1049 difinitum
2633 976 2780 1047 fue-

234 1077 360 1134 rat.
420 1064 522 1133 Ibi
568 1065 780 1134 unius
813 1063 1018 1135 horae
1060 1080 1333 1157 tempus
1382 1067 1597 1157 petiit,
1634 1079 1712 1136 ut
1744 1071 1956 1136 Deum
2006 1079 2252 1136 oraret.
2291 1070 2600 1154 Cumque
2631 1088 2784 1156 pre-

235 1166 386 1222 cata
434 1166 634 1235 esset,
686 1152 886 1222 beata
935 1154 1183 1226 Christi
1233 1166 1494 1245 martyr
1542 1154 1834 1245 perfecte
1884 1167 2172 1224 mortem
2222 1155 2412 1224 obiit.
2470 1153 2781 1224 Carnifex

234 1262 418 1320 vero,
473 1241 630 1311 licet
678 1240 798 1311 illa
846 1243 1169 1333 spiritum
1211 1244 1644 1324 reddidisset,
1700 1255 1952 1324 tamen,
2008 1242 2410 1334 ejus-caput
2456 1244 2775 1313 abscidit.

237 1329 607 1401 Christiani
654 1343 883 1427 autem
936 1332 1251 1403 homines
1282 1355 1439 1403 curn
1471 1343 1740 1423 praesto
1765 1345 2013 1412 essent,
2044 1332 2195 1424 ejus
2226 1332 2555 1418 reliquias
2587 1354 2779 1423 gem-

238 1440 373 1487 mis
423 1420 951 1508 praestantiores
999 1422 1453 1502 sustulerunt,
1506 1434 1572 1490 et
1632 1421 1950 1511 pretiosis
2000 1443 2091 1490 un
2150 1421 2376 1490 uentis
2422 1443 2500 1490 ac
2552 1421 2782 1490 linteis

237 1508 432 1576 novis
471 1509 837 1590 involutaS,
889 1511 957 1578 in
1011 1524 1459 1580 monumento
1484 1509 1667 1600 apud
1716 1511 1959 1580 urbem
1996 1510 2118 1579 Bib
2149 1532 2237 1579 on
2287 1510 2731 1610 sepelierunt.

323 1598 361 1683 ξ
406 1601 558 1670 18.
613 1599 933 1688 Martyrio
980 1612 1210 1668 autem
1258 1612 1737 1669 consummata
1766 1610 1867 1668 est
1915 1598 2110 1667 beata
2159 1598 2502 1684 Aquilina‚
2557 1604 2783 1687 Impe-

237 1698 460 1754 ratore
495 1686 934 1768 Diocletiano,
979 1701 1043 1757 et
1073 1688 1440 1757 Volusiano
1471 1687 1905 1767 Proconsule,
1938 1686 2408 1757 tertiodecimo
2442 1687 2555 1757 die
2589 1708 2783 1758 men-

236 1774 332 1842 sis
374 1774 590 1843 Junii.
648 1780 759 1844 Est
825 1789 1053 1846 autem
1110 1777 1262 1867 ejus
1307 1779 1632 1868 martyrii
1683 1776 1873 1845 locus
1924 1775 1957 1809 '⁶
2008 1774 2076 1843 in
2146 1778 2319 1846 urbe
2376 1776 2591 1854 Biblo,
2660 1774 2786 1844 ubi

230 1883 457 1949 usque
505 1863 588 1932 ad
630 1857 1257 1934 hodiernumfliem
1311 1865 1568 1935 multae
1614 1866 2006 1934 curationes
2040 1864 2446 1935 hominibus
2480 1864 2783 1934 afferun-

225 1964 372 2106 -ἳιπ,
421 1953 492 2019 in
535 1951 798 2109 {bristo
843 1960 1011 2025 Jesu
1062 1954 1348 2023 Domino
1398 1966 1674 2026 nostro:
1730 1954 1849 2022 Cui
1899 1953 2113 2044 gloria
2166 1953 2237 2021 in
2289 1954 2521 2024 secula
2586 1974 2785 2022 secu-

270 2061 499 2122 orum,
605 2063 785 2111 men.

787 2288 1030 2390 vm
1096 2290 1184 2388 B.
1257 2277 1711 2390 GERARffl
1784 2263 2279 2389 MONAcffl‘

476 2474 821 2543 FRATRIS
871 2475 944 2540 D.
1004 2475 1414 2542 BERNARDI
1462 2474 1793 2542 ABBATIS
1844 2475 2543 2543 CLARAVALLENSIS

371 2649 727 2688 PERINSIGNIS
771 2649 1009 2688 PIETATE
1032 2675 1048 2701 ,
1089 2649 1430 2700 SUAvx'rATE,
1471 2649 1794 2688 ELEGANTIA
1832 2650 1902 2688 Ac
1939 2649 2275 2688 CHRISTIANA
2320 2649 2613 2688 SAPOENTtA
2639 2675 2654 2699 ,

1249 2739 1521 2777 FUNEBRIS
1557 2739 1773 2777 ORATIO.

441 2891 558 2936 rsa
606 2886 865 2937 sumum
914 2889 1194 2950 semen,
1249 2891 1433 2937 ssim.
1485 2890 1631 2936 xxvi
1682 2870 1751 2935 in
1803 2870 2082 2938 Cantica
2126 2870 2574 2938 Cantz'corum.

875 3035 1063 3091 Obiit
1104 3049 1283 3119 anno
1325 3037 1474 3091 1138
1516 3063 1593 3075 —
1633 3035 1690 3089 E
1731 3033 2151 3101 Burgundio„

326 3185 363 3269 ξ
407 3188 487 3255 1.
541 3187 913 3268 Quousque
960 3180 1348 3262 dissimulo,
1409 3193 1474 3250 et
1520 3181 1727 3272 igniS‚
1780 3202 1985 3266 quem
2036 3181 2217 3250 intra
2268 3180 2609 3269 meipsum
2664 3180 2788 3249 ab·

239 3270 520 3350 scond0‚
579 3270 768 3340 triste
817 3281 1053 3359 pectus
1101 3270 1354 3349 adurit,
1396 3270 1735 3347 interiora,
1769 3268 2210 3360 depascitur?
2252 3267 2542 3338 Clausus
2583 3268 2787 3337 latius

242 3360 478 3450 serpit,
536 3359 747 3431 saevit
774 3360 1028 3429 acrius.
1083 3359 1258 3443 Quid
1312 3359 1483 3426 mihi
1512 3370 1578 3429 et
1608 3359 1876 3428 cantico
1926 3358 2111 3439 huie,
2217 3358 2290 3425 ui
2340 3357 2406 3425 in
2451 3357 2788 3427 amaritu-

241 3447 404 3517 dine
450 3452 655 3517 sum?
685 3448 797 3517 Vis
826 3448 1083 3518 doloris
1132 3446 1415 3518 abducit
1464 3448 1937 3526 intentionem,
1975 3460 2040 3516 et
2093 3448 2162 3515 in
2222 3447 2478 3536 ignatio
2513 3446 2788 3515 Domini
2836 3478 2839 3479 ⁷

239 3536 455 3606 ebibit
502 3534 824 3626 spiritum
873 3558 1130 3607 meum.
1187 3536 1544 3606 Subtracto
1593 3536 1934 3623 siquidem
1969 3535 2088 3605 illo
2124 3556 2240 3624 per
2273 3557 2479 3622 quem
2534 3557 2686 3605 mea
2714 3535 2786 3603 in

241 3626 527 3696 Domino
558 3625 786 3695 studia
812 3636 1187 3710 utcumque
1236 3624 1454 3696 libera
1489 3647 1640 3696 esse
1689 3618 2020 3704 solebant,
2058 3623 2267 3693 simul
2302 3635 2367 3693 et
2405 3646 2525 3694 cor
2552 3645 2788 3715 meum

240 3712 611 3801 dereliquit
657 3735 786 3783 me.
825 3714 951 3783 Sed
1004 3714 1132 3783 feci
1182 3714 1317 3783 vim
1351 3714 1606 3795 animo,
1642 3734 1724 3782 ac
1769 3711 2206 3782 dissimulavi
2255 3734 2478 3800 usque
2507 3712 2668 3793 huc,
2702 3734 2791 3781 ne

243 3802 527 3872 affectus
561 3801 769 3872 fidem
810 3802 1079 3872 vincere
1113 3801 1481 3873 videretur.
1523 3802 1824 3889 Denique
1849 3800 2283 3891 plorantibus
2313 3801 2495 3882 aliis,
2528 3817 2654 3892 ego
2679 3801 2791 3891 (ut

242 3890 591 3962 advertere
633 3891 980 3982 potuistis)
1011 3891 1214 3962 siccis
1245 3892 1468 3963 oculis
1507 3902 1786 3963 secutus
1834 3912 1988 3960 sum
2041 3889 2345 3960 invisum
2380 3889 2617 3972 funuS,
2655 3892 2789 3961 sic-

241 3980 343 4049 cis
391 3980 610 4052 oculis
659 3981 809 4050 steti
859 3980 946 4050 ad
989 3981 1338 4051 tumulum
1388 4001 1754 4068 quousque
1801 3988 2051 4049 cuncta
2086 3989 2366 4078 peracta
2415 3993 2577 4049 sunt
2636 4000 2789 4048 exe-

242 4068 568 4156 quiarum
602 4068 961 4140 solemnia.
1007 4069 1301 4139 Indutus
1352 4068 1917 4149 sacerdotalibu5‚
1975 4066 2211 4139 solitas
2244 4068 2311 4136 in
2347 4090 2508 4138 eum
2542 4068 2791 4139 oratio-

244 4177 369 4226 nes
400 4158 680 4249 proprio
708 4180 823 4228 ore
853 4157 1216 4249 complevi,
1250 4169 1502 4229 terram
1535 4158 1708 4227 meis
1743 4156 2067 4227 manibus
2093 4178 2173 4226 ex
2204 4179 2394 4227 more
2413 4156 2550 4246 jeci
2581 4178 2793 4247 super

295 4303 321 4327 *
349 4302 574 4348 Bottiaia,
603 4302 799 4347 scilicet,
827 4303 1070 4349 sacellum,
1099 4305 1457 4344 monumentum
1484 4303 1564 4343 vel
1592 4305 1770 4352 crypta,
1786 4299 1948 4343 latinis
1967 4302 2280 4342 communiter
2299 4302 2521 4347 Confessio
2553 4300 2631 4343 ubi
2671 4300 2793 4343 Reli-

241 4353 380 4404 quiae
407 4356 674 4405 quiescunt,
700 4359 782 4396 aut
811 4358 1036 4397 memoria
1062 4357 1232 4397 saltem
1252 4357 1296 4398 S.
1319 4358 1544 4406 Martyris
1579 4356 1756 4397 honore
1791 4354 2096 4405 peculiariter
2130 4355 2405 4396 honoratur.
2434 4357 2705 4406 Martyrium
2725 4356 2793 4395 tu.-

242 4410 480 4504 Exlissuuvert
507 4410 725 4456 nominis,
756 4412 807 4450 ut
835 4411 911 4450 hic
942 4411 1317 4461 intelligendum,
1345 4411 1479 4452 locus
1518 4412 1592 4451 est
1624 4419 1718 4460 quo
1747 4410 1922 4451 Christi
1956 4410 2208 4450 confessor
2247 4410 2481 4459 supplicia
2519 4411 2566 4448 et
2603 4409 2793 4450 caedem

335 4473 349 4502 ι
394 4491 403 4502 .
