3357 4995
234 317 444 384 IUNII
500 318 541 381 9
641 281 652 292 .
940 334 1021 382 nr.
1069 334 1125 382 s.
1180 331 1446 382 ramici».
1491 333 1660 382 vmc.
1716 333 1791 379 Er
1839 328 2033 380 MART.
2553 314 2670 381 234

237 420 558 491 cucurrit.
611 430 674 488 et
722 417 914 488 illinc
954 419 1252 509 seipsam
1322 418 1766 510 praecipitem
1817 416 2027 487 dedit.
2084 424 2321 507 Itaque
2390 417 2777 508 palaestrae

240 528 450 662 genus
499 507 672 578 illud
728 508 972 598 exegit,
1011 508 1195 595 quod
1243 519 1320 577 ut
1354 513 1685 598 magnum
1719 505 2082 596 quippiam
2114 505 2498 595 aliquando
2539 507 2775 576 diabo-

265 617 346 665 us
378 596 666 666 Domino
715 596 849 686 ipsi
884 618 1263 688 proponere
1296 618 1512 667 ausus
1550 594 1793 676 fuerat,
1834 616 1997 665 cum
2032 595 2240 667 dixit:
2289 596 2357 666 Si
2418 594 2607 666 filius
2656 596 2775 665 Dei

238 706 333 764 es,
375 686 647 758 mittete
695 685 1041 756 deorsum.

325 775 361 859 ξ
399 780 485 848 cl.
540 775 763 932 Huijus
804 774 1072 865 puellae
1110 774 1318 843 fidem
1352 785 1416 843 et
1449 773 1667 843 animi
1718 772 2270 863 magnitudinem
2306 772 2506 842 valde
2538 773 2774 844 obstu-

235 882 454 952 pesco.
481 863 607 946 Qui
689 863 874 932 enim
911 876 1072 933 tunc
1112 863 1244 932 alia
1274 862 1376 931 vir
1425 884 1464 932 o
1494 883 1730 932 secum
1766 862 1919 951 ipsa
1952 883 2087 931 non
2117 861 2529 954 cogitasset?
2560 861 2776 930 Dixis-

241 963 340 1020 set
373 953 682 1037 quidem:
738 955 830 1020 Do
880 953 1214 1043 meipsam
1261 972 1343 1021 ex
1378 886 1510 1022 {oc
1551 952 1698 1021 loco
1730 950 2200 1041 praecipitem,
2240 972 2399 1020 cum
2432 949 2501 1019 id
2552 949 2775 1020 facere

236 1040 464 1128 eoipso
503 1052 737 1110 coacta
786 1040 942 1122 sim,
994 1040 1175 1129 quod
1231 1052 1550 1130 stuprum
1587 1052 1843 1111 metuo.
1898 1038 2270 1109 Laudabile
2322 1052 2422 1110 est
2457 1039 2772 1129 proposi-

238 1141 408 1206 tum,
451 1129 648 1199 modo
694 1151 930 1199 casum
967 1129 988 1197 i
1044 1151 1198 1199 sum
1250 1150 1434 1199 mors
1464 1140 1949 1215 consequatur,
1988 1129 2305 1215 quamvis
2340 1128 2525 1197 enim
2557 1128 2626 1196 in
2666 1150 2773 1196 me

238 1229 581 1286 mortuam
625 1219 854 1289 hostes
901 1217 985 1287 de
1038 1217 1300 1289 acchati
1336 1217 1613 1299 fuerint,
1660 1217 1725 1286 id
1781 1229 2007 1300 tamen
2070 1238 2195 1308 ego
2244 1238 2381 1287 non
2451 1216 2767 1298 sentiam,

237 1326 485 1391 meque
544 1306 893 1387 insciente,
948 1307 1076 1377 hoc
1140 1306 1413 1376 facient.
1467 1312 1542 1376 At
1590 1306 1646 1377 si
1699 1307 1768 1374 in
1828 1319 2078 1375 terram
2136 1304 2400 1386 collisa,
2459 1306 2769 1395 corporis

239 1395 549 1464 membra
580 1394 912 1484 perfracta
957 1395 1235 1476 fuerint,
1273 1396 1505 1465 anima
1558 1415 1716 1466 vero
1762 1396 1831 1464 in
1896 1394 2226 1465 membris
2277 1395 2765 1485 permanserim
2839 1465 2851 1478 ,

215 1483 546 1572 -corporis
595 1484 1093 1574 turpitudinem
1130 1484 1411 1555 moleste
1445 1485 1676 1554 ferens'
1702 1505 1781 1553 ac
1813 1482 2078 1565 dolenS‚
2115 1495 2280 1553 tunc
2312 1483 2772 1553 nihilominus

239 1570 324 1639 ad
358 1571 676 1642 ,Iudicem
724 1573 952 1653 ducta,
1023 1595 1102 1643 ea
1161 1573 1401 1664 patiar,
1440 1595 1618 1661 quae
1665 1593 1936 1661 semper
1984 1571 2215 1643 timui:
2274 1571 2540 1642 tradent
2585 1572 2768 1641 enim

238 1671 478 1749 stupro
524 1682 643 1731 cor
691 1684 776 1731 us
806 1662 1035 1752 ipsum
1070 1662 1397 1733 membris
1445 1661 1737 1741 laesum,
1778 1684 1855 1731 ac
1906 1682 2013 1730 me
2048 1659 2364 1735 violatam
2401 1660 2766 1730 dimittent:

237 1747 473 1835 sicque
506 1749 649 1839 dup
681 1750 853 1819 icem
881 1748 1095 1820 feram
1126 1750 1608 1832 calamitatem,
1641 1750 2168 1840 tum·corporeis
2200 1750 2529 1819 membris
2558 1749 2765 1828 laesa,

237 1848 383 1906 tum
438 1838 825 1928 virginitate
873 1838 1185 1929 spoliata.
1254 1844 1433 1909 Haec
1500 1840 1666 1909 satis
1714 1837 1994 1926 quidem
2057 1838 2370 1917 fuissent,
2425 1851 2500 1907 ut
2564 1837 2772 1908 aliam

238 1925 544 2024 puellam
591 1928 1090 2017 perturbarent.
1129 1933 1203 1997 At
1237 1928 1355 1997 illa
1405 1928 1538 1999 fide
1572 1929 1723 2019 ipsa
1756 1928 1850 1996 ita
1887 1927 2149 1997 confisa
2181 1939 2305 2004 est,
2357 1927 2557 2014 quasi
2612 1926 2772 1996 finis

236 2014 458 2103 ipsius
498 2037 897 2105 sponsorem
925 2016 1226 2104 aliquem
1277 2017 1587 2087 haberet:
1642 2017 1728 2087 ob
1771 2015 1976 2102 idque
2019 2027 2333 2107 prompto
2394 2016 2763 2085 animo·ad

235 2124 395 2173 eum
438 2126 674 2174 casum
726 2105 1087 2175 festinavit.

322 2195 492 2278 §5-
550 2198 782 2350 {tague
895 2193 1117 2263 uellae
1162 2206 1227 2265 et
1276 2195 1562 2286 virginis
1623 2193 2022 2280 fortitudine
2079 2205 2282 2281 atque
2339 2193 2574 2262 animo
2615 2191 2767 2260 ·i110

234 2280 454 2364 victus
502 2303 598 2361 eS,
702 2281 856 2351 iabo
885 2303 944 2352 e.
991 2287 1175 2366 Quae
1222 2284 1407 2354 enim
1462 2285 1746 2353 Domino
1796 2283 1931 2372 ipsi
1977 2281 2143 2351 olim
2199 2281 2642 2371 proposuisti,
2682 2281 2769 2349 ad

237 2389 315 2438 ea
355 2368 582 2458 puella
616 2370 953 2457 quaedam
979 2372 1129 2471 ejus
1153 2371 1412 2443 famula
1444 2386 1505 2441 te
1535 2370 1945 2462 provocavit,
1988 2370 2169 2441 etad
2216 2370 2370 2439 tecti
2411 2369 2768 2459 fastigium

237 2479 627 2539 accurrens,
683 2458 874 2530 illinc
923 2482 1221 2551 seipsam
1257 2460 1559 2553 Jaculata
1604 2472 1745 2531 cst:
1785 2481 2085 2547 cumque
2151 2481 2190 2528 a
2241 2459 2488 2529 Judice
2535 2470 2771 2528 vocata

236 2550 455 2628 esset,
513 2548 657 2628 tibi,
702 2550 824 2636 qui
870 2549 1001 2620 hoc
1032 2551 1460 2641 suggessisti,
1518 2571 1651 2619 non
1689 2548 2204 2639 obtemperavit,
2246 2570 2466 2635 neque
2514 2547 2770 2617 subdo-

241 2634 375 2704 lam
428 2658 732 2737 pugnam
784 2638 1018 2708 subiit:
1074 2641 1259 2709 novit
1290 2640 1475 2709 enim
1527 2641 1834 2708 versutas
1880 2659 1959 2707 co
2013 2637 2326 2706 itationes
2375 2649 2551 2717 tuaS,
2607 2658 2769 2706 cum

239 2746 438 2815 saepe
487 2748 588 2794 vir
639 2726 786 2797 ines
835 2727 1023 2817 ipsas
1070 2727 1156 2797 ad
1203 2729 1506 2809 Judices‚
1538 2740 1866 2815 tanquam
1903 2749 1939 2795 a
2020 2724 2295 2816 flagella
2330 2724 2760 2813 excipienda,

239 2834 488 2883 vocare
513 2836 588 2884 so
618 2836 757 2895 eaS,
805 2829 1034 2904 postea
1083 2838 1239 2886 vero
1271 2818 1420 2888 sine
1460 2838 1717 2907 pugna,
1766 2816 1850 2885 iis
1880 2816 2000 2903 qui
2032 2836 2340 2905 pugnam
2378 2814 2764 2892 subierunt,

239 2902 552 2972 acerbius
601 2902 907 2974 detentas
977 2905 1193 2995 ejicis.
1261 2910 1337 2975 At
1397 2906 1453 2975 si
1524 2926 1675 2974 vere
1712 2904 1807 2973 ‘ad
1913 2925 2168 2994 ugnam
2234 2902 2332 2971 vel
2396 2903 2482 2972 ad
2550 2902 2771 2972 stadia

239 2991 538 3079 puellam
641 3013 968 3074 rovocas,-
994 2995 1410 3085 congredere
1437 3016 1624 3065 nunc
1656 3016 1817 3063 cum
1847 2927 1964 3062 iila
2002 3015 2039 3061 e
2073 3003 2244 3063 tecto
2285 3013 2355 3061 se
2381 2991 2764 3082 dejiciente,

237 3101 524 3167 eamque
575 3081 766 3149 ilinc
813 3081 1240 3152 decidentem
1283 3085 1569 3153 sustine.
1624 3082 1888 3153 Audeas
1934 3095 2172 3151 contra
2225 3081 2413 3150 illam
2468 3094 2667 3156 stare,
2706 3094 2771 3150 et

237 3167 644 3258 palaestram
719 3170 1038 3261 experiri.
1093 3172 1321 3241 Excita
1367 3192 1879 3259 quamcumque
1928 3170 2094 3242 velis
2141 3170 2490 3240 astutiam.
2545 3170 2770 3239 Habes

237 3268 484 3356 terram
531 3280 650 3348 pro
688 3281 959 3349 pugnae
1006 3281 1274 3350 camp0.
1333 3265 1507 3361 Urge
1554 3281 1740 3330 nunc
1839 3259 2058 3329 ladios
2106 3259 2316 3349 ipsos,
2369 3272 2445 3328 ut
2480 3272 2766 3327 mortem

235 3346 512 3417 mseras.
559 3348 939 3418 ‘substerne
990 3349 1486 3419 interficiendis
1535 3349 1797 3419 homini
1853 3371 1936 3418 us
2000 3348 2176 3419 dura
2224 3347 2456 3417 caedis
2508 3347 2768 3417 instru-

238 3448 487 3505 menta.
543 3441 710 3505 Para
758 3436 1112 3507 decedenti
1149 3438 1417 3529 puellae
1450 3438 2008 3508 confractionem.
2046 3444 2297 3507 Omnes
2328 3436 2514 3505 enim
2550 3456 2769 3523 quan-

236 3524 490 3594 tumvis
552 3525 905 3596 abstrusas
954 3539 1157 3613 atque
1205 3527 1475 3601 abditas
1536 3538 1715 3598 artes
1762 3539 1941 3606 tuaS‚
2012 3526 2195 3595 velut
2254 3524 2768 3594 infirmissimas

234 3611 355 3681 illa
385 3614 754 3703 superavit,
792 3615 1117 3702 quodque
1158 3618 1384 3706 majus
1431 3621 1817 3704 est,'neque
1858 3615 2029 3684 illud
2066 3638 2105 3683 a
2146 3619 2277 3682 Deo
2302 3613 2544 3702 exegit,
2576 3612 2764 3700 quod

236 3703 372 3771 scri
428 3715 571 3772 tum
606 3715 742 3773 est:
783 3704 1057 3794 Angelis
1107 3706 1243 3774 tuis
1291 3705 1545 3775 manda
1593 3704 1677 3773 de
1710 3726 1818 3774 me
1868 3704 2171 3783 Domine,
2220 3724 2303 3771 ne
2329 3723 2639 3789 unquam
2672 3701 2770 3771 of-

232 3788 340 3859 fen
397 3811 508 3860 am
543 3791 629 3861 ad
659 3790 958 3881 lapidem
999 3814 1255 3884 corpus
1275 3815 1506 3864 meum
1537 3817 1550 3861 :
1592 3792 1711 3864 sed
1746 3793 1812 3862 id
1843 3792 2058 3883 petiit,
2099 3803 2173 3862 ut
2207 3791 2480 3861 animae
2512 3791 2774 3881 praeci-

233 3892 444 3968 peret,
501 3892 653 3969 post
699 3902 940 3951 casum
981 3882 1211 3972 ipsum
1260 3904 1299 3952 e
1344 3904 1630 3972 corpore
1662 3881 2036 3951 discedere.

322 3970 358 4055 ξ
406 3973 497 4039 6.
554 3972 605 4038 Ο
638 3968 940 4059 puellam
987 3991 1238 4060 genere
1283 3970 1565 4058 quidem
1598 3982 1664 4039 et
1697 3992 1863 4041 sexu
1911 3968 2309 4049 foeminam,
2365 3967 2600 4038 animo
2648 3990 2774 4038 au-

235 4067 364 4125 tem
437 4056 586 4147 ipso
650 4061 958 4128 mareml
1013 4062 1064 4128 Ο
1113 4060 1448 4150 virginem
1498 4058 1776 4130 duobus
1838 4058 2238 4128 nominibus
2282 4055 2768 4137 extollendam,

234 4145 414 4231 quod
478 4146 545 4214 in
598 4146 948 4238 virginum
1010 4170 1239 4239 grege,
1298 4162 1363 4218 et
1413 4159 1797 4237 martyrum
1847 4146 2056 4218 choro
2118 4157 2481 4217 numerata
2528 4145 2668 4216 sisi
2723 4149 2776 4215 Ο

238 4233 541 4319 puellam
592 4235 685 4305 ita
716 4237 1207 4318 continentem,
1264 4249 1341 4306 ut
1388 4257 1606 4324 neque
1641 4247 1926 4326 aspectu
1971 4235 2254 4322 quidem
2302 4235 2454 4326 ipso
2502 4233 2779 4304 fruendi

235 4320 627 4393 facultatem
688 4324 1138 4415 intemperato
1197 4325 1431 4396 Judici
1471 4324 1911 4416 praebueris!
1965 4325 2190 4415 Hujus
2238 4323 2452 4424 igitur
2508 4322 2780 4423 puellae

239 4413 763 4502 temperantiam
794 4425 860 4484 et
889 4435 1016 4485 nos
1047 4414 1425 4496 imitemur,
1458 4427 1523 4485 et
1553 4425 1793 4485 contra
1832 4412 2213 4504 voluptates
2262 4433 2414 4503 ipsa
2462 4410 2781 4482 v1ctoriae
