3357 4995
214 263 431 327 JUNII
482 266 565 330 25
923 284 998 328 na
1046 284 1101 330 s.
1156 283 1466 332 memma
1515 285 1682 332 vlne.
1737 287 1810 332 ET
1860 285 2048 331 naar.
2536 267 2662 330 553

218 366 545 522 oAEeribus
567 366 823 453 aliquid
852 368 1145 437 assecuti
1174 369 1417 450 simu5‚
1446 369 1631 456 quod
1663 374 1954 458 Martyre
1973 368 2263 458 dignum
2292 367 2402 443 sit,
2430 380 2491 437 te
2512 366 2598 436 ad
2622 366 2751 437 hoc

216 457 235 522 i
289 476 530 524 oneam
585 477 932 545 rogamus.
972 468 1048 525 ut
1079 457 1164 525 de
1201 479 1274 524 re
1308 459 1657 547 proposita
1706 457 2007 526 differas.
2053 461 2326 526 Honora
2361 455 2660 543 denique
2688 469 2755 524 et

214 545 366 633 ipsa
417 544 775 614 nobiscum
842 547 981 614 una
1041 559 1412 634 martyrem
1478 546 1881 616 Febroniam
1930 558 1996 615 et
2035 544 2331 615 concede
2382 544 2622 628 nobis,
2677 557 2755 613 ut

216 633 286 700 in
336 633 614 723 templo,
671 633 853 722 quod
891 634 1020 704 sub
1055 635 1205 723 ejus
1258 636 1534 704 nomine
1582 635 1938 705 conditum
1980 647 2101 714 est,
2149 634 2461 722 Martyris
2499 655 2753 723 corpus

216 722 523 791 habitare
575 722 811 811 possit.
868 747 900 787 »

302 813 339 897 ξ
387 814 544 882 35.
600 817 766 881 Cum
817 812 984 881 haec
1060 812 1415 882 audissent
1482 835 1785 890 sorores,
1842 835 2083 883 omnes
2153 812 2547 881 clamarunt
2613 834 2754 880 una

214 921 403 978 voce,
461 913 527 968 et
573 899 656 967 ad
698 899 902 989 pedes
944 901 1437 990 Episcoporum
1474 912 1872 991 prostratae,
1928 902 2288 971 dixerunt:
2325 906 2753 971 «Precamur

220 1012 332 1057 vos
384 1011 502 1078 per
550 1003 822 1058 sanctos
872 990 1034 1060 istos
1090 1004 1343 1059 vestros
1378 991 1608 1079 pedes,
1662 1004 1740 1059 ut
1790 991 2002 1058 nostri
2051 1012 2169 1058 vos
2211 990 2528 1058 misereat
2576 1010 2754 1074 quae

215 1077 515 1147 humiles
568 1091 631 1144 et
682 1078 978 1161 abjectae
1042 1101 1309 1158 sumuS,
1378 1102 1593 1167 neque
1661 1080 1958 1168 pretiosa
2006 1079 2136 1147 hac
2193 1079 2563 1168 margarita
2631 1100 2753 1147 nos

214 1167 567 1255 privetis.»
621 1171 926 1252 Cumque
974 1168 1094 1235 diu
1144 1190 1383 1236 omnes
1434 1169 1996 1246 lamentarentur,
2035 1181 2100 1235 et
2149 1169 2388 1256 Episco
2442 1188 2519 1236 os
2556 1167 2752 1235 obse-

211 1267 508 1332 crarent,
557 1256 711 1340 ejus
759 1257 951 1324 urbis
983 1257 1359 1344 Episcopus
1388 1259 1751 1325 Briennam
1781 1257 2173 1342 alloquens:
2214 1261 2360 1324 «Au
2418 1257 2462 1334 i,
2499 1255 2746 1341 inquit,

212 1366 436 1412 soror:
480 1346 661 1412 Nosti
691 1359 1026 1431 quantum
1071 1345 1379 1414 studium
1430 1346 1867 1415 adhibuerim
1901 1345 1987 1414 ad
2025 1345 2345 1433 martyris
2383 1344 2752 1414 Febroniae

213 1433 549 1521 templum
605 1456 724 1522 pro
773 1434 922 1522 ejus
975 1433 1229 1501 honore
1268 1446 1331 1500 et
1361 1434 1583 1523 gloria
1612 1434 2042 1524 erigendum.
2091 1439 2186 1501 En
2211 1455 2326 1502 sex
2356 1433 2742 1511 annisum,

211 1543 386 1607 quos
416 1522 485 1588 in
537 1543 615 1590 eo
666 1523 917 1610 templo
952 1523 1411 1591 construendo
1463 1525 1834 1614 insumpsi.
1869 1529 1960 1591 Ne
2007 1522 2219 1612 igitur
2249 1523 2514 1591 labores
2565 1542 2751 1590 meos

214 1609 496 1678 inutiles
526 1624 590 1677 et
617 1611 766 1679 sine
813 1609 1042 1680 fructu
1089 1633 1236 1680 esse
1263 1612 1615 1700 patiaris.»
1650 1617 1828 1680 Haec
1867 1634 2023 1681 cum
2073 1610 2379 1680 audisset
2427 1610 2747 1685 Brienna,

217 1699 610 1788 respondit:
658 1701 783 1767 «si
824 1702 913 1767 ita
965 1699 1153 1768 vobis
1203 1700 1447 1789 placet,
1502 1714 1564 1769 et
1614 1702 1668 1768 si
1700 1701 1917 1790 placet
1965 1700 2265 1786 Martyri,
2302 1698 2483 1785 quod
2524 1700 2750 1787 petitis

215 1787 594 1876 accipiatis.
635 1790 800 1869 Quis
836 1811 988 1857 sum
1040 1812 1188 1877 ege,
1243 1803 1318 1857 ut
1368 1790 1492 1858 hoc
1545 1790 1974 1878 impediam?
2005 1789 2305 1877 Ingressi
2340 1810 2502 1877 ergo
2553 1787 2741 1856 illam

213 1877 526 1964 accipite,
582 1890 646 1945 et
685 1879 935 1946 abite.»
972 1878 1263 1966 ingressi
1307 1891 1468 1947 sunt
1510 1879 1848 1968 Episcopi,
1902 1891 1968 1947 et
2042 1899 2229 1945 reces
2260 1877 2343 1945 ad
2391 1882 2600 1946 Deum
2642 1879 2746 1946 su-

210 1963 481 2033 derunt.
516 1969 590 2033 At
622 1966 850 2034 Hieria.
883 1966 1246 2034 clamabat:
1296 1995 1325 2028 «ε
1342 1972 1467 2035 Vae
1505 1968 1725 2046 nobis.
1768 1967 1949 2054 quod
2051 1966 2332 2035 odierno
2373 1967 2482 2034 die
2514 1987 2752 2035 mona-

210 2053 500 2121 sterium
536 2077 787 2142 magna
835 2055 1307 2123 benedictione
1349 2057 1675 2145 privatur.
1727 2061 1856 2124 Vae
1890 2056 2110 2134 nobiS,
2149 2054 2331 2140 quod
2384 2054 2586 2123 hodie
2633 2077 2751 2122 an-

208 2143 482 2228 gustiae
545 2157 608 2211 et
662 2144 918 2212 orbitas
960 2145 1027 2210 in
1084 2145 1575 2214 monasterium
1627 2145 1827 2213 allata
1878 2157 2058 2213 sunt.
2107 2149 2237 2211 Vae
2287 2144 2510 2220 nobiS,
2565 2144 2748 2228 quod

208 2229 415 2297 hodie
467 2233 908 2321 margaritam
962 2244 1261 2301 nostram
1316 2235 1727 2302 tradimus»
1762 2239 1835 2301 Et
1880 2234 1963 2301 ad
1993 2232 2357 2301 Briennam
2393 2251 2743 2309 conversa,

207 2317 593 2389 clamabat:
641 2321 859 2401 «Quid
888 2321 1055 2389 facis
1098 2327 1358 2390 mater?
1408 2327 1540 2390 Cur
1589 2345 1696 2390 nie
1725 2323 1950 2410 privas
1998 2321 2280 2390 domina
2331 2343 2505 2399 mea,
2545 2321 2749 2408 cujus

206 2410 419 2476 causa
470 2411 704 2478 omnia
734 2409 1093 2495 dereliqui,
1162 2424 1226 2477 et
1279 2411 1360 2478 ad
1416 2425 1670 2478 vestras
1709 2433 1955 2479 manus
1993 2408 2323 2500 confugi?
2359 2433 2390 2474 »
2458 2409 2748 2477 Brienna

205 2517 363 2565 curn
399 2496 678 2569 vidisset
710 2500 1007 2567 Hieriam
1045 2500 1133 2567 ita
1158 2499 1667 2577 lamentantem,
1698 2501 1781 2569 ad
1813 2522 1962 2567 eam
1997 2520 2353 2568 conversa:
2403 2504 2600 2577 «Cur,
2640 2499 2750 2565 in-

207 2585 381 2682 quit,
440 2586 838 2657 lamentaris
888 2588 1033 2655 lilia
1071 2609 1219 2656 mea
1250 2590 1517 2656 Hieria‘?
1567 2590 1634 2657 si
1669 2602 1944 2679 gratum
1991 2600 2092 2657 est
2126 2587 2224 2655 illi
2255 2588 2467 2667 abire,
2507 2587 2742 2656 abeat:

210 2695 316 2741 sin
354 2675 615 2755 minus,
658 2699 790 2745 non
843 2676 1111 2745 abeat.»

295 2765 331 2847 ,ξ
379 2767 545 2834 36.
602 2771 765 2834 Cum
824 2764 1136 2855 Episcopi
1208 2788 1438 2854 preces
1487 2767 2037 2855 complevissent,
2096 2787 2334 2834 omnes
2397 2766 2743 2845 dixerunt,

208 2854 444 2947 ⁸Amen.
499 2860 663 2922 Cum
715 2854 1017 2944 primum
1062 2867 1286 2922 autem
1343 2854 1601 2924 loculos
1654 2856 1976 2943 martyris
2031 2856 2421 2944 tetigerunt,
2489 2855 2747 2923 t'onitru

208 2960 275 3004 in
312 2943 469 3008 aere
523 2956 658 3011 tam
714 2964 1043 3031 magnum
1096 2944 1343 3031 erupit,
1399 2957 1474 3013 ut
1510 2945 1829 3012 universa
1885 2943 2254 3012 multitudo
2355 2966 2468 3012 rae
2506 2945 2747 3011 timore

205 3028 548 3099 ceciderit.
606 3036 872 3101 Rursus
923 3032 1125 3119 paulo
1166 3047 1317 3121 post
1363 3054 1520 3101 cum
1574 3033 1866 3103 fuissent
1905 3034 2208 3122 agsrressi
2262 3033 2282 3099 i
2335 3054 2443 3099 em
2493 3032 2737 3108 facere,

208 3127 661 3188 terraemotus
705 3133 837 3189 tam
883 3143 1178 3209 magnus
1220 3120 1441 3190 factus
1479 3135 1602 3199 est,
1643 3135 1719 3191 ut
1752 3135 1885 3190 tota
1919 3084 2086 3192 ur‘bs
2135 3142 2331 3189 ruere
2372 3121 2738 3190 videretur.

206 3207 297 3271 Ex
346 3227 425 3274 ea
478 3232 545 3275 re
594 3223 1060 3297 cognoverunt
1108 3210 1426 3299 Episcopi
1496 3224 1561 3278 et
1610 3211 1934 3279 universa
1999 3209 2393 3290 multitudO,
2463 3211 2742 3298 Martyri

206 3312 342 3390 non
411 3297 701 3385 placere,
764 3300 1252 3367 monasterium
1290 3300 1547 3388 egredi.
1620 3305 1852 3385 ltaque
1907 3299 2132 3369 tristes
2180 3298 2363 3376 facti,
2425 3299 2745 3367 dixerunt

207 3382 581 3479 Br1ennae:
630 3387 696 3453 Si
730 3388 1002 3473 Martyri
1050 3408 1182 3455 non
1252 3387 1470 3477 placet
1521 3388 2013 3456 monasterium
2058 3386 2466 3473 relinquere.
2523 3409 2741 3455 unum

204 3466 485 3567 aliquod
549 3497 630 3543 ex
680 3476 1006 3544 membris
1073 3476 1398 3547 abscissis
1466 3477 1663 3546 nobis
1732 3476 2071 3565 largiare,
2135 3488 2198 3543 et
2273 3475 2740 3545 discedemus.

208 3557 498 3631 Brienna
531 3564 791 3633 clavem
829 3565 1148 3652 sumpsit,
1205 3579 1269 3632 et
1311 3563 1572 3635 loculos
1621 3566 1912 3654 aperuit,
1955 3577 2020 3633 et
2067 3564 2240 3632 vidit
2288 3585 2541 3654 corpus
2572 3570 2746 3632 Mar-

207 3646 398 3729 tyris,
457 3653 677 3722 instar
728 3651 891 3720 solis
961 3653 1320 3742 effulgens.
1381 3655 1587 3722 Multo
1651 3654 1864 3743 igitur
1913 3675 2074 3722 cum
2132 3667 2386 3721 terrore
2448 3654 2748 3721 extendit

209 3751 493 3830 manum
544 3763 772 3820 suam,
836 3754 899 3808 et
947 3741 1230 3810 alteram
1287 3746 1571 3811 Sanctae
1624 3742 1845 3832 ipsius
1897 3763 2182 3811 manum
2234 3741 2740 3831 apprehensam

207 3819 538 3916 Eptscopo
574 3830 673 3898 illi
723 3831 1047 3918 praebere
1097 3830 1333 3899 voluit.
1391 3831 1516 3900 Sed
1556 3853 1805 3901 manus
1841 3831 2176 3899 Briennae
2225 3830 2497 3899 detenta
2529 3844 2650 3909 est,
2684 3844 2774 3899 et>

210 3905 391 3979 velut
429 3934 699 4011 mortua
748 3919 1023 4007 torpuit.
1090 3925 1276 3987 Tunc
1326 3921 1616 3988 Brienna
1671 3920 2102 4019 lacrymans:
2160 3924 2425 4001 Precor,
2492 3920 2737 4007 inquit,

212 4001 295 4071 ῑθ,
348 3998 491 4071 filla
521 4030 675 4077 mea
725 4008 1078 4086 Febronia,
1129 4030 1212 4076 ne
1262 4008 1582 4078 irascaris
1641 4023 1842 4077 matri
1892 4021 2066 4077 tuae.
2123 4008 2504 4078 Recordare
2553 4009 2743 4077 labo-

209 4098 364 4152 rum
416 4109 749 4177 meorum,
789 4118 1008 4182 neque
1057 4109 1473 4167 senectutem
1530 4119 1753 4165 meam
1789 4110 2213 4166 contemnas.
2279 4099 2587 4167 Remissa
2619 4120 2742 4166 au-

208 4176 343 4237 tem
394 4196 561 4273 sana
608 4207 826 4254 manu
867 4185 1007 4265 illa,
1063 4208 1306 4256 rursus
1344 4208 1495 4254 eam
1532 4186 1824 4255 Brienna
1872 4185 2196 4266 extendit,
2251 4199 2314 4255 et
2348 4186 2743 4275 lacrymans

212 4274 503 4355 rogavit:
540 4273 814 4354 Praebe‚
869 4274 1117 4361 inquit,
1185 4274 1383 4343 nobis
1418 4275 1988 4355 benedictionem,
2043 4297 2128 4344 ne
2177 4297 2286 4343 me
2339 4276 2599 4343 tristem
2649 4273 2744 4341 ef-

208 4340 426 4417 ficlas.
481 4358 785 4448 Cumque
824 4363 1198 4453 accepisset
1259 4386 1480 4434 unum
1530 4385 1609 4434 ex
1655 4363 2005 4445 dentibuS,
2059 4364 2178 4451 qui
2228 4375 2420 4434 erant
2469 4364 2538 4430 in
2588 4362 2741 4452 eJus

808 4542 819 4579 l
