3357 4995
677 315 807 379 336
1485 335 1580 380 -υΕ
1629 334 1683 380 s.
1742 331 1986 380 mismo
2035 330 2246 377 naono
2782 313 3003 378 JUNII
3060 315 3147 379 ⁴4

588 413 915 482 confecto.
966 411 1198 482 Videat
1240 412 1595 493 DominuS‚
1651 426 1718 482 et
1775 412 2046 502 judicet
2089 412 2269 480 inter
2317 424 2380 480 te
2427 423 2491 480 et
2540 431 2693 481 me:
2754 412 2920 498 quia
2979 434 3151 481 cum

589 513 664 571 tu
716 521 948 591 posses
998 501 1376 591 propitium
1429 501 1601 571 mihi
1649 501 1851 571 illum
1904 500 2210 580 reddere,
2264 500 2401 570 alio
2452 521 2561 570 me
2590 500 2950 591 ablegasti:
3004 501 3150 569 sic-

586 612 721 677 que
797 588 1208 671 clamitans‚
1256 591 1541 680 jactavit
1608 592 1917 661 chartam
1980 612 2190 679 super
2236 588 2587 669 feretrum,
2642 590 3157 679 circumspecte

559 678 964 747 ·admodum
1015 678 1334 749 indicans
1382 701 1667 750 causam
1745 680 1936 749 omni
1993 678 2269 770 populo.
2344 684 2538 748 Unus
2599 692 2830 749 autem
2877 701 2916 746 e
2963 676 3155 747 clero

588 770 763 838 scire
810 768 1101 856 cupiens
1132 825 1147 849 ‚
1205 768 1410 856 quale
1458 769 1527 838 id
1576 782 1754 839 esset
1818 769 2187 859 flagitium,
2242 767 2399 837 tulit
2447 767 2805 837 chartam:
2848 788 3153 854 eamque

587 878 927 935 reserans,
975 858 1236 926 invenit
1288 856 1479 926 omni
1528 859 1874 947 scriptura
1921 880 2256 938 vacuam,
2314 879 2423 925 ma
2478 878 2703 943 naque
2752 877 2912 926 voce
2974 856 3157 925 dixit

587 944 912 1015 mulieri:
968 946 1149 1015 Nihil
1201 945 1314 1014 hic
1362 947 1696 1036 scriptum
1740 949 1891 1026 est,'
1921 945 2222 1014 mulier:
2280 946 2403 1032 qui
2503 946 2594 1014 ita
2622 958 2684 1014 te
2732 945 3147 1023 discrucias,

585 1035 903 1104 nesciens
952 1049 1016 1103 te
1047 1048 1487 1105 consecutam
1526 1034 2073 1106 misericordiam
2104 1038 2135 1102 ⁶?
2181 1039 2390 1104 Porro
2438 1034 2666 1103 omnis
2719 1034 2957 1125 populi
3007 1034 3151 1104 fre-

584 1125 869 1209 quentia
915 1137 993 1193 ut
1041 1123 1210 1192 vidit
1258 1124 1678 1214 stupendum
1740 1122 2155 1192 miraculum
2185 1178 2200 1203 ,
2270 1123 2680 1213 glorificavit
2730 1128 2969 1204 Deum,
3024 1125 3152 1210 qui

584 1212 773 1281 dedit
804 1225 1203 1302 potestatem
1237 1212 1306 1280 in
1341 1226 1518 1282 terra
1546 1212 1939 1282 remittendi
1968 1222 2267 1302 peccata:
2290 1224 2505 1298 atque
2536 1212 2750 1282 servis
2780 1213 2928 1281 suis
2960 1212 3154 1282 hanc

584 1301 875 1371 contulit
945 1302 1289 1391 gratiam,
1345 1314 1420 1371 ut
1468 1301 1672 1371 etiam
1725 1315 1876 1390 post
1939 1313 2227 1370 mortem
2257 1300 2522 1391 possint
2570 1322 2818 1370 sanare
2861 1301 3150 1372 morbos

586 1410 829 1460 omnes
860 1446 876 1470 ,
928 1404 993 1460 et
1045 1402 1322 1480 peccata
1381 1412 1656 1477 quoque
1704 1412 1865 1459 cum
1930 1389 2064 1458 fide
2134 1389 2609 1459 accedentium
2658 1389 3078 1459 condonare.

673 1481 709 1565 ξ
755 1483 918 1550 32.
972 1479 1226 1569 Joseph
1257 1479 1541 1565 quidam
1579 1479 1931 1548 Hebraeus
1990 1491 2134 1548 erat
2180 1480 2524 1568 egregiuS,
2581 1477 2902 1547 medendi
2963 1480 3152 1569 peri—

586 1567 922 1648 tissimUS,
967 1580 1032 1637 et
1081 1567 1149 1635 in
1192 1590 1271 1636 ea
1319 1581 1462 1637 arte
1495 1568 1817 1655 insigniS,
1856 1567 2027 1636 adeo
2051 1579 2129 1635 ut
2176 1589 2256 1635 ex
2289 1579 2612 1637 contactu
2642 1568 2931 1636 arteriae
2989 1580 3155 1637 ante

587 1668 721 1724 tres
772 1656 870 1724 vel
904 1657 1217 1743 quinque
1248 1656 1395 1726 dies
1444 1657 1838 1747 praedicere
1870 1667 2103 1756 posset
2139 1656 2501 1725 decessum
2563 1656 2889 1725 hominis.
2948 1660 3152 1726 Hunc

585 1766 723 1812 non
775 1745 925 1814 sine
957 1745 1335 1814 multorum
1388 1746 1812 1815 medicorum
1866 1744 2148 1827 invidia,
2196 1745 2476 1815 divinus
2517 1758 2709 1835 pater
2761 1757 2993 1814 noster
3020 1750 3150 1814 Ba-

585 1832 810 1913 silius,
851 1833 1034 1921 quod
1084 1855 1165 1902 ex
1213 1834 1330 1903 Dei
1380 1833 1890 1903 illuminatione
1940 1833 2310 1924 praesciret
2347 1833 2548 1903 illum
2601 1855 2877 1904 sacrum
2914 1833 3150 1923 bapti-

588 1943 736 1992 sma
795 1933 1358 2004 consecuturum,
1412 1922 1611 1992 valde
1656 1924 1946 1992 charum
1999 1922 2267 2002 habuit,
2321 1922 2739 2009 assidueque
2795 1922 2883 1992 ad
2934 1944 3149 1993 suum

584 2009 1009 2096 colloquium
1045 2011 1309 2092 accivit,
1351 2011 1606 2081 docens
1648 2034 1806 2081 eum
1860 2014 2119 2102 regiam
2156 2011 2403 2082 salutis
2433 2022 2497 2080 et
2533 2012 2834 2081 veritatis
2884 2011 3152 2102 ample-

583 2100 677 2168 cti
732 2100 962 2181 viam,
1021 2099 1493 2190 pollutamque
1568 2100 1993 2170 ‚Iudaeorum
2046 2099 2343 2189 abjicere
2408 2100 2856 2190 religionem,
2911 2113 2977 2170 et
3026 2121 3154 2191 per

583 2188 1012 2278 baptismum
1052 2188 1396 2258 Christum
1439 2188 1752 2259 induere.
1807 2189 1934 2259 Sed
1972 2188 2085 2258 ille
2136 2211 2273 2259 non
2321 2189 2795 2275 acquiescens,
2842 2188 3145 2258 dicebat:

584 2281 660 2346 In
694 2299 832 2364 qua
881 2277 1013 2346 fide
1067 2288 1267 2347 natus
1303 2300 1483 2356 sum,
1533 2279 1732 2348 inea
1764 2279 1968 2347 etiam
2023 2280 2198 2347 mori
2249 2278 2422 2347 volo.
2473 2277 2594 2347 Cui
2647 2277 2749 2346 vir
2807 2291 3144 2348 sanctus:

583 2387 620 2432 «
656 2366 862 2434 Crede
915 2366 1108 2448 mihi,
1145 2366 1393 2453 inquit,
1433 2368 1716 2458 Joseph,
1772 2388 1993 2454 neque
2025 2388 2173 2456 eg0,
2215 2388 2438 2453 neque
2489 2380 2563 2435 tu
2610 2388 2690 2435 ex
2741 2367 2868 2437 hoc
2905 2389 3145 2436 rerum

582 2454 888 2525 tumultu
919 2454 1400 2556 migrabimus,
1458 2456 1592 2526 nisi
1627 2469 1688 2526 te
1738 2456 1932 2548 prius
1984 2469 2300 2526 renovato
2351 2477 2471 2547 per
2518 2477 2773 2544 aquam
2808 2469 2873 2526 et
2918 2456 3148 2547 spiri-

582 2557 756 2625 tum,
805 2567 962 2614 nam
1001 2566 1151 2615 sine
1193 2545 1308 2616 his
1355 2546 1691 2637 fieri,non
1731 2557 1967 2636 potest,
2007 2557 2083 2614 ut
2116 2546 2445 2633 cuiquam
2501 2558 2725 2635 pateat
2773 2545 3008 2617 aditus
3056 2544 3150 2613 ad

581 2654 792 2723 regna
822 2633 1172 2703 coelorum
1204 2634 1260 2701 ³⁵.
1299 2638 1393 2702 An
1447 2656 1583 2703 non
1633 2635 1838 2704 etiam
1878 2647 2102 2723 patres
2129 2634 2229 2703 tui
2263 2634 2585 2725 baptizati
2620 2633 2810 2704 fuere
2842 2635 2914 2703 in
2960 2636 3149 2703 nube

579 2733 645 2791 et
691 2723 760 2790 in
813 2722 1012 2802 mari,
1066 2735 1131 2792 et
1180 2722 1501 2792 biberunt
1547 2745 1627 2792 ex
1660 2721 1957 2814 spiritali
1991 2734 2455 2810 consequente
2502 2746 2617 2793 eos
2669 2727 2920 2814 petra?
2955 2735 3149 2814 petra

581 2822 810 2880 autem
859 2824 1006 2880 erat
1052 2811 1383 2882 Christus:
1421 2814 1542 2899 qui
1577 2812 1647 2880 in
1703 2811 2097 2882 novissimis
2144 2811 2390 2882 diebus
2421 2833 2501 2881 ex
2531 2812 2811 2902 Virgine
2863 2832 3145 2881 carnem

581 2921 969 2978 assumem,
1031 2911 1096 2968 et
1145 2913 1422 2989 propter
1469 2914 1776 2970 nostram
1826 2900 2119 2970 salutem
2174 2900 2378 2970 homo
2426 2899 2673 2982 factus,
2731 2915 2797 2971 et
2844 2900 3149 2970 mirifica

580 3010 796 3077 agens
827 3009 1059 3078 opera,
1109 3010 1359 3078 passus
1397 3002 1461 3059 et
1490 3012 1530 3059 a
1581 2990 1955 3078 Majoribus
1988 2989 2127 3058 tuis
2173 2989 2550 3061 crucifixus
2589 3002 2655 3058 et
2703 2988 3044 3081 sepultus,
3083 3003 3149 3058 et

582 3077 780 3145 tertia
828 3098 1197 3166 resurgens
1244 3077 1379 3157 die,
1420 3078 1492 3146 in
1542 3079 1815 3150 coelum
1847 3078 2179 3159 ascendit,
2227 3078 2553 3166 sedetque
2594 3078 2679 3147 ad
2717 3079 2936 3150 Patris
2986 3079 3148 3148 dex-

581 3178 824 3246 teram,
878 3165 1040 3234 inde
1091 3178 1418 3236 venturus
1448 3189 1609 3236 cum
1662 3167 1885 3236 multa
1933 3166 2291 3254 majestate
2319 3180 2385 3237 et
2438 3168 2885 3238 multitudine
2937 3189 3148 3258 ange-

583 3252 834 3332 lorum,
881 3253 1199 3341 judicare
1251 3256 1435 3323 vivos
1483 3268 1547 3323 et
1598 3268 1947 3336 mortuos,
2002 3267 2067 3324 et
2116 3255 2400 3326 reddere
2461 3257 2843 3344 unicuique
2893 3278 3146 3325 secun-

581 3340 750 3410 dum
801 3364 1008 3432 opera
1042 3365 1192 3411 sua.
1252 3348 1330 3411 Ut
1376 3365 1539 3433 ergo
1570 3344 1835 3413 dictum
1886 3358 2009 3421 est,
2066 3345 2496 3434 impossibile
2532 3359 2634 3415 est
2668 3360 2742 3415 ut
2790 3346 3141 3435 quispiam

581 3430 789 3500 intret
838 3432 903 3499 in
945 3453 1238 3521 regnum
1291 3433 1429 3512 Dei,
1487 3432 1622 3502 nisi
1667 3456 1785 3523 per
1847 3455 2098 3520 aquam
2150 3447 2216 3503 et
2278 3434 2609 3522 Spiritum
2665 3440 3022 3510 Sanctum,
3077 3447 3141 3501 et

585 3520 1179 3609 participationem
1215 3520 1646 3590 vivificorum
1697 3535 1762 3591 et
1812 3523 2420 3592 immaculatorum
2457 3524 2949 3613 mysteriorum
2982 3527 3144 3592 Cor-

585 3608 774 3697 poris
813 3620 878 3678 et
919 3610 1291 3699 Sanguinis
1331 3610 1649 3679 Christi.»
1703 3614 1780 3679 Et
1813 3612 2170 3700 ejusmode
2217 3610 2499 3698 quidem
2548 3611 3145 3682 admonitionibus

584 3697 832 3796 agebat
877 3697 1065 3787 apud
1113 3720 1270 3767 eum
1326 3700 1655 3788 probatus
1707 3699 1821 3767 ille.
1854 3700 1968 3769 Dei
2018 3700 2469 3777 administer,
2527 3701 2643 3770 sed
2702 3701 2876 3769 nihil
2939 3699 3144 3791 profi-

585 3785 830 3855 ciebat.
886 3786 1015 3855 Sed
1060 3785 1336 3855 tandem
1386 3809 1548 3857 cum
1586 3789 1811 3857 visum
1846 3801 2031 3858 esset
2076 3795 2229 3869 Dec,
2265 3790 2386 3876 qui
2426 3802 2586 3859 eum
2637 3790 3022 3880 segregavit
3068 3810 3148 3858 ex

584 3886 778 3943 utero
829 3874 1069 3945 matris
1117 3897 1305 3955 suae,
1355 3889 1432 3945 ut
1484 3878 1862 3967 perciperet
1911 3878 2141 3947 Sancti
2194 3878 2492 3967 Spiritus
2525 3879 2856 3969 gratiam,
2917 3878 3149 3946 immi-

585 3976 790 4033 nente
828 3963 974 4053 jam
1027 3976 1355 4054 tempore,
1386 3987 1525 4052 quo
1572 3988 1653 4034 ex
1692 3966 1801 4035 his
1840 3966 2085 4036 mundi
2123 3966 2754 4056 perturbationibus
2802 3965 3150 4035 tollendus

581 4064 727 4121 erat
777 4053 880 4120 vir
932 4053 1067 4133 Dei,
1113 4054 1246 4123 sub
1285 4067 1633 4141 praetextu
1673 4054 2055 4139 capiendae
2098 4055 2484 4125 medicinae
2518 4056 2780 4125 vocavit
2830 4054 3029 4124 illum
3064 4054 3149 4123 ad

584 4161 681 4221 se,
736 4139 1046 4228 dixitque
1091 4142 1195 4210 ei:
1250 4142 1429 4223 Quid
1479 4144 1693 4213 sentis
1742 4144 1826 4213 de
1900 4144 2005 4213 his
2067 4165 2248 4231 quae
2294 4145 2477 4216 circa
2538 4166 2646 4213 me
2694 4147 2903 4214 sunt?
2976 4148 3146 4213 Tum

583 4228 702 4299 ille
750 4252 829 4299 ex
857 4251 1067 4298 venae
1114 4233 1584 4300 attrectatione
1633 4233 1945 4303 sentiens
1998 4246 2285 4302 mortem
2337 4233 2439 4302 illi
2487 4233 2927 4324 impendere,
2981 4231 3152 4300 dixit

579 4318 666 4387 ad
693 4318 1107 4389 domesticos
1142 4320 1354 4401 illius,
1387 4335 1461 4390 ut
1492 4319 1719 4391 funeri
1753 4322 2140 4392 necessaria
2170 4322 2583 4392 indumenta
2620 4332 3139 4412 praepararent.

637 4448 662 4474 *
693 4446 1100 4489 sacramentorum
1122 4447 1310 4494 Christi,
1329 4448 1611 4497 praesertim
1632 4447 1861 4499 Baptismi
1882 4450 2155 4491 necessita.
