3357 4995
716 271 842 335 416
1292 288 1372 335 ni:
1419 288 1473 334 S.
1530 284 1866 335 nomi-Acin
1913 284 2108 334 EPISC.
2163 286 2238 333 ET
2286 286 2475 333 iiAii‘r.
2845 268 3067 334 JUNII
3118 270 3158 333 5

594 374 850 465 ,gentis
899 374 1211 463 regiones
1244 373 1415 443 citra
1463 372 1834 441 discrimen
1872 369 2094 440 ullum
2151 369 2724 460 pertransiissent,
2777 371 3159 441 beatissimi

624 462 1125 553 ApostoliPetri
1177 460 1419 530 limina
1450 461 1794 539 adierunt,
1835 459 2239 545 Christoque
2286 471 2490 549 prout
2541 482 2662 547 par
2708 472 2853 529 erat
2899 460 3164 549 gratias

627 563 930 642 agentes,
971 562 1405 639 peccatorum
1441 570 1726 620 suorum
1756 547 2196 617 abolitionem
2225 559 2292 617 et
2320 548 2586 638 itineris
2613 570 2976 649 prosperos
3007 570 3167 618 suc-

625 662 865 710 cessus
915 641 1280 728 petierunt,
1336 660 1459 718 nec
1510 650 1673 708 sunt
1719 635 1891 706 votis
1935 635 2262 706 frustrati·
2291 637 2461 706 suis.
2495 642 2681 706 ‘Nam
2744 636 3164 724 simulatque

622 730 727 798 vir
766 740 1046 798 sanctus
1094 726 1550 796 venerabilem
1594 725 2022 816 -Apostolicae
2065 724 2258 795 Sedis
2307 725 2696 796 Praesulem
2752 726 3162 816 Gregorium

631 816 1026 896 Secundum
1092 812 1434 885 allocutus
1490 814 1870 901 est,ieique
1915 825 2061 883 tum
2108 835 2389 884 causam
2441 813 2774 886 adventus
2821 815 2956 895 sui,
3013 827 3164 884 tum

624 906 1071 984 desiderium,
1117 925 1257 991 quo
1283 903 1405 972 diu
1439 903 1786 995 flagrarat,
1830 902 2165 991 exposuit,
2203 924 2359 972 mox
2394 901 2695 972 Pontifex
2729 902 2935 971 hilari
2968 902 3165 972 vultu

623 1016 780 1064 eum
816 995 1116 1072 intuenS‚
1153 1004 1641 1082 percunctatus
1665 1003 1791 1071 est,
1833 1011 2002 1060 num
2023 1012 2198 1079 quas
2228 991 2545 1149 Episcopi
2579 991 2691 1061 sui
2717 990 2945 1061 literas
2963 1013 3164 1089 pom-

624 1082 1065 1152 mendatitias
1112 1080 1297 1171 apud
1335 1103 1407 1151 se
1453 1081 1753 1149 haberet.
1794 1077 1919 1149 Ille
1963 1101 2120 1149 vero
2169 1080 2399 1151 statim
2435 1103 2472 1150 c
2526 1093 2743 1149 artam
2796 1102 2919 1169 pro
2970 1102 3165 1151 more

625 1172 1000 1240 involutam
1053 1168 1364 1240 Pontifici
1411 1168 1682 1239 obtulit.
1722 1173 1870 1251 Qua
1897 1168 2219 1257 perlecta,
2259 1169 2616 1255 sanctique
2647 1167 2773 1237 viri
2808 1183 3164 1258 comperto

623 1260 988 1335 desiderio,
1044 1258 1283 1328 sedulo
1329 1279 1487 1327 cum
1546 1256 1665 1327 illo
1712 1256 2040 1347 deinceps
2087 1278 2439 1327 sermones
2496 1257 2812 1357 contulit,
2875 1256 3166 1344 illicque

623 1359 1164 1418 commorantem
1217 1358 1597 1415 reverenter
1642 1357 1965 1426 tractanS,
2016 1366 2492 1434 quascumque
2524 1358 2715 1436 petiit
2760 1355 3161 1416 sanctorum

624 1436 978 1523 reliquiaS,
1034 1434 1134 1504 illi
1173 1434 1488 1504 donavit:
1544 1447 1687 1505 tum
1739 1434 1942 1503 etiam
1994 1455 2115 1524 per
2146 1455 2419 1503 omnem
2473 1434 2907 1504 Germaniam
2968 1456 3165 1524 prae·

624 1525 906 1594 dicandi
952 1526 1014 1593 ei
1065 1544 1321 1592 munus
1370 1522 1839 1603 demandanS,
1894 1544 2057 1592 suas
2102 1523 2163 1592 ei
2214 1522 2444 1593 literas
2494 1522 2806 1604 tradidit,
2858 1545 3159 1611 quarum

623 1614 755 1683 hoc
788 1626 890 1682 est
918 1611 1294 1702 exemplar:
1853 1626 1856 1629 ⁴
3004 1630 3009 1634 ·

712 1704 749 1788 ἓ
798 1706 892 1782 8.
947 1724 982 1768 «
1013 1705 1377 1801 Gregorius
1425 1722 1662 1771 servus
1695 1719 2043 1771 servorum
2080 1699 2220 1779 Dei,
2259 1698 2603 1770 Bonifacio
2639 1700 2953 1791 religioso
3008 1723 3166 1791 pre-

627 1790 921 1879 sbytero.
978 1790 1196 1880 Exigit
1255 1788 1685 1858 manifestata
1753 1788 1950 1859 nobis
2008 1787 2310 1878 religiosi
2360 1789 2692 1879 propositi
2742 1789 2864 1868 tui,
2926 1789 3037 1889 pie
3092 1790 3161 1858 in

630 1879 895 1949 Christo
944 1878 1323 1969 flagrantis,
1384 1878 1669 1947 intentio
1718 1889 1785 1946 et
1810 1877 2186 1967 approbata
2234 1876 2744 1948 sincerissimae
2790 1877 2951 1947 fidei
3004 1892 3167 1948 tuae

627 1967 887 2057 perlata
939 1967 1194 2046 relatio,
1236 1979 1312 2035 ut
1349 1965 1434 2035 ad
1466 1967 2047 2055 dispensationem
2101 1965 2287 2035 verbi
2321 1965 2561 2046 divini,
2602 1966 2808 2054 cujus
2847 1987 2970 2056 per
3003 1989 3165 2057 gra·

629 2057 791 2125 tiam
854 2057 964 2124 Dei
1015 2077 1252 2124 curam
1350 2055 1612 2124 erimus
1637 2053 1665 2135 ,'
1708 2067 1770 2124 te
1816 2053 2290 2124 comministro
2353 2067 2654 2124 utamur.
2722 2056 3166 2145 Experieiites

626 2144 916 2234 proinde
979 2156 1037 2212 te
1084 2144 1171 2212 ab
1212 2143 1289 2210 fin
1324 2143 1504 2212 antia
1550 2164 1780 2212 sacras
1829 2142 2059 2212 literas
2107 2141 2456 2221 didicisse,
2513 2143 2990 2243 profectusque
3054 2146 3166 2212 in-

626 2233 851 2302 dolem
889 2233 972 2300 ad
1024 2246 1473 2322 augmentum
1524 2231 1765 2300 crediti
1813 2230 2099 2301 caelitus
2138 2229 2372 2299 talenti
2414 2244 2777 2321 prospectu
2824 2231 3044 2301 divini
3080 2234 3164 2302 ti-

624 2322 838 2391 moris
887 2322 1276 2391 extendere:
1332 2318 1646 2390 videlicet
1668 2321 1979 2411 gratiam
2029 2319 2444 2410 cognitionis
2491 2319 2802 2389 coelestis
2852 2322 3159 2401 oraculi,

622 2410 695 2478 in
747 2409 1047 2479 laborem
1113 2408 1503 2478 salutiferae
1572 2407 2123 2499 praedicationis,
2178 2407 2260 2476 ad
2314 2408 2882 2478 innotescendum
2933 2412 3164 2501 genti—

620 2499 757 2570 bus
807 2497 1179 2568 incredulis
1230 2497 1632 2587 mysterium
1698 2496 1858 2567 fidei
1923 2496 2203 2566 instanti
2251 2510 2504 2566 conatu
2550 2497 2957 2588 expendere,
3014 2501 3162 2569 col-

621 2587 960 2658 laetamur
1007 2586 1165 2656 fidei
1218 2598 1395 2667 tuae,
1448 2600 1512 2655 et
1576 2585 1923 2686 adjutores
1977 2584 2156 2655 effici
2202 2586 2529 2676 cupimus
2578 2588 2836 2677 gratiae
2887 2610 3167 2677 praero-

624 2689 843 2767 gatae,
913 2676 1130 2767 Igitur
1196 2676 1360 2760 quia
1429 2675 1788 2765 praemissi
1838 2686 2125 2745 conatus
2173 2675 2369 2765 pium
2418 2674 2737 2745 affectum
2787 2698 3012 2763 iisque
3074 2677 3164 2746 ad

626 2764 1050 2855 Apostolicae
1110 2763 1292 2833 sedis
1338 2763 1645 2833 modesta
1706 2763 2094 2852 provisione
2160 2762 2536 2851 perduxisti
2593 2764 3032 2845 consultum,
3090 2780 3166 2837 ut

619 2854 1009 2923 membrum
1060 2873 1139 2921 ex
1189 2852 1496 2922 membro
1545 2853 1807 2942 proprii
1857 2852 2165 2942 corporis
2216 2874 2296 2921 ca
2347 2865 2426 2922 ut
2472 2853 2852 2939 requirens,
2892 2865 3164 2925 motum

623 2942 876 3010 mentis
931 2940 1275 3030 probares,
1330 2941 1714 3030 capitisque
1777 2940 2059 3011 arbitrio
2107 2939 2305 3009 humi
2336 2940 2464 3010 iter
2524 2952 2586 3010 te
2633 2942 3051 3011 submittens
3101 2957 3168 3013 et

624 3030 777 3119 ejus
827 3029 1209 3109 directioni,
1236 3031 1423 3116 Justo
1459 3030 1731 3098 tramite
1758 3032 2157 3129 properans,
2196 3028 2519 3098 soliditati
2551 3031 2988 3120 compaginis
3022 3031 3167 3122 ple-

570 3142 583 3157 ¹
622 3117 867 3188 nitudo
917 3118 1188 3189 existas.
1244 3118 1400 3188 Ideo
1450 3118 1518 3186 in
1558 3117 1838 3186 nomine
1888 3116 2331 3188 indivisibilis
2369 3116 2716 3188 Trinitatis
2751 3141 2871 3209 pei·
2918 3120 3165 3190 incon-

622 3228 897 3287 cussam
971 3206 1439 3276 auctoritatem
1512 3207 1691 3275 beati
1747 3206 1922 3275 Petri
1988 3204 2461 3295 Apostolorum
2527 3207 2886 3297 principiS,
2951 3210 3166 3297 cujus

619 3295 969 3365 doctrinae
1014 3309 1080 3365 et
1127 3294 1520 3385 magisterio
1578 3293 1959 3384 fungimur,
2010 3307 2077 3363 et
2123 3293 2350 3365 locum
2416 3315 2647 3365 sacrae
2695 3295 2877 3365 sedis
2936 3296 3166 3367 admi-

618 3387 1036 3465 nistramuS‚
1097 3384 1499 3453 modestiam
1569 3394 1724 3451 tuae
1793 3382 2146 3473 religionis
2214 3383 2642 3454 instituimus
2700 3395 2904 3471 atque
2969 3409 3166 3476 prae·

617 3474 942 3573 cipimus,
1000 3486 1074 3541 ut
1122 3473 1187 3540 in
1242 3471 1445 3541 verbo
1495 3470 1607 3540 Dei
1657 3472 1847 3571 (quo
1909 3471 2070 3572 igne
2130 3471 2518 3553 salutifer0‚
2568 3495 2773 3560 quem
2825 3475 3166 3545 Dominus

617 3572 884 3631 mittere
920 3563 1101 3629 venit
1149 3561 1216 3628 in
1271 3573 1545 3639 terram,
1584 3561 1840 3629 enitere
1896 3558 2177 3650 videris)
2232 3558 2318 3629 ad
2366 3581 2841 3649 quascumque
2893 3576 3160 3652 gentes,

616 3650 1043 3720 infidelitatis
1097 3669 1325 3717 errore
1390 3647 1739 3728 detentas,
1793 3669 2161 3738 properare
2219 3652 2350 3718 Deo
2396 3665 2744 3720 annuente
2806 3653 3159 3739 potueris,

617 3740 1023 3826 mysterium
1078 3738 1266 3835 regni
1323 3737 1436 3804 Dei
1489 3758 1607 3825 per
1646 3736 2185 3807 insinuationem
2237 3739 2541 3809 nominis
2587 3739 2833 3809 Christi
2887 3743 3166 3811 Domini

617 3828 733 3897 Dei
770 3827 986 3897 nostri
1036 3826 1336 3894 veritatis
1375 3826 1697 3894 suasione
1727 3824 2072 3926 designeS‚
2134 3838 2199 3896 et
2248 3848 2367 3915 per
2406 3828 2723 3927 spiritum
2777 3829 3054 3899 virtutis
3100 3843 3168 3900 et

613 3916 1001 3985 dilectionis
1068 3934 1146 3981 ac
1195 3914 1600 3990 sobrietatis,
1670 3913 2251 4004 praedicationem
2321 3926 2686 4004 utriusque
2742 3920 3165 3988 Testamenti

612 4003 965 4073 mentibus
1016 4001 1308 4070 indoctis
1355 4023 1653 4072 consona
1707 4003 1968 4073 ratione
2013 4002 2478 4077 transfundas.
2536 4005 2984 4095 Disciplinam
3039 4007 3165 4077 de-

613 4094 826 4179 nique
875 4091 1309 4167 sacramenti,
1345 4112 1550 4178 quam
1603 4091 1687 4160 ad
1740 4091 2117 4162 initiandos
2151 4096 2283 4163 Deo
2332 4094 2604 4183 praevio
2642 4093 3028 4164 credituros
3064 4108 3165 4165 te-
3251 4170 3274 4197 ,

612 4202 775 4250 nere
822 4178 1121 4259 studeaS,
1176 4200 1255 4247 ex
1302 4178 1602 4250 formula
1648 4179 2031 4251 officiorum
2093 4194 2368 4252 sanctae
2418 4195 2688 4254 nostrae
2734 4182 3166 4272 Apostolicae

613 4268 831 4350 Sedis,
889 4268 1340 4339 institutionis
1390 4281 1544 4339 tuae
1592 4270 1813 4359 gratia
1864 4268 2263 4360 praelibata,
2320 4270 2640 4342 volumus
2686 4284 2764 4340 ut
2810 4270 3158 4343 intendas.
