<?xml version="1.0" encoding="UTF-8"?>
<!DOCTYPE html PUBLIC "-//W3C//DTD XHTML 1.0 Transitional//EN"
    "http://www.w3.org/TR/xhtml1/DTD/xhtml1-transitional.dtd">
<html xmlns="http://www.w3.org/1999/xhtml" xml:lang="en" lang="en">
 <head>
  <title>
</title>
<meta http-equiv="Content-Type" content="text/html;charset=utf-8" />
  <meta name='ocr-system' content='tesseract 3.04.00' />
  <meta name='ocr-capabilities' content='ocr_page ocr_carea ocr_par ocr_line ocrx_word'/>
</head>
<body>
  <div class='ocr_page' id='page_1' title='image "./historiaeseuvit02lippgoog_0492.png"; bbox 0 0 3357 4995; ppageno 0'>
   <div class='ocr_carea' id='block_1_1' title="bbox 670 337 3155 414">
    <p class='ocr_par' dir='ltr' id='par_1_1' title="bbox 670 337 3155 414">
     <span class='ocr_line' id='line_1_1' title="bbox 670 337 3155 414; baseline -0.001 -1"><span class='ocrx_word' id='word_1_1' title='bbox 670 349 821 414; x_wconf 57' lang='lat'><strong>{476</strong></span> <span class='ocrx_word' id='word_1_2' title='bbox 1420 364 1515 411; x_wconf 76' lang='lat' dir='ltr'><strong>-ns</strong></span> <span class='ocrx_word' id='word_1_3' title='bbox 1563 364 1619 410; x_wconf 79' lang='lat' dir='ltr'><strong>s,</strong></span> <span class='ocrx_word' id='word_1_4' title='bbox 1660 361 1956 411; x_wconf 67' lang='lat' dir='ltr'><strong>-mzomro</strong></span> <span class='ocrx_word' id='word_1_5' title='bbox 2003 359 2302 409; x_wconf 74' lang='lat' dir='ltr'>EPISCOPO</span> <span class='ocrx_word' id='word_1_6' title='bbox 2773 339 3007 410; x_wconf 63' lang='lat' dir='ltr'><strong>¹J1UNIl</strong></span> <span class='ocrx_word' id='word_1_7' title='bbox 3055 337 3155 411; x_wconf 67' lang='lat'><strong>⁴⁴9</strong></span> 
     </span>
    </p>
   </div>
   <div class='ocr_carea' id='block_1_2' title="bbox 588 445 3178 4438">
    <p class='ocr_par' dir='ltr' id='par_1_2' title="bbox 588 445 3153 1407">
     <span class='ocr_line' id='line_1_2' title="bbox 607 445 3138 540; baseline -0.001 -21"><span class='ocrx_word' id='word_1_8' title='bbox 607 471 766 519; x_wconf 88' lang='lat' dir='ltr'><strong>eum</strong></span> <span class='ocrx_word' id='word_1_9' title='bbox 810 447 1390 540; x_wconf 81' lang='lat' dir='ltr'><strong>gaudio-spiritali</strong></span> <span class='ocrx_word' id='word_1_10' title='bbox 1423 461 1540 517; x_wconf 56' lang='lat' dir='ltr'><strong>ret</strong></span> <span class='ocrx_word' id='word_1_11' title='bbox 1599 459 1742 517; x_wconf 78' lang='lat' dir='ltr'><strong>tum</strong></span> <span class='ocrx_word' id='word_1_12' title='bbox 1803 446 2084 516; x_wconf 82' lang='lat' dir='ltr'><strong>demum</strong></span> <span class='ocrx_word' id='word_1_13' title='bbox 2137 446 2427 516; x_wconf 86' lang='lat' dir='ltr'><strong>invicem</strong></span> <span class='ocrx_word' id='word_1_14' title='bbox 2494 445 3138 529; x_wconf 63' lang='lat' dir='ltr'><strong>se‘osculab‘antu&#39;r,</strong></span> 
     </span>
     <span class='ocr_line' id='line_1_3' title="bbox 590 534 3149 624; baseline -0.001 -17"><span class='ocrx_word' id='word_1_15' title='bbox 590 552 673 607; x_wconf 87' lang='lat' dir='ltr'><strong>·et</strong></span> <span class='ocrx_word' id='word_1_16' title='bbox 704 551 980 608; x_wconf 82' lang='lat' dir='ltr'><strong>caetera</strong></span> <span class='ocrx_word' id='word_1_17' title='bbox 1012 537 1363 606; x_wconf 82' lang='lat' dir='ltr'><strong>charitatis</strong></span> <span class='ocrx_word' id='word_1_18' title='bbox 1386 553 1475 606; x_wconf 77' lang='lat' dir='ltr'><strong>ac</strong></span> <span class='ocrx_word' id='word_1_19' title='bbox 1524 535 2036 607; x_wconf 73' lang='lat' dir='ltr'><strong>benevolentiae</strong></span> <span class='ocrx_word' id='word_1_20' title='bbox 2061 534 2310 604; x_wconf 61' lang='lat' dir='ltr'><strong>¹officia</strong></span> <span class='ocrx_word' id='word_1_21' title='bbox 2345 536 2962 624; x_wconf 74' lang='lat' dir='ltr'><strong>prosequebantur.</strong></span> <span class='ocrx_word' id='word_1_22' title='bbox 3013 536 3149 606; x_wconf 60' lang='lat' dir='ltr'><strong>*Iti-</strong></span> 
     </span>
     <span class='ocr_line' id='line_1_4' title="bbox 588 622 3151 726; baseline -0.002 -28"><span class='ocrx_word' id='word_1_23' title='bbox 588 628 762 698; x_wconf 85' lang='lat' dir='ltr'><strong>-dem</strong></span> <span class='ocrx_word' id='word_1_24' title='bbox 790 626 1101 697; x_wconf 57' lang='lat' dir='ltr'><strong>‘faciebat</strong></span> <span class='ocrx_word' id='word_1_25' title='bbox 1149 625 1505 726; x_wconf 88' lang='lat' dir='ltr'><strong>piissimus</strong></span> <span class='ocrx_word' id='word_1_26' title='bbox 1552 637 1746 715; x_wconf 83' lang='lat' dir='ltr'><strong>pater</strong></span> <span class='ocrx_word' id='word_1_27' title='bbox 1787 623 2142 705; x_wconf 71' lang='lat' dir='ltr'><strong>Deodatu&#39;s,</strong></span> <span class='ocrx_word' id='word_1_28' title='bbox 2199 623 2510 692; x_wconf 80' lang='lat' dir='ltr'><strong>veniente</strong></span> <span class='ocrx_word' id='word_1_29' title='bbox 2560 622 2645 693; x_wconf 90' lang='lat' dir='ltr'><strong>ad</strong></span> <span class='ocrx_word' id='word_1_30' title='bbox 2703 624 2936 718; x_wconf 77' lang='lat' dir='ltr'><strong>ipsum</strong></span> <span class='ocrx_word' id='word_1_31' title='bbox 2983 624 3151 694; x_wconf 66' lang='lat' dir='ltr'><strong>&#39;Hil-</strong></span> 
     </span>
     <span class='ocr_line' id='line_1_5' title="bbox 588 712 3147 806; baseline -0.002 -20"><span class='ocrx_word' id='word_1_32' title='bbox 588 716 893 806; x_wconf 61' lang='lat' dir='ltr'><strong>sdulpbo,</strong></span> <span class='ocrx_word' id='word_1_33' title='bbox 930 715 1044 784; x_wconf 88' lang='lat' dir='ltr'><strong>cui</strong></span> <span class='ocrx_word' id='word_1_34' title='bbox 1090 726 1294 784; x_wconf 69' lang='lat' dir='ltr'><strong>etiam</strong></span> <span class='ocrx_word' id='word_1_35' title='bbox 1338 713 1536 783; x_wconf 83' lang='lat' dir='ltr'><strong>‘ultra</strong></span> <span class='ocrx_word' id='word_1_36' title='bbox 1592 719 1875 784; x_wconf 75' lang='lat' dir='ltr'><strong>Mortem</strong></span> <span class='ocrx_word' id='word_1_37' title='bbox 1935 723 2206 781; x_wconf 85' lang='lat' dir='ltr'><strong>amnem</strong></span> <span class='ocrx_word' id='word_1_38' title='bbox 2260 712 2583 802; x_wconf 79' lang='lat' dir='ltr'><strong>pergebat</strong></span> <span class='ocrx_word' id='word_1_39' title='bbox 2627 712 2924 782; x_wconf 68' lang='lat' dir='ltr'><strong>³obviuln</strong></span> <span class='ocrx_word' id='word_1_40' title='bbox 2973 723 3147 782; x_wconf 81' lang='lat' dir='ltr'><strong>cum</strong></span> 
     </span>
     <span class='ocr_line' id='line_1_6' title="bbox 594 801 3146 892; baseline -0.002 -18"><span class='ocrx_word' id='word_1_41' title='bbox 594 806 778 876; x_wconf 75' lang='lat' dir='ltr'><strong>suis.</strong></span> <span class='ocrx_word' id='word_1_42' title='bbox 840 811 1006 874; x_wconf 84' lang='lat' dir='ltr'><strong>Nam</strong></span> <span class='ocrx_word' id='word_1_43' title='bbox 1054 803 1279 890; x_wconf 88' lang='lat' dir='ltr'><strong>quoad</strong></span> <span class='ocrx_word' id='word_1_44' title='bbox 1328 802 1532 883; x_wconf 64' lang='lat' dir='ltr'><strong>vixit,</strong></span> <span class='ocrx_word' id='word_1_45' title='bbox 1586 801 1827 872; x_wconf 88' lang='lat' dir='ltr'><strong>cellam</strong></span> <span class='ocrx_word' id='word_1_46' title='bbox 1881 802 2202 892; x_wconf 80' lang='lat' dir='ltr'>priorem,</span> <span class='ocrx_word' id='word_1_47' title='bbox 2258 821 2433 888; x_wconf 83' lang='lat' dir='ltr'><strong>quae</strong></span> <span class='ocrx_word' id='word_1_48' title='bbox 2479 814 2623 892; x_wconf 83' lang='lat' dir='ltr'><strong>erat</strong></span> <span class='ocrx_word' id='word_1_49' title='bbox 2680 802 2862 891; x_wconf 79' lang='lat' dir='ltr'><strong>apud</strong></span> <span class='ocrx_word' id='word_1_50' title='bbox 2897 802 3146 871; x_wconf 78' lang='lat' dir='ltr'><strong>sancti</strong></span> 
     </span>
     <span class='ocr_line' id='line_1_7' title="bbox 606 889 3153 981; baseline -0.002 -18"><span class='ocrx_word' id='word_1_51' title='bbox 606 894 878 963; x_wconf 77' lang='lat' dir='ltr'><strong>Martini</strong></span> <span class='ocrx_word' id='word_1_52' title='bbox 911 890 1376 971; x_wconf 71' lang='lat' dir='ltr'><strong>oratoriolum,</strong></span> <span class='ocrx_word' id='word_1_53' title='bbox 1413 912 1547 960; x_wconf 90' lang='lat' dir='ltr'><strong>non</strong></span> <span class='ocrx_word' id='word_1_54' title='bbox 1602 889 1898 977; x_wconf 84' lang='lat' dir='ltr'><strong>reliquit.</strong></span> <span class='ocrx_word' id='word_1_55' title='bbox 1945 890 2057 959; x_wconf 88' lang='lat' dir='ltr'><strong>Vir</strong></span> <span class='ocrx_word' id='word_1_56' title='bbox 2091 889 2363 980; x_wconf 66' lang='lat' dir='ltr'><strong>quippe</strong></span> <span class='ocrx_word' id='word_1_57' title='bbox 2397 890 2843 981; x_wconf 72' lang='lat' dir='ltr'><strong>grandaevus</strong></span> <span class='ocrx_word' id='word_1_58' title='bbox 2879 903 3039 959; x_wconf 84' lang='lat' dir='ltr'><strong>erat</strong></span> <span class='ocrx_word' id='word_1_59' title='bbox 3079 902 3153 959; x_wconf 90' lang='lat' dir='ltr'><strong>et</strong></span> 
     </span>
     <span class='ocr_line' id='line_1_8' title="bbox 599 977 3145 1074; baseline -0.002 -22"><span class='ocrx_word' id='word_1_60' title='bbox 599 984 743 1074; x_wconf 76' lang='lat' dir='ltr'><strong>jam</strong></span> <span class='ocrx_word' id='word_1_61' title='bbox 768 993 1141 1052; x_wconf 59' lang='lat' dir='ltr'><strong>veteranus</strong></span> <span class='ocrx_word' id='word_1_62' title='bbox 1174 993 1377 1067; x_wconf 85' lang='lat' dir='ltr'><strong>atque</strong></span> <span class='ocrx_word' id='word_1_63' title='bbox 1422 980 1749 1049; x_wconf 87' lang='lat' dir='ltr'><strong>emeritus</strong></span> <span class='ocrx_word' id='word_1_64' title='bbox 1783 978 2027 1048; x_wconf 82' lang='lat' dir='ltr'><strong>Ch‘risti</strong></span> <span class='ocrx_word' id='word_1_65' title='bbox 2072 977 2291 1059; x_wconf 53' lang='lat' dir='ltr'><strong>miles„</strong></span> <span class='ocrx_word' id='word_1_66' title='bbox 2323 999 2469 1048; x_wconf 70' lang='lat' dir='ltr'><strong>’nec</strong></span> <span class='ocrx_word' id='word_1_67' title='bbox 2532 979 2749 1068; x_wconf 89' lang='lat' dir='ltr'><strong>potuit</strong></span> <span class='ocrx_word' id='word_1_68' title='bbox 2777 978 2970 1049; x_wconf 72' lang='lat' dir='ltr'><strong>&#39;ferre</strong></span> <span class='ocrx_word' id='word_1_69' title='bbox 3021 979 3145 1047; x_wconf 84' lang='lat' dir='ltr'><strong>ho-</strong></span> 
     </span>
     <span class='ocr_line' id='line_1_9' title="bbox 590 1066 3141 1155; baseline -0.003 -14"><span class='ocrx_word' id='word_1_70' title='bbox 590 1073 878 1141; x_wconf 88' lang='lat' dir='ltr'><strong>·minum</strong></span> <span class='ocrx_word' id='word_1_71' title='bbox 931 1091 1335 1148; x_wconf 82' lang='lat' dir='ltr'><strong>concursuS,</strong></span> <span class='ocrx_word' id='word_1_72' title='bbox 1385 1089 1607 1155; x_wconf 89' lang='lat' dir='ltr'><strong>neque</strong></span> <span class='ocrx_word' id='word_1_73' title='bbox 1658 1067 1955 1138; x_wconf 87' lang='lat' dir='ltr'><strong>externis</strong></span> <span class='ocrx_word' id='word_1_74' title='bbox 2012 1066 2300 1136; x_wconf 66' lang='lat' dir='ltr'><strong>fratrum</strong></span> <span class='ocrx_word' id='word_1_75' title='bbox 2360 1067 2713 1138; x_wconf 85' lang='lat' dir='ltr'><strong>laboribus</strong></span> <span class='ocrx_word' id='word_1_76' title='bbox 2762 1068 3141 1137; x_wconf 83' lang='lat' dir='ltr'><strong>interesse:</strong></span> 
     </span>
     <span class='ocr_line' id='line_1_10' title="bbox 611 1154 3142 1246; baseline -0.001 -18"><span class='ocrx_word' id='word_1_77' title='bbox 611 1161 903 1229; x_wconf 79' lang='lat' dir='ltr'><strong>maxime</strong></span> <span class='ocrx_word' id='word_1_78' title='bbox 934 1157 1114 1246; x_wconf 84' lang='lat' dir='ltr'><strong>quod</strong></span> <span class='ocrx_word' id='word_1_79' title='bbox 1151 1157 1322 1226; x_wconf 85' lang='lat' dir='ltr'>nihil</span> <span class='ocrx_word' id='word_1_80' title='bbox 1376 1156 1473 1225; x_wconf 88' lang='lat' dir='ltr'><strong>illi</strong></span> <span class='ocrx_word' id='word_1_81' title='bbox 1506 1157 1661 1244; x_wconf 74' lang='lat' dir='ltr'><strong>jam</strong></span> <span class='ocrx_word' id='word_1_82' title='bbox 1687 1156 1935 1225; x_wconf 65' lang='lat' dir='ltr'><strong>‘liberet</strong></span> <span class='ocrx_word' id='word_1_83' title='bbox 1963 1154 2178 1235; x_wconf 84' lang='lat' dir='ltr'><strong>aliud,</strong></span> <span class='ocrx_word' id='word_1_84' title='bbox 2235 1171 2441 1242; x_wconf 87' lang='lat' dir='ltr'><strong>quam</strong></span> <span class='ocrx_word' id='word_1_85' title='bbox 2501 1175 2740 1225; x_wconf 84' lang='lat' dir='ltr'><strong>vacare</strong></span> <span class='ocrx_word' id='word_1_86' title='bbox 2790 1169 2854 1226; x_wconf 92' lang='lat' dir='ltr'><strong>et</strong></span> <span class='ocrx_word' id='word_1_87' title='bbox 2885 1156 3142 1237; x_wconf 81' lang='lat' dir='ltr'><strong>videre,</strong></span> 
     </span>
     <span class='ocr_line' id='line_1_11' title="bbox 606 1244 3145 1336; baseline -0 -19"><span class='ocrx_word' id='word_1_88' title='bbox 606 1250 931 1336; x_wconf 82' lang='lat' dir='ltr'><strong>quoniam</strong></span> <span class='ocrx_word' id='word_1_89' title='bbox 987 1247 1312 1316; x_wconf 86' lang='lat' dir='ltr'><strong>Dominus</strong></span> <span class='ocrx_word' id='word_1_90' title='bbox 1342 1246 1488 1335; x_wconf 88' lang='lat' dir='ltr'><strong>ipse</strong></span> <span class='ocrx_word' id='word_1_91' title='bbox 1532 1258 1635 1315; x_wconf 87' lang='lat' dir='ltr'><strong>est</strong></span> <span class='ocrx_word' id='word_1_92' title='bbox 1672 1251 1887 1314; x_wconf 82' lang='lat' dir='ltr'><strong>Deus:</strong></span> <span class='ocrx_word' id='word_1_93' title='bbox 1927 1256 2209 1335; x_wconf 78' lang='lat' dir='ltr'><strong>gustare</strong></span> <span class='ocrx_word' id='word_1_94' title='bbox 2246 1259 2311 1313; x_wconf 89' lang='lat' dir='ltr'><strong>et</strong></span> <span class='ocrx_word' id='word_1_95' title='bbox 2346 1244 2594 1326; x_wconf 88' lang='lat' dir='ltr'><strong>videre,</strong></span> <span class='ocrx_word' id='word_1_96' title='bbox 2649 1265 2855 1333; x_wconf 89' lang='lat' dir='ltr'><strong>quam</strong></span> <span class='ocrx_word' id='word_1_97' title='bbox 2909 1245 3145 1316; x_wconf 76' lang='lat' dir='ltr'><strong>suavis</strong></span> 
     </span>
     <span class='ocr_line' id='line_1_12' title="bbox 604 1338 1098 1407; baseline -0.01 0"><span class='ocrx_word' id='word_1_98' title='bbox 604 1339 699 1407; x_wconf 79' lang='lat' dir='ltr'><strong>sit</strong></span> <span class='ocrx_word' id='word_1_99' title='bbox 748 1338 1098 1406; x_wconf 79' lang='lat' dir='ltr'><strong>Dominus,</strong></span> 
     </span>
    </p>

    <p class='ocr_par' dir='ltr' id='par_1_3' title="bbox 602 1421 3148 2578">
     <span class='ocr_line' id='line_1_13' title="bbox 680 1421 3148 1513; baseline -0.001 -18"><span class='ocrx_word' id='word_1_100' title='bbox 680 1429 735 1513; x_wconf 67' lang='grc' dir='ltr'><strong>’ξ</strong></span> <span class='ocrx_word' id='word_1_101' title='bbox 788 1430 923 1495; x_wconf 63' lang='grc' dir='ltr'><strong>ΗΞ.</strong></span> <span class='ocrx_word' id='word_1_102' title='bbox 972 1429 1213 1492; x_wconf 83' lang='lat' dir='ltr'><strong>¹Fertur</strong></span> <span class='ocrx_word' id='word_1_103' title='bbox 1266 1435 1491 1492; x_wconf 84' lang='lat' dir='ltr'><strong>autem</strong></span> <span class='ocrx_word' id='word_1_104' title='bbox 1544 1425 1808 1492; x_wconf 72' lang='lat' dir='ltr'><strong>statura</strong></span> <span class='ocrx_word' id='word_1_105' title='bbox 1855 1421 2069 1492; x_wconf 88' lang='lat' dir='ltr'><strong>fuisse</strong></span> <span class='ocrx_word' id='word_1_106' title='bbox 2116 1422 2369 1513; x_wconf 82' lang='lat' dir='ltr'>insigni</span> <span class='ocrx_word' id='word_1_107' title='bbox 2429 1437 2494 1493; x_wconf 87' lang='lat' dir='ltr'><strong>et</strong></span> <span class='ocrx_word' id='word_1_108' title='bbox 2531 1425 2863 1513; x_wconf 64' lang='lat' dir='ltr'><strong>procera,</strong></span> <span class='ocrx_word' id='word_1_109' title='bbox 2927 1421 3148 1493; x_wconf 75' lang='lat' dir='ltr'><strong>forma</strong></span> 
     </span>
     <span class='ocr_line' id='line_1_14' title="bbox 611 1510 3143 1602; baseline -0.001 -18"><span class='ocrx_word' id='word_1_110' title='bbox 611 1512 1023 1602; x_wconf 77' lang='lat' dir='ltr'>cumprimis</span> <span class='ocrx_word' id='word_1_111' title='bbox 1051 1511 1370 1601; x_wconf 79' lang='lat' dir='ltr'><strong>eleganti,</strong></span> <span class='ocrx_word' id='word_1_112' title='bbox 1426 1510 1659 1581; x_wconf 87' lang='lat' dir='ltr'><strong>animo</strong></span> <span class='ocrx_word' id='word_1_113' title='bbox 1717 1510 2276 1590; x_wconf 70' lang='lat' dir='ltr'><strong>clementissimo</strong></span> <span class='ocrx_word' id='word_1_114' title='bbox 2329 1511 2406 1581; x_wconf 67' lang='lat' dir='ltr'><strong>m</strong></span> <span class='ocrx_word' id='word_1_115' title='bbox 2447 1511 2593 1602; x_wconf 86' lang='lat' dir='ltr'><strong>jam</strong></span> <span class='ocrx_word' id='word_1_116' title='bbox 2637 1512 2860 1581; x_wconf 81' lang='lat' dir='ltr'><strong>nimio</strong></span> <span class='ocrx_word' id='word_1_117' title='bbox 2912 1511 3143 1582; x_wconf 84' lang='lat' dir='ltr'><strong>labore</strong></span> 
     </span>
     <span class='ocr_line' id='line_1_15' title="bbox 610 1598 3142 1691; baseline -0.001 -20"><span class='ocrx_word' id='word_1_118' title='bbox 610 1617 675 1671; x_wconf 91' lang='lat' dir='ltr'><strong>et</strong></span> <span class='ocrx_word' id='word_1_119' title='bbox 707 1601 922 1670; x_wconf 85' lang='lat' dir='ltr'><strong>multa</strong></span> <span class='ocrx_word' id='word_1_120' title='bbox 969 1613 1182 1670; x_wconf 82' lang='lat' dir='ltr'><strong>aetate</strong></span> <span class='ocrx_word' id='word_1_121' title='bbox 1211 1600 1583 1682; x_wconf 81' lang='lat' dir='ltr'><strong>confectus,</strong></span> <span class='ocrx_word' id='word_1_122' title='bbox 1637 1620 1892 1668; x_wconf 84' lang='lat' dir='ltr'><strong>curvus</strong></span> <span class='ocrx_word' id='word_1_123' title='bbox 1918 1598 2274 1668; x_wconf 74' lang='lat' dir='ltr'><strong>incedebat</strong></span> <span class='ocrx_word' id='word_1_124' title='bbox 2313 1620 2445 1691; x_wconf 87' lang='lat' dir='ltr'><strong>non</strong></span> <span class='ocrx_word' id='word_1_125' title='bbox 2502 1617 2859 1688; x_wconf 80' lang='lat' dir='ltr'><strong>nunquam</strong></span> <span class='ocrx_word' id='word_1_126' title='bbox 2915 1614 3142 1682; x_wconf 85' lang='lat' dir='ltr'><strong>tamen</strong></span> 
     </span>
     <span class='ocr_line' id='line_1_16' title="bbox 612 1688 3144 1778; baseline -0 -19"><span class='ocrx_word' id='word_1_127' title='bbox 612 1691 846 1760; x_wconf 88' lang='lat' dir='ltr'><strong>adibat</strong></span> <span class='ocrx_word' id='word_1_128' title='bbox 869 1689 1111 1759; x_wconf 86' lang='lat' dir='ltr'><strong>fratres</strong></span> <span class='ocrx_word' id='word_1_129' title='bbox 1149 1711 1188 1758; x_wconf 92' lang='grc' dir='ltr'>ο</span> <span class='ocrx_word' id='word_1_130' title='bbox 1240 1701 1528 1770; x_wconf 78' lang='lat' dir='ltr'><strong>eranteS,</strong></span> <span class='ocrx_word' id='word_1_131' title='bbox 1554 1688 2143 1778; x_wconf 73' lang='lat' dir='ltr'><strong>‘singulorumque</strong></span> <span class='ocrx_word' id='word_1_132' title='bbox 2171 1688 2622 1758; x_wconf 78' lang='lat' dir='ltr'><strong>consideratis</strong></span> <span class='ocrx_word' id='word_1_133' title='bbox 2658 1701 2724 1757; x_wconf 86' lang='lat' dir='ltr'><strong>et</strong></span> <span class='ocrx_word' id='word_1_134' title='bbox 2755 1688 3144 1758; x_wconf 85' lang='lat' dir='ltr'><strong>constitutis</strong></span> 
     </span>
     <span class='ocr_line' id='line_1_17' title="bbox 613 1776 3136 1869; baseline -0.001 -21"><span class='ocrx_word' id='word_1_135' title='bbox 613 1778 961 1869; x_wconf 90' lang='lat' dir='ltr'><strong>operibus,</strong></span> <span class='ocrx_word' id='word_1_136' title='bbox 1001 1779 1082 1846; x_wconf 89' lang='lat' dir='ltr'><strong>ad</strong></span> <span class='ocrx_word' id='word_1_137' title='bbox 1125 1800 1199 1847; x_wconf 88' lang='lat' dir='ltr'><strong>ce</strong></span> <span class='ocrx_word' id='word_1_138' title='bbox 1232 1777 1365 1846; x_wconf 88' lang='lat' dir='ltr'><strong>lam</strong></span> <span class='ocrx_word' id='word_1_139' title='bbox 1419 1790 1621 1846; x_wconf 89' lang='lat' dir='ltr'><strong>noctu</strong></span> <span class='ocrx_word' id='word_1_140' title='bbox 1675 1776 1960 1847; x_wconf 85' lang='lat' dir='ltr'><strong>redibat.</strong></span> <span class='ocrx_word' id='word_1_141' title='bbox 2012 1776 2362 1863; x_wconf 80' lang='lat' dir='ltr'><strong>Hodieque</strong></span> <span class='ocrx_word' id='word_1_142' title='bbox 2397 1789 2822 1846; x_wconf 77' lang='lat' dir='ltr'><strong>monstratur</strong></span> <span class='ocrx_word' id='word_1_143' title='bbox 2869 1778 3136 1854; x_wconf 83' lang='lat' dir='ltr'><strong>semita,</strong></span> 
     </span>
     <span class='ocr_line' id='line_1_18' title="bbox 614 1864 3143 1955; baseline -0 -19"><span class='ocrx_word' id='word_1_144' title='bbox 614 1889 750 1955; x_wconf 91' lang='lat' dir='ltr'><strong>qua</strong></span> <span class='ocrx_word' id='word_1_145' title='bbox 798 1867 1054 1937; x_wconf 87' lang='lat' dir='ltr'><strong>solebat</strong></span> <span class='ocrx_word' id='word_1_146' title='bbox 1088 1867 1186 1935; x_wconf 90' lang='lat' dir='ltr'><strong>ire</strong></span> <span class='ocrx_word' id='word_1_147' title='bbox 1214 1865 1298 1935; x_wconf 90' lang='lat' dir='ltr'><strong>ad</strong></span> <span class='ocrx_word' id='word_1_148' title='bbox 1353 1866 1840 1935; x_wconf 89' lang='lat' dir='ltr'><strong>monasterium</strong></span> <span class='ocrx_word' id='word_1_149' title='bbox 1878 1865 2056 1952; x_wconf 88' lang='lat' dir='ltr'><strong>quod</strong></span> <span class='ocrx_word' id='word_1_150' title='bbox 2110 1879 2209 1935; x_wconf 88' lang='lat' dir='ltr'><strong>est</strong></span> <span class='ocrx_word' id='word_1_151' title='bbox 2249 1864 2430 1954; x_wconf 90' lang='lat' dir='ltr'><strong>apud</strong></span> <span class='ocrx_word' id='word_1_152' title='bbox 2462 1871 2862 1937; x_wconf 84' lang='lat' dir='ltr'><strong>Juncturas.</strong></span> <span class='ocrx_word' id='word_1_153' title='bbox 2901 1871 3143 1936; x_wconf 86' lang='lat' dir='ltr'><strong>Beatus</strong></span> 
     </span>
     <span class='ocr_line' id='line_1_19' title="bbox 618 1953 3143 2056; baseline 0.001 -33"><span class='ocrx_word' id='word_1_154' title='bbox 618 1978 772 2025; x_wconf 91' lang='lat' dir='ltr'><strong>vero</strong></span> <span class='ocrx_word' id='word_1_155' title='bbox 811 1955 1234 2046; x_wconf 87' lang='lat' dir='ltr'><strong>Hildul-phus</strong></span> <span class='ocrx_word' id='word_1_156' title='bbox 1264 1959 1521 2024; x_wconf 74' lang='lat' dir='ltr'><strong>statura</strong></span> <span class='ocrx_word' id='word_1_157' title='bbox 1542 1953 1682 2023; x_wconf 71' lang='lat' dir='ltr'><strong>suit</strong></span> <span class='ocrx_word' id='word_1_158' title='bbox 1713 1954 2065 2035; x_wconf 88' lang='lat' dir='ltr'><strong>mediocri,</strong></span> <span class='ocrx_word' id='word_1_159' title='bbox 2106 1953 2299 2023; x_wconf 90' lang='lat' dir='ltr'><strong>vultu</strong></span> <span class='ocrx_word' id='word_1_160' title='bbox 2332 1954 2665 2056; x_wconf 76' lang='lat' dir='ltr'><strong>angeli00‚</strong></span> <span class='ocrx_word' id='word_1_161' title='bbox 2697 1966 2923 2026; x_wconf 90' lang='lat' dir='ltr'><strong>mente</strong></span> <span class='ocrx_word' id='word_1_162' title='bbox 2947 1954 3143 2025; x_wconf 80' lang='lat' dir='ltr'><strong>valde</strong></span> 
     </span>
     <span class='ocr_line' id='line_1_20' title="bbox 615 2042 3144 2134; baseline -0.001 -20"><span class='ocrx_word' id='word_1_163' title='bbox 615 2056 1095 2132; x_wconf 86' lang='lat' dir='ltr'><strong>compunctus,</strong></span> <span class='ocrx_word' id='word_1_164' title='bbox 1133 2043 1552 2113; x_wconf 85' lang='lat' dir='ltr'><strong>voluntariae</strong></span> <span class='ocrx_word' id='word_1_165' title='bbox 1584 2042 2007 2132; x_wconf 79' lang='lat' dir='ltr'><strong>paupertatis</strong></span> <span class='ocrx_word' id='word_1_166' title='bbox 2039 2042 2631 2113; x_wconf 79' lang='lat' dir='ltr'><strong>studiosissimus:</strong></span> <span class='ocrx_word' id='word_1_167' title='bbox 2661 2061 2868 2130; x_wconf 87' lang='lat' dir='ltr'><strong>quem</strong></span> <span class='ocrx_word' id='word_1_168' title='bbox 2903 2063 3144 2134; x_wconf 75' lang='lat' dir='ltr'><strong>¹prom-</strong></span> 
     </span>
     <span class='ocr_line' id='line_1_21' title="bbox 602 2130 3142 2224; baseline -0 -22"><span class='ocrx_word' id='word_1_169' title='bbox 602 2147 812 2223; x_wconf 90' lang='lat' dir='ltr'><strong>ptum</strong></span> <span class='ocrx_word' id='word_1_170' title='bbox 855 2145 919 2201; x_wconf 91' lang='lat' dir='ltr'><strong>et</strong></span> <span class='ocrx_word' id='word_1_171' title='bbox 951 2132 1242 2224; x_wconf 77' lang='lat' dir='ltr'><strong>alacrem</strong></span> <span class='ocrx_word' id='word_1_172' title='bbox 1274 2131 1359 2200; x_wconf 84' lang='lat' dir='ltr'><strong>ad</strong></span> <span class='ocrx_word' id='word_1_173' title='bbox 1409 2153 1613 2200; x_wconf 88' lang='lat' dir='ltr'><strong>omne</strong></span> <span class='ocrx_word' id='word_1_174' title='bbox 1643 2152 1821 2221; x_wconf 89' lang='lat' dir='ltr'><strong>opus</strong></span> <span class='ocrx_word' id='word_1_175' title='bbox 1852 2130 2470 2201; x_wconf 75' lang='lat' dir='ltr'><strong>bonumefficiebat</strong></span> <span class='ocrx_word' id='word_1_176' title='bbox 2500 2132 2879 2202; x_wconf 82' lang='lat' dir='ltr'><strong>etiamnum</strong></span> <span class='ocrx_word' id='word_1_177' title='bbox 2917 2133 3142 2201; x_wconf 78' lang='lat' dir='ltr'><strong>virens</strong></span> 
     </span>
     <span class='ocr_line' id='line_1_22' title="bbox 617 2219 3140 2310; baseline -0.001 -19"><span class='ocrx_word' id='word_1_178' title='bbox 617 2234 930 2291; x_wconf 87' lang='lat' dir='ltr'><strong>senectus</strong></span> <span class='ocrx_word' id='word_1_179' title='bbox 960 2235 1023 2291; x_wconf 88' lang='lat' dir='ltr'><strong>et</strong></span> <span class='ocrx_word' id='word_1_180' title='bbox 1070 2221 1140 2289; x_wconf 89' lang='lat' dir='ltr'><strong>in</strong></span> <span class='ocrx_word' id='word_1_181' title='bbox 1192 2225 1401 2289; x_wconf 89' lang='lat' dir='ltr'><strong>Deum</strong></span> <span class='ocrx_word' id='word_1_182' title='bbox 1453 2241 1835 2310; x_wconf 88' lang='lat' dir='ltr'><strong>suspensus</strong></span> <span class='ocrx_word' id='word_1_183' title='bbox 1865 2219 2166 2290; x_wconf 85' lang='lat' dir='ltr'><strong>animus.</strong></span> <span class='ocrx_word' id='word_1_184' title='bbox 2197 2225 2361 2288; x_wconf 83' lang='lat' dir='ltr'><strong>Nam</strong></span> <span class='ocrx_word' id='word_1_185' title='bbox 2395 2235 2458 2290; x_wconf 91' lang='lat' dir='ltr'><strong>et</strong></span> <span class='ocrx_word' id='word_1_186' title='bbox 2491 2221 2567 2288; x_wconf 69' lang='lat' dir='ltr'><strong>‘in</strong></span> <span class='ocrx_word' id='word_1_187' title='bbox 2607 2221 2938 2291; x_wconf 80' lang='lat' dir='ltr'><strong>extremis</strong></span> <span class='ocrx_word' id='word_1_188' title='bbox 2971 2221 3140 2289; x_wconf 86' lang='lat' dir='ltr'><strong>vitae</strong></span> 
     </span>
     <span class='ocr_line' id='line_1_23' title="bbox 617 2308 3138 2400; baseline -0.002 -20"><span class='ocrx_word' id='word_1_189' title='bbox 617 2333 783 2380; x_wconf 89' lang='lat' dir='ltr'><strong>suae</strong></span> <span class='ocrx_word' id='word_1_190' title='bbox 831 2311 1030 2379; x_wconf 88' lang='lat' dir='ltr'><strong>annis</strong></span> <span class='ocrx_word' id='word_1_191' title='bbox 1080 2330 1409 2378; x_wconf 89' lang='lat' dir='ltr'><strong>manuum</strong></span> <span class='ocrx_word' id='word_1_192' title='bbox 1463 2308 1700 2379; x_wconf 68' lang='lat' dir='ltr'><strong>labore⁴</strong></span> <span class='ocrx_word' id='word_1_193' title='bbox 1730 2308 1981 2377; x_wconf 87' lang='lat' dir='ltr'><strong>victum</strong></span> <span class='ocrx_word' id='word_1_194' title='bbox 2023 2320 2088 2377; x_wconf 89' lang='lat' dir='ltr'><strong>et</strong></span> <span class='ocrx_word' id='word_1_195' title='bbox 2128 2309 2442 2378; x_wconf 79' lang='lat' dir='ltr'><strong>vestitum</strong></span> <span class='ocrx_word' id='word_1_196' title='bbox 2479 2310 2627 2379; x_wconf 81' lang='lat' dir='ltr'><strong>sibi</strong></span> <span class='ocrx_word' id='word_1_197' title='bbox 2676 2311 3138 2400; x_wconf 83' lang='lat' dir='ltr'><strong>comparabat.</strong></span> 
     </span>
     <span class='ocr_line' id='line_1_24' title="bbox 618 2397 3146 2487; baseline -0.001 -19"><span class='ocrx_word' id='word_1_198' title='bbox 618 2399 694 2468; x_wconf 81' lang='lat' dir='ltr'><strong>Et</strong></span> <span class='ocrx_word' id='word_1_199' title='bbox 741 2398 1056 2485; x_wconf 86' lang='lat' dir='ltr'><strong>quamvis</strong></span> <span class='ocrx_word' id='word_1_200' title='bbox 1102 2409 1314 2467; x_wconf 86' lang='lat' dir='ltr'><strong>aetate</strong></span> <span class='ocrx_word' id='word_1_201' title='bbox 1350 2398 1613 2487; x_wconf 85' lang='lat' dir='ltr'><strong>junior,</strong></span> <span class='ocrx_word' id='word_1_202' title='bbox 1660 2397 1843 2466; x_wconf 74' lang='lat' dir='ltr'><strong>vitae</strong></span> <span class='ocrx_word' id='word_1_203' title='bbox 1891 2399 2507 2468; x_wconf 63' lang='lat' dir='ltr'><strong>tamen‘sanctitate</strong></span> <span class='ocrx_word' id='word_1_204' title='bbox 2547 2410 2610 2467; x_wconf 89' lang='lat' dir='ltr'><strong>et</strong></span> <span class='ocrx_word' id='word_1_205' title='bbox 2660 2417 2926 2467; x_wconf 81' lang='lat' dir='ltr'><strong>morum</strong></span> <span class='ocrx_word' id='word_1_206' title='bbox 2977 2398 3146 2466; x_wconf 83' lang='lat' dir='ltr'><strong>inte-</strong></span> 
     </span>
     <span class='ocr_line' id='line_1_25' title="bbox 604 2484 3144 2578; baseline -0.001 -21"><span class='ocrx_word' id='word_1_207' title='bbox 604 2524 615 2533; x_wconf 48' lang='lat'>*</span> <span class='ocrx_word' id='word_1_208' title='bbox 706 2488 859 2558; x_wconf 82' lang='lat' dir='ltr'><strong>itate</strong></span> <span class='ocrx_word' id='word_1_209' title='bbox 912 2486 1201 2557; x_wconf 85' lang='lat' dir='ltr'><strong>Deodato</strong></span> <span class='ocrx_word' id='word_1_210' title='bbox 1250 2509 1381 2556; x_wconf 89' lang='lat' dir='ltr'><strong>non</strong></span> <span class='ocrx_word' id='word_1_211' title='bbox 1436 2484 1736 2556; x_wconf 84' lang='lat' dir='ltr'><strong>inferior.</strong></span> <span class='ocrx_word' id='word_1_212' title='bbox 1792 2485 1968 2556; x_wconf 81' lang='lat' dir='ltr'>Alter</span> <span class='ocrx_word' id='word_1_213' title='bbox 2010 2485 2298 2556; x_wconf 80' lang='lat' dir='ltr'><strong>alterum</strong></span> <span class='ocrx_word' id='word_1_214' title='bbox 2353 2487 2489 2558; x_wconf 83' lang='lat' dir='ltr'><strong>&#39;sibi</strong></span> <span class='ocrx_word' id='word_1_215' title='bbox 2525 2502 2766 2575; x_wconf 79' lang='lat' dir='ltr'><strong>mutuo</strong></span> <span class='ocrx_word' id='word_1_216' title='bbox 2816 2485 3144 2578; x_wconf 82' lang='lat' dir='ltr'><strong>praefere-</strong></span> 
     </span>
    </p>

    <p class='ocr_par' dir='ltr' id='par_1_4' title="bbox 604 2568 3151 3109">
     <span class='ocr_line' id='line_1_26' title="bbox 667 2568 3149 2662; baseline -0.001 -16"><span class='ocrx_word' id='word_1_217' title='bbox 667 2589 753 2646; x_wconf 84' lang='lat' dir='ltr'><strong>at.</strong></span> <span class='ocrx_word' id='word_1_218' title='bbox 784 2576 1220 2646; x_wconf 66' lang='lat' dir='ltr'><strong>‘Humilimus</strong></span> <span class='ocrx_word' id='word_1_219' title='bbox 1267 2575 1543 2662; x_wconf 88' lang='lat' dir='ltr'><strong>quidem</strong></span> <span class='ocrx_word' id='word_1_220' title='bbox 1595 2574 1827 2644; x_wconf 84' lang='lat' dir='ltr'><strong>Hildul</strong></span> <span class='ocrx_word' id='word_1_221' title='bbox 1887 2576 2018 2643; x_wconf 70' lang='lat' dir='ltr'><strong>lius</strong></span> <span class='ocrx_word' id='word_1_222' title='bbox 2070 2575 2389 2645; x_wconf 78' lang='lat' dir='ltr'><strong>canitiem</strong></span> <span class='ocrx_word' id='word_1_223' title='bbox 2459 2578 2529 2645; x_wconf 90' lang='lat' dir='ltr'><strong>in</strong></span> <span class='ocrx_word' id='word_1_224' title='bbox 2569 2568 2916 2651; x_wconf 69' lang='lat' dir='ltr'><strong>veodam,</strong></span> <span class='ocrx_word' id='word_1_225' title='bbox 2983 2581 3149 2646; x_wconf 86' lang='lat' dir='ltr'><strong>&#39;Deo-</strong></span> 
     </span>
     <span class='ocr_line' id='line_1_27' title="bbox 620 2662 3151 2755; baseline -0 -21"><span class='ocrx_word' id='word_1_226' title='bbox 620 2666 822 2737; x_wconf 85' lang='lat' dir='ltr'><strong>datus</strong></span> <span class='ocrx_word' id='word_1_227' title='bbox 872 2687 1025 2734; x_wconf 87' lang='lat' dir='ltr'><strong>vero</strong></span> <span class='ocrx_word' id='word_1_228' title='bbox 1098 2665 1165 2732; x_wconf 86' lang='lat' dir='ltr'><strong>in</strong></span> <span class='ocrx_word' id='word_1_229' title='bbox 1219 2664 1497 2754; x_wconf 87' lang='lat' dir='ltr'><strong>juniore</strong></span> <span class='ocrx_word' id='word_1_230' title='bbox 1554 2662 1841 2753; x_wconf 75' lang='lat' dir='ltr'><strong>Hildulp</strong></span> <span class='ocrx_word' id='word_1_231' title='bbox 1897 2685 1936 2733; x_wconf 93' lang='lat' dir='ltr'><strong>o</strong></span> <span class='ocrx_word' id='word_1_232' title='bbox 2001 2664 2535 2735; x_wconf 78' lang='lat' dir='ltr'><strong>:atriarcbalem</strong></span> <span class='ocrx_word' id='word_1_233' title='bbox 2610 2665 3011 2755; x_wconf 84' lang='lat' dir='ltr'><strong>dignitatem</strong></span> <span class='ocrx_word' id='word_1_234' title='bbox 3087 2676 3151 2733; x_wconf 91' lang='lat' dir='ltr'><strong>et</strong></span> 
     </span>
     <span class='ocr_line' id='line_1_28' title="bbox 604 2686 3149 2843; baseline -0 -19"><span class='ocrx_word' id='word_1_235' title='bbox 604 2772 888 2824; x_wconf 40' lang='lat' dir='ltr'><strong>*morum</strong></span> <span class='ocrx_word' id='word_1_236' title='bbox 961 2753 1412 2843; x_wconf 86' lang='lat' dir='ltr'><strong>integritatem</strong></span> <span class='ocrx_word' id='word_1_237' title='bbox 1470 2754 1942 2823; x_wconf 70' lang='lat' dir='ltr'><strong>venerabatur.</strong></span> <span class='ocrx_word' id='word_1_238' title='bbox 1997 2686 2125 2835; x_wconf 56' lang='lat' dir='ltr'><strong>(Sui</strong></span> <span class='ocrx_word' id='word_1_239' title='bbox 2181 2767 2514 2841; x_wconf 82' lang='lat' dir='ltr'><strong>tanquam</strong></span> <span class='ocrx_word' id='word_1_240' title='bbox 2594 2753 2772 2823; x_wconf 84' lang='lat' dir='ltr'><strong>duae</strong></span> <span class='ocrx_word' id='word_1_241' title='bbox 2839 2752 3149 2823; x_wconf 85' lang='lat' dir='ltr'><strong>coelestis</strong></span> 
     </span>
     <span class='ocr_line' id='line_1_29' title="bbox 619 2840 3148 2922; baseline -0.001 -11"><span class='ocrx_word' id='word_1_242' title='bbox 619 2842 918 2913; x_wconf 77' lang='lat' dir='ltr'><strong>fabricae</strong></span> <span class='ocrx_word' id='word_1_243' title='bbox 963 2842 1324 2911; x_wconf 77' lang='lat' dir='ltr'><strong>colum-nae</strong></span> <span class='ocrx_word' id='word_1_244' title='bbox 1358 2863 1396 2910; x_wconf 90' lang='lat' dir='ltr'><strong>a</strong></span> <span class='ocrx_word' id='word_1_245' title='bbox 1426 2841 1710 2910; x_wconf 83' lang='lat' dir='ltr'><strong>domino</strong></span> <span class='ocrx_word' id='word_1_246' title='bbox 1736 2841 2053 2910; x_wconf 85' lang='lat' dir='ltr'><strong>decenter</strong></span> <span class='ocrx_word' id='word_1_247' title='bbox 2095 2856 2378 2922; x_wconf 78' lang='lat' dir='ltr'><strong>erectae,</strong></span> <span class='ocrx_word' id='word_1_248' title='bbox 2416 2842 2634 2912; x_wconf 89' lang='lat' dir='ltr'><strong>solido</strong></span> <span class='ocrx_word' id='word_1_249' title='bbox 2669 2854 2746 2910; x_wconf 90' lang='lat' dir='ltr'><strong>·et</strong></span> <span class='ocrx_word' id='word_1_250' title='bbox 2783 2840 3148 2909; x_wconf 79' lang='lat' dir='ltr'><strong>inflexibili</strong></span> 
     </span>
     <span class='ocr_line' id='line_1_30' title="bbox 620 2928 3147 3020; baseline -0.001 -20"><span class='ocrx_word' id='word_1_251' title='bbox 620 2932 861 3000; x_wconf 78' lang='lat' dir='ltr'><strong>robore</strong></span> <span class='ocrx_word' id='word_1_252' title='bbox 912 2931 1178 3010; x_wconf 87' lang='lat' dir='ltr'><strong>mentis,</strong></span> <span class='ocrx_word' id='word_1_253' title='bbox 1238 2930 1334 2998; x_wconf 89' lang='lat' dir='ltr'><strong>sic</strong></span> <span class='ocrx_word' id='word_1_254' title='bbox 1382 2930 1791 3000; x_wconf 77' lang='lat' dir='ltr'><strong>assistebant</strong></span> <span class='ocrx_word' id='word_1_255' title='bbox 1837 2944 2112 3000; x_wconf 87' lang='lat' dir='ltr'><strong>summo</strong></span> <span class='ocrx_word' id='word_1_256' title='bbox 2159 2932 2432 3020; x_wconf 85' lang='lat' dir='ltr'><strong>opifici,</strong></span> <span class='ocrx_word' id='word_1_257' title='bbox 2485 2943 2561 3000; x_wconf 84' lang='lat' dir='ltr'><strong>ut</strong></span> <span class='ocrx_word' id='word_1_258' title='bbox 2601 2929 2909 3000; x_wconf 55' lang='lat' dir='ltr'><strong>*maxima</strong></span> <span class='ocrx_word' id='word_1_259' title='bbox 2973 2928 3147 3020; x_wconf 87' lang='lat' dir='ltr'><strong>lapi-</strong></span> 
     </span>
     <span class='ocr_line' id='line_1_31' title="bbox 619 3018 2404 3109; baseline 0 -20"><span class='ocrx_word' id='word_1_260' title='bbox 619 3020 783 3089; x_wconf 89' lang='lat' dir='ltr'><strong>dum</strong></span> <span class='ocrx_word' id='word_1_261' title='bbox 837 3019 1152 3109; x_wconf 80' lang='lat' dir='ltr'><strong>congerie</strong></span> <span class='ocrx_word' id='word_1_262' title='bbox 1194 3018 1332 3087; x_wconf 88' lang='lat' dir='ltr'><strong>sibi</strong></span> <span class='ocrx_word' id='word_1_263' title='bbox 1381 3019 1473 3086; x_wconf 86' lang='lat' dir='ltr'><strong>im</strong></span> <span class='ocrx_word' id='word_1_264' title='bbox 1531 3019 1702 3109; x_wconf 84' lang='lat' dir='ltr'><strong>osita</strong></span> <span class='ocrx_word' id='word_1_265' title='bbox 1753 3040 1885 3089; x_wconf 90' lang='lat' dir='ltr'><strong>non</strong></span> <span class='ocrx_word' id='word_1_266' title='bbox 1937 3030 2404 3108; x_wconf 81' lang='lat' dir='ltr'><strong>graverentur.</strong></span> 
     </span>
    </p>

    <p class='ocr_par' dir='ltr' id='par_1_5' title="bbox 606 3104 3178 4438">
     <span class='ocr_line' id='line_1_32' title="bbox 700 3104 3178 3198; baseline -0.002 -18"><span class='ocrx_word' id='word_1_267' title='bbox 700 3109 742 3193; x_wconf 68' lang='grc' dir='ltr'><strong>ξ</strong></span> <span class='ocrx_word' id='word_1_268' title='bbox 787 3106 957 3180; x_wconf 64' lang='lat'><strong>10.</strong></span> <span class='ocrx_word' id='word_1_269' title='bbox 1013 3107 1189 3197; x_wconf 82' lang='lat' dir='ltr'><strong>Ipsis</strong></span> <span class='ocrx_word' id='word_1_270' title='bbox 1237 3106 1457 3174; x_wconf 83' lang='lat' dir='ltr'><strong>enim·</strong></span> <span class='ocrx_word' id='word_1_271' title='bbox 1512 3107 1665 3175; x_wconf 88' lang='lat' dir='ltr'><strong>ulce</strong></span> <span class='ocrx_word' id='word_1_272' title='bbox 1704 3122 1847 3175; x_wconf 79' lang='lat' dir='ltr'><strong>erat</strong></span> <span class='ocrx_word' id='word_1_273' title='bbox 1893 3121 1958 3177; x_wconf 86' lang='lat' dir='ltr'><strong>et</strong></span> <span class='ocrx_word' id='word_1_274' title='bbox 2002 3104 2426 3186; x_wconf 83' lang='lat' dir='ltr'><strong>delectabile,</strong></span> <span class='ocrx_word' id='word_1_275' title='bbox 2469 3107 2670 3198; x_wconf 77' lang='lat' dir='ltr'><strong>=gregi</strong></span> <span class='ocrx_word' id='word_1_276' title='bbox 2705 3106 2837 3175; x_wconf 88' lang='lat' dir='ltr'><strong>sibi</strong></span> <span class='ocrx_word' id='word_1_277' title='bbox 2869 3115 3178 3177; x_wconf 65' lang='lat' dir='ltr'><strong>&#39;concie--</strong></span> 
     </span>
     <span class='ocr_line' id='line_1_33' title="bbox 618 3193 3146 3287; baseline 0 -23"><span class='ocrx_word' id='word_1_278' title='bbox 618 3195 760 3265; x_wconf 83' lang='lat' dir='ltr'><strong>dito</strong></span> <span class='ocrx_word' id='word_1_279' title='bbox 792 3194 1161 3274; x_wconf 83' lang='lat' dir='ltr'><strong>attendere,</strong></span> <span class='ocrx_word' id='word_1_280' title='bbox 1192 3193 1650 3275; x_wconf 80' lang='lat' dir='ltr'><strong>infirmitateS,</strong></span> <span class='ocrx_word' id='word_1_281' title='bbox 1684 3217 1890 3287; x_wconf 68' lang='lat' dir='ltr'><strong>onera</strong></span> <span class='ocrx_word' id='word_1_282' title='bbox 1911 3210 1979 3265; x_wconf 84' lang='lat' dir='ltr'><strong>et</strong></span> <span class='ocrx_word' id='word_1_283' title='bbox 2005 3196 2608 3287; x_wconf 80' lang='lat' dir='ltr'><strong>pusillanimitates</strong></span> <span class='ocrx_word' id='word_1_284' title='bbox 2656 3195 3146 3285; x_wconf 79' lang='lat' dir='ltr'><strong>patientissime</strong></span> 
     </span>
     <span class='ocr_line' id='line_1_34' title="bbox 620 3281 3146 3373; baseline -0.001 -19"><span class='ocrx_word' id='word_1_285' title='bbox 620 3284 1066 3364; x_wconf 88' lang='lat' dir='ltr'><strong>sustinere,ut</strong></span> <span class='ocrx_word' id='word_1_286' title='bbox 1099 3305 1225 3353; x_wconf 90' lang='lat' dir='ltr'><strong>sua</strong></span> <span class='ocrx_word' id='word_1_287' title='bbox 1258 3281 1607 3372; x_wconf 65' lang='lat' dir='ltr'><strong>‘spirituali</strong></span> <span class='ocrx_word' id='word_1_288' title='bbox 1644 3284 1802 3373; x_wconf 72' lang='lat' dir='ltr'><strong>biga</strong></span> <span class='ocrx_word' id='word_1_289' title='bbox 1833 3305 1990 3353; x_wconf 89' lang='lat' dir='ltr'><strong>eum</strong></span> <span class='ocrx_word' id='word_1_290' title='bbox 2021 3284 2105 3353; x_wconf 90' lang='lat' dir='ltr'><strong>ad</strong></span> <span class='ocrx_word' id='word_1_291' title='bbox 2155 3284 2440 3354; x_wconf 88' lang='lat' dir='ltr'><strong>coeleste</strong></span> <span class='ocrx_word' id='word_1_292' title='bbox 2497 3284 2890 3354; x_wconf 70' lang='lat' dir='ltr'><strong>aedificium</strong></span> <span class='ocrx_word' id='word_1_293' title='bbox 2930 3299 3146 3354; x_wconf 85' lang='lat' dir='ltr'><strong>trans-</strong></span> 
     </span>
     <span class='ocr_line' id='line_1_35' title="bbox 620 3372 3148 3464; baseline 0.001 -23"><span class='ocrx_word' id='word_1_294' title='bbox 620 3372 960 3442; x_wconf 80' lang='lat' dir='ltr'><strong>veherent.</strong></span> <span class='ocrx_word' id='word_1_295' title='bbox 1033 3378 1311 3441; x_wconf 84' lang='lat' dir='ltr'><strong>Putares</strong></span> <span class='ocrx_word' id='word_1_296' title='bbox 1359 3385 1630 3442; x_wconf 88' lang='lat' dir='ltr'><strong>sanctos</strong></span> <span class='ocrx_word' id='word_1_297' title='bbox 1681 3379 1908 3442; x_wconf 82' lang='lat' dir='ltr'><strong>Patres</strong></span> <span class='ocrx_word' id='word_1_298' title='bbox 1943 3373 2096 3443; x_wconf 89' lang='lat' dir='ltr'><strong>illos</strong></span> <span class='ocrx_word' id='word_1_299' title='bbox 2145 3373 2440 3464; x_wconf 84' lang='lat' dir='ltr'><strong>gallinas</strong></span> <span class='ocrx_word' id='word_1_300' title='bbox 2478 3394 2625 3444; x_wconf 86' lang='lat' dir='ltr'><strong>esse</strong></span> <span class='ocrx_word' id='word_1_301' title='bbox 2655 3372 3148 3444; x_wconf 77' lang='lat' dir='ltr'><strong>intellectuales</strong></span> 
     </span>
     <span class='ocr_line' id='line_1_36' title="bbox 616 3459 3144 3551; baseline -0.001 -20"><span class='ocrx_word' id='word_1_302' title='bbox 616 3475 683 3531; x_wconf 88' lang='lat' dir='ltr'><strong>et</strong></span> <span class='ocrx_word' id='word_1_303' title='bbox 730 3459 1194 3550; x_wconf 79' lang='lat' dir='ltr'><strong>Evangelicas‚</strong></span> <span class='ocrx_word' id='word_1_304' title='bbox 1261 3481 1438 3546; x_wconf 85' lang='lat' dir='ltr'><strong>quae</strong></span> <span class='ocrx_word' id='word_1_305' title='bbox 1486 3460 1715 3551; x_wconf 89' lang='lat' dir='ltr'><strong>pullos</strong></span> <span class='ocrx_word' id='word_1_306' title='bbox 1761 3482 1926 3530; x_wconf 81' lang='lat' dir='ltr'><strong>suos</strong></span> <span class='ocrx_word' id='word_1_307' title='bbox 1988 3462 2386 3531; x_wconf 84' lang='lat' dir='ltr'><strong>meritorum</strong></span> <span class='ocrx_word' id='word_1_308' title='bbox 2451 3461 2578 3531; x_wconf 87' lang='lat' dir='ltr'><strong>alis</strong></span> <span class='ocrx_word' id='word_1_309' title='bbox 2626 3474 2691 3530; x_wconf 87' lang='lat' dir='ltr'><strong>et</strong></span> <span class='ocrx_word' id='word_1_310' title='bbox 2760 3463 3144 3531; x_wconf 77' lang='lat' dir='ltr'><strong>orationum</strong></span> 
     </span>
     <span class='ocr_line' id='line_1_37' title="bbox 606 3547 3145 3639; baseline 0 -21"><span class='ocrx_word' id='word_1_311' title='bbox 606 3549 860 3625; x_wconf 66' lang='lat' dir='ltr'><strong>:rostris</strong></span> <span class='ocrx_word' id='word_1_312' title='bbox 908 3549 995 3617; x_wconf 75' lang='lat' dir='ltr'><strong>ab</strong></span> <span class='ocrx_word' id='word_1_313' title='bbox 1032 3547 1495 3620; x_wconf 74' lang='lat' dir='ltr'><strong>‘invisibilium</strong></span> <span class='ocrx_word' id='word_1_314' title='bbox 1526 3548 1896 3639; x_wconf 85' lang='lat' dir='ltr'><strong>milvorum</strong></span> <span class='ocrx_word' id='word_1_315' title='bbox 1939 3550 2315 3638; x_wconf 86' lang='lat' dir='ltr'><strong>rapacitate</strong></span> <span class='ocrx_word' id='word_1_316' title='bbox 2349 3548 2844 3637; x_wconf 75' lang='lat' dir='ltr'><strong>subtrahebant</strong></span> <span class='ocrx_word' id='word_1_317' title='bbox 2872 3563 2954 3620; x_wconf 73' lang='lat' dir='ltr'><strong>&#39;et</strong></span> <span class='ocrx_word' id='word_1_318' title='bbox 3002 3563 3145 3619; x_wconf 83' lang='lat' dir='ltr'><strong>tue-</strong></span> 
     </span>
     <span class='ocr_line' id='line_1_38' title="bbox 618 3636 3145 3739; baseline -0 -31"><span class='ocrx_word' id='word_1_319' title='bbox 618 3638 896 3719; x_wconf 87' lang='lat' dir='ltr'><strong>bantur,</strong></span> <span class='ocrx_word' id='word_1_320' title='bbox 932 3637 1258 3708; x_wconf 88' lang='lat' dir='ltr'><strong>manibus</strong></span> <span class='ocrx_word' id='word_1_321' title='bbox 1299 3636 1727 3727; x_wconf 78' lang='lat' dir='ltr'><strong>pedibusque</strong></span> <span class='ocrx_word' id='word_1_322' title='bbox 1766 3638 1913 3707; x_wconf 85' lang='lat' dir='ltr'><strong>&#39;illis</strong></span> <span class='ocrx_word' id='word_1_323' title='bbox 1961 3638 2362 3709; x_wconf 83' lang='lat' dir='ltr'><strong>alimoniam</strong></span> <span class='ocrx_word' id='word_1_324' title='bbox 2413 3637 2983 3739; x_wconf 75' lang='lat' dir='ltr'><strong>suppeditabant,</strong></span> <span class='ocrx_word' id='word_1_325' title='bbox 3027 3659 3145 3707; x_wconf 89' lang='lat' dir='ltr'><strong>nec</strong></span> 
     </span>
     <span class='ocr_line' id='line_1_39' title="bbox 623 3725 3146 3816; baseline 0.001 -21"><span class='ocrx_word' id='word_1_326' title='bbox 623 3742 756 3795; x_wconf 89' lang='lat' dir='ltr'><strong>non</strong></span> <span class='ocrx_word' id='word_1_327' title='bbox 796 3725 1377 3816; x_wconf 47' lang='lat' dir='ltr'><strong>frigidosfeorum,</strong></span> <span class='ocrx_word' id='word_1_328' title='bbox 1426 3726 1896 3815; x_wconf 78' lang='lat' dir='ltr'><strong>exemplorum</strong></span> <span class='ocrx_word' id='word_1_329' title='bbox 1949 3726 2209 3816; x_wconf 73' lang='lat' dir='ltr'><strong>plumis</strong></span> <span class='ocrx_word' id='word_1_330' title='bbox 2255 3727 2745 3796; x_wconf 69' lang='lat' dir='ltr'><strong>calefaciebant</strong></span> <span class='ocrx_word' id='word_1_331' title='bbox 2779 3734 2996 3797; x_wconf 84' lang='lat' dir='ltr'><strong>artus.</strong></span> <span class='ocrx_word' id='word_1_332' title='bbox 3035 3731 3146 3797; x_wconf 87' lang='lat' dir='ltr'><strong>Sa-</strong></span> 
     </span>
     <span class='ocr_line' id='line_1_40' title="bbox 621 3814 3145 3905; baseline 0 -21"><span class='ocrx_word' id='word_1_333' title='bbox 621 3814 940 3904; x_wconf 84' lang='lat' dir='ltr'><strong>tagebant</strong></span> <span class='ocrx_word' id='word_1_334' title='bbox 970 3814 1240 3884; x_wconf 85' lang='lat' dir='ltr'><strong>interim</strong></span> <span class='ocrx_word' id='word_1_335' title='bbox 1275 3826 1463 3884; x_wconf 85' lang='lat' dir='ltr'><strong>extra</strong></span> <span class='ocrx_word' id='word_1_336' title='bbox 1511 3814 1752 3883; x_wconf 80' lang='lat' dir='ltr'><strong>nidum</strong></span> <span class='ocrx_word' id='word_1_337' title='bbox 1791 3830 1916 3905; x_wconf 88' lang='lat' dir='ltr'><strong>pro</strong></span> <span class='ocrx_word' id='word_1_338' title='bbox 1971 3815 2108 3884; x_wconf 85' lang='lat' dir='ltr'><strong>rias</strong></span> <span class='ocrx_word' id='word_1_339' title='bbox 2129 3816 2487 3885; x_wconf 75' lang='lat' dir='ltr'><strong>extendere</strong></span> <span class='ocrx_word' id='word_1_340' title='bbox 2533 3832 2821 3905; x_wconf 83' lang='lat' dir='ltr'><strong>pennas,</strong></span> <span class='ocrx_word' id='word_1_341' title='bbox 2873 3828 2939 3885; x_wconf 88' lang='lat' dir='ltr'><strong>et</strong></span> <span class='ocrx_word' id='word_1_342' title='bbox 2982 3815 3145 3885; x_wconf 74' lang='lat' dir='ltr'><strong>alter</strong></span> 
     </span>
     <span class='ocr_line' id='line_1_41' title="bbox 620 3902 3139 3984; baseline 0 -11"><span class='ocrx_word' id='word_1_343' title='bbox 620 3902 899 3974; x_wconf 79' lang='lat' dir='ltr'><strong>alterius</strong></span> <span class='ocrx_word' id='word_1_344' title='bbox 928 3903 1297 3975; x_wconf 77' lang='lat' dir='ltr'><strong>subvenire</strong></span> <span class='ocrx_word' id='word_1_345' title='bbox 1326 3902 1883 3984; x_wconf 75' lang='lat' dir='ltr'><strong>necessitatibu53</strong></span> <span class='ocrx_word' id='word_1_346' title='bbox 1947 3904 2079 3973; x_wconf 79' lang='lat' dir='ltr'><strong>acti</strong></span> <span class='ocrx_word' id='word_1_347' title='bbox 2128 3914 2290 3974; x_wconf 90' lang='lat' dir='ltr'><strong>sunt</strong></span> <span class='ocrx_word' id='word_1_348' title='bbox 2319 3918 2482 3974; x_wconf 82' lang='lat' dir='ltr'><strong>cum</strong></span> <span class='ocrx_word' id='word_1_349' title='bbox 2515 3904 2820 3973; x_wconf 79' lang='lat' dir='ltr'><strong>infirmis</strong></span> <span class='ocrx_word' id='word_1_350' title='bbox 2855 3903 3139 3984; x_wconf 83' lang='lat' dir='ltr'><strong>infirmi,</strong></span> 
     </span>
     <span class='ocr_line' id='line_1_42' title="bbox 616 3990 3146 4074; baseline 0 -12"><span class='ocrx_word' id='word_1_351' title='bbox 616 4005 696 4062; x_wconf 82' lang='lat' dir='ltr'><strong>ut</strong></span> <span class='ocrx_word' id='word_1_352' title='bbox 742 3992 1052 4063; x_wconf 75' lang='lat' dir='ltr'><strong>infirmos</strong></span> <span class='ocrx_word' id='word_1_353' title='bbox 1100 3990 1604 4061; x_wconf 82' lang='lat' dir='ltr'><strong>lucrifacerent:</strong></span> <span class='ocrx_word' id='word_1_354' title='bbox 1650 3992 1987 4062; x_wconf 84' lang='lat' dir='ltr'><strong>Omnibus</strong></span> <span class='ocrx_word' id='word_1_355' title='bbox 2017 3993 2251 4061; x_wconf 85' lang='lat' dir='ltr'><strong>omnia</strong></span> <span class='ocrx_word' id='word_1_356' title='bbox 2279 3992 2473 4074; x_wconf 66' lang='lat' dir='ltr'><strong>lacti,</strong></span> <span class='ocrx_word' id='word_1_357' title='bbox 2514 4005 2592 4062; x_wconf 90' lang='lat' dir='ltr'><strong>ut</strong></span> <span class='ocrx_word' id='word_1_358' title='bbox 2638 4006 2878 4062; x_wconf 83' lang='lat' dir='ltr'><strong>omnes</strong></span> <span class='ocrx_word' id='word_1_359' title='bbox 2927 3993 3146 4063; x_wconf 84' lang='lat' dir='ltr'><strong>salvos</strong></span> 
     </span>
     <span class='ocr_line' id='line_1_43' title="bbox 618 4079 3143 4171; baseline 0 -22"><span class='ocrx_word' id='word_1_360' title='bbox 618 4079 940 4151; x_wconf 79' lang='lat' dir='ltr'><strong>facerent.</strong></span> <span class='ocrx_word' id='word_1_361' title='bbox 995 4083 1228 4150; x_wconf 74' lang='lat' dir='ltr'><strong>vixere</strong></span> <span class='ocrx_word' id='word_1_362' title='bbox 1263 4090 1609 4170; x_wconf 83' lang='lat' dir='ltr'><strong>praeterea</strong></span> <span class='ocrx_word' id='word_1_363' title='bbox 1650 4080 1737 4150; x_wconf 78' lang='lat' dir='ltr'><strong>ad</strong></span> <span class='ocrx_word' id='word_1_364' title='bbox 1776 4093 2048 4171; x_wconf 85' lang='lat' dir='ltr'><strong>tempus</strong></span> <span class='ocrx_word' id='word_1_365' title='bbox 2097 4080 2381 4161; x_wconf 84' lang='lat' dir='ltr'><strong>soliciti,</strong></span> <span class='ocrx_word' id='word_1_366' title='bbox 2431 4093 2511 4151; x_wconf 85' lang='lat' dir='ltr'><strong>ut</strong></span> <span class='ocrx_word' id='word_1_367' title='bbox 2555 4095 2792 4151; x_wconf 79' lang='lat' dir='ltr'><strong>eorum</strong></span> <span class='ocrx_word' id='word_1_368' title='bbox 2846 4079 2972 4150; x_wconf 83' lang='lat' dir='ltr'><strong>filii</strong></span> <span class='ocrx_word' id='word_1_369' title='bbox 3021 4081 3143 4150; x_wconf 90' lang='lat' dir='ltr'><strong>ali·</strong></span> 
     </span>
     <span class='ocr_line' id='line_1_44' title="bbox 622 4168 3146 4259; baseline -0 -21"><span class='ocrx_word' id='word_1_370' title='bbox 622 4168 900 4257; x_wconf 69' lang='lat' dir='ltr'><strong>quando</strong></span> <span class='ocrx_word' id='word_1_371' title='bbox 928 4170 1152 4239; x_wconf 75' lang='lat' dir='ltr'><strong>forent</strong></span> <span class='ocrx_word' id='word_1_372' title='bbox 1213 4168 1464 4238; x_wconf 80' lang='lat' dir='ltr'><strong>securi.</strong></span> <span class='ocrx_word' id='word_1_373' title='bbox 1510 4174 1639 4239; x_wconf 83' lang='lat' dir='ltr'><strong>Nec</strong></span> <span class='ocrx_word' id='word_1_374' title='bbox 1689 4169 1912 4259; x_wconf 82' lang='lat' dir='ltr'><strong>pig-uit</strong></span> <span class='ocrx_word' id='word_1_375' title='bbox 1953 4190 2073 4240; x_wconf 88' lang='lat' dir='ltr'><strong>eos</strong></span> <span class='ocrx_word' id='word_1_376' title='bbox 2123 4169 2409 4251; x_wconf 86' lang='lat' dir='ltr'><strong>laboris,</strong></span> <span class='ocrx_word' id='word_1_377' title='bbox 2444 4187 2582 4257; x_wconf 73' lang='lat' dir='ltr'><strong>quo</strong></span> <span class='ocrx_word' id='word_1_378' title='bbox 2634 4182 2869 4239; x_wconf 83' lang='lat' dir='ltr'><strong>sancto</strong></span> <span class='ocrx_word' id='word_1_379' title='bbox 2912 4184 3146 4238; x_wconf 87' lang='lat' dir='ltr'><strong>eorum</strong></span> 
     </span>
     <span class='ocr_line' id='line_1_45' title="bbox 612 4257 3151 4349; baseline 0 -22"><span class='ocrx_word' id='word_1_380' title='bbox 612 4272 1050 4329; x_wconf 82' lang='lat' dir='ltr'><strong>successores</strong></span> <span class='ocrx_word' id='word_1_381' title='bbox 1099 4270 1414 4327; x_wconf 80' lang='lat' dir='ltr'><strong>vacarent</strong></span> <span class='ocrx_word' id='word_1_382' title='bbox 1460 4259 1619 4328; x_wconf 90' lang='lat' dir='ltr'><strong>otio.</strong></span> <span class='ocrx_word' id='word_1_383' title='bbox 1674 4263 1814 4327; x_wconf 83' lang='lat' dir='ltr'><strong>Hoc</strong></span> <span class='ocrx_word' id='word_1_384' title='bbox 1847 4278 2061 4349; x_wconf 82' lang='lat' dir='ltr'><strong>opus,</strong></span> <span class='ocrx_word' id='word_1_385' title='bbox 2105 4276 2342 4328; x_wconf 81' lang='lat' dir='ltr'><strong>eorum</strong></span> <span class='ocrx_word' id='word_1_386' title='bbox 2386 4271 2787 4339; x_wconf 75' lang='lat' dir='ltr'><strong>structurae,</strong></span> <span class='ocrx_word' id='word_1_387' title='bbox 2843 4257 2969 4327; x_wconf 88' lang='lat' dir='ltr'><strong>hoc</strong></span> <span class='ocrx_word' id='word_1_388' title='bbox 3010 4270 3151 4327; x_wconf 75' lang='lat' dir='ltr'><strong>scu-</strong></span> 
     </span>
     <span class='ocr_line' id='line_1_46' title="bbox 612 4345 3151 4438; baseline -0 -23"><span class='ocrx_word' id='word_1_389' title='bbox 612 4346 842 4428; x_wconf 74' lang='lat' dir='ltr'><strong>dium,</strong></span> <span class='ocrx_word' id='word_1_390' title='bbox 882 4360 1129 4416; x_wconf 56' lang='lat' dir='ltr'><strong>*eorum</strong></span> <span class='ocrx_word' id='word_1_391' title='bbox 1182 4346 1556 4438; x_wconf 75' lang='lat' dir='ltr'><strong>‘exigebant</strong></span> <span class='ocrx_word' id='word_1_392' title='bbox 1611 4345 1836 4437; x_wconf 80' lang='lat' dir='ltr'><strong>fugae,</strong></span> <span class='ocrx_word' id='word_1_393' title='bbox 1879 4368 1968 4417; x_wconf 83' lang='lat' dir='ltr'><strong>ac</strong></span> <span class='ocrx_word' id='word_1_394' title='bbox 2025 4347 2467 4437; x_wconf 83' lang='lat' dir='ltr'><strong>potissimum</strong></span> <span class='ocrx_word' id='word_1_395' title='bbox 2533 4346 2605 4416; x_wconf 83' lang='lat' dir='ltr'><strong>B.</strong></span> <span class='ocrx_word' id='word_1_396' title='bbox 2663 4346 2884 4416; x_wconf 83' lang='lat' dir='ltr'><strong>Patris</strong></span> <span class='ocrx_word' id='word_1_397' title='bbox 2941 4347 3151 4417; x_wconf 86' lang='lat' dir='ltr'><strong>nostri</strong></span> 
     </span>
    </p>
   </div>
  </div>
 </body>
</html>
