3357 4995
231 351 441 416 JUNII
492 351 533 413 8
1065 366 1142 418 DE
1190 366 1244 411 s.
1301 363 1591 412 nananno
1639 362 1934 411 EPISCOPO
2549 349 2675 412 ‘207

231 453 585 522 vestiebat:
662 463 725 519 et
796 450 1074 520 omissis
1135 449 1282 519 suis
1351 469 1772 534 suorumque
1831 449 2120 520 usibus,
2191 450 2518 535 quicquid
2597 451 2763 519 sibi-

229 554 363 611 met
410 540 769 630 subripere
804 551 1087 629 poterat,
1122 538 1548 627 pauperibus
1579 550 1646 605 et
1676 538 1915 626 egenis
1965 538 2260 627 benigne
2313 538 2755 627 largiebatur.

228 636 592 716 Postquam
643 650 805 717 ergo
851 628 955 695 vir
1016 628 1256 696 beatus
1304 626 1734 714 dignitatem,
1780 639 1856 694 ut
1906 626 2360 714 praelibatum
2422 640 2545 705 est,
2603 628 2764 696 ade-

227 732 385 810 ptus
418 731 521 787 est
568 715 952 795 sacerdotii,
1008 716 1280 784 divinae
1330 714 1807 802 dispositionis
1869 715 2111 804 gratia,
2179 716 2586 785 multimoda
2640 718 2765 784 mi-

228 807 622 877 raculorum
675 805 925 874 meruit
972 804 1431 873 declaratione
1481 802 1849 892 publicari.
1910 808 2082 872 Deus
2133 804 2497 889 siquidem,
2560 805 2785 891 cujus

232 898 372 987 ipse
411 896 667 964 sanctis
717 893 1266 964 institutionibus
1300 892 1582 961 viriliter
1614 891 2011 960 elaborabat
2044 893 2345 974 obedire,
2394 915 2513 982 per
2546 893 2761 962 multa

231 1007 383 1055 eum
440 984 740 1073 insignia
790 982 1050 1050 mundo
1103 1004 1233 1050 non
1278 981 1694 1069 dedignatus
1733 995 1834 1051 est
1873 981 2242 1050 declarare.

311 1077 350 1160 ξ
395 1077 553 1145 10.
611 1071 899 1160 Contigit
949 1071 1116 1139 forte
1152 1070 1289 1141 illis
1329 1071 1395 1137 in
1427 1067 1673 1138 diebus
1712 1068 2040 1137 latronem
2078 1071 2446 1156 quemdam
2492 1073 2761 1140 vineam

231 1162 536 1252 ejusdam
587 1161 807 1230 sancti
854 1174 1061 1228 noctu
1109 1159 1462 1245 irrupisse,
1524 1159 1875 1245 multaque
1914 1181 2074 1228 cum
2111 1159 2431 1228 aviditate
2479 1183 2649 1244 uvas
2700 1171 2764 1227 et

230 1252 571 1341 palmiteS,
628 1263 692 1319 et
746 1248 1071 1334 quicquid
1147 1249 1449 1337 arripere
1513 1249 1756 1338 potuit,
1818 1248 2262 1317 irreverenter
2309 1249 2754 1338 decerpsisse.

230 1341 514 1410 Secabat
545 1337 798 1427 gladi0,
851 1337 1032 1423 quod
1068 1359 1283 1405 manu
1330 1335 1716 1424 discerpere
1751 1358 1884 1404 non
1938 1350 2234 1426 poterat:
2274 1360 2589 1423 quaeque
2623 1360 2761 1405 ma-

230 1451 393 1498 num
447 1428 599 1515 ejus
634 1426 917 1495 evadere
967 1439 1299 1514 poterant,
1355 1425 1648 1513 pedibus
1682 1426 2030 1494 atterendo
2078 1427 2549 1496 conculcabat:
2591 1431 2759 1495 San—

228 1531 376 1586 ctus
438 1517 587 1605 ipse
637 1513 997 1583 Medardus
1048 1515 1194 1602 ipsa
1262 1514 1566 1584 fortassis
1615 1514 1853 1582 eadem
1908 1515 2073 1583 liora
2138 1515 2356 1586 solitis
2407 1516 2761 1583 incumbe-

229 1606 341 1676 bat
386 1605 839 1680 orationibus,
895 1617 960 1671 et
1019 1603 1195 1672 sicut
1244 1601 1644 1690 hujusmodi
1694 1603 1884 1671 decet
1941 1604 2314 1683 hominem,
2370 1609 2574 1672 Deum
2622 1618 2756 1671 tam

230 1717 350 1784 pro
384 1693 711 1770 inimiciS,
763 1713 974 1777 quarn
1029 1714 1147 1780 pro
1195 1692 1437 1760 amicis
1486 1690 1890 1779 suppliciter
1930 1692 2446 1782 deprecabatur.
2489 1697 2763 1763 Orasset

231 1796 482 1862 autem,
540 1802 663 1849 nec
713 1803 818 1859 ne,
875 1801 1007 1847 non
1059 1780 1472 1848 dormitabat
1507 1793 1733 1847 tamen
1786 1802 2005 1866 neque
2039 1782 2423 1851 dormiebat
2475 1781 2761 1870 pervigil

200 1867 459 1940 ‘custos
498 1869 731 1939 Israel.
772 1875 935 1938 Cum
987 1869 1169 1935 enim
1223 1871 1429 1938 miser
1465 1869 1609 1957 ipse
1662 1869 1829 1937 latro
1882 1870 2101 1957 plenis
2137 1871 2388 1959 praeda
2440 1871 2761 1939 manibus

230 1961 528 2049 effugere
576 1972 960 2036 conaretur,
1016 1971 1150 2025 tota
1201 1971 1392 2026 nocte
1427 1960 1695 2025 vineam
1747 1958 2111 2038 circuienS,
2170 1960 2432 2027 aditum
2468 1960 2759 2027 exeundi

234 2049 532 2138 reperire
599 2069 732 2115 non
786 2047 1042 2135 potuit:
1112 2048 1322 2114 immo
1372 2046 1568 2114 vellet
1601 2045 1841 2126 nollet,
1896 2047 2207 2133 adusque
2256 2070 2577 2116 auroram
2635 2072 2759 2116 suo

228 2139 378 2226 ipso
427 2136 607 2205 furto
669 2135 1045 2214 devinctuS,
1111 2135 1363 2204 ibidem
1417 2147 1552 2204 tota
1603 2136 1751 2222 ipsa
1802 2149 1995 2205 nocte
2048 2138 2447 2225 permansit.
2505 2142 2764 2206 Aurora

229 2227 442 2315 igitur
489 2223 947 2303 illucescente,
986 2223 1304 2293 custodes
1353 2225 1580 2293 subito
1630 2225 2067 2302 conveniunt,
2106 2226 2369 2293 vineam
2406 2226 2764 2294 conculca·

232 2329 393 2392 tam,
451 2313 768 2403 palmites
807 2313 1119 2401 diruptos
1181 2314 1548 2401 reperiunt,
1603 2326 1666 2380 et
1705 2314 2028 2403 evestigio
2081 2314 2411 2382 latronem
2463 2315 2764 2383 circum-

229 2424 506 2490 quaque
541 2402 1023 2486 insequuntur.
1063 2402 1491 2490 Stupel'actus
1541 2402 1873 2471 nimirum
1928 2416 2160 2491 raptor
2195 2401 2450 2482 infelix,
2513 2403 2767 2471 latebat

232 2493 297 2561 in
338 2493 557 2570 vinea,
610 2513 813 2576 quem
849 2514 974 2559 sua
1011 2490 1228 2580 ipsius
1278 2491 1541 2580 rapina,
1599 2504 1924 2577 tanquam
1950 2493 2093 2580 jam
2143 2491 2559 2576 judicatum,
2598 2515 2769 2581 pene

231 2580 824 2650 condemnaverat.
898 2580 1191 2648 Tenebat
1244 2580 1522 2665 quidem
1582 2581 1891 2668 rapinam
1971 2582 2037 2649 in
2114 2583 2481 2650 manibus:
2552 2582 2765 2649 immo

234 2671 377 2759 ipse
428 2692 466 2737 a
518 2689 640 2739 sua
682 2668 901 2756 ipsius
933 2669 1174 2758 rapina
1210 2670 1586 2737 tenebatur.
1629 2669 2020 2738 Abstractus
2062 2670 2341 2738 demum
2375 2693 2414 2737 a
2448 2669 2761 2747 latibulo,

233 2758 587 2827 consessus
635 2769 734 2825 est
782 2780 852 2825 se
900 2757 1213 2847 rapiendi
1262 2761 1474 2826 causa
1513 2756 1746 2825 furtim
1800 2757 2066 2825 vineam
2119 2759 2474 2848 irrupisse,
2522 2758 2763 2826 furtim

231 2869 407 2933 quae
456 2845 779 2914 videbant
836 2846 1302 2935 decerpsisse:
1356 2859 1419 2915 et
1466 2868 1626 2914 cum
1680 2846 1979 2915 maxima
2037 2860 2229 2935 parte
2289 2847 2506 2916 noctis
2558 2846 2641 2915 ad
2696 2845 2765 2913 id

233 2936 669 3012 elaborasset,
723 2956 1067 3020 nusquam
1100 2936 1354 3004 exitum
1391 2935 1747 3024 reperisse.
1789 2934 2234 3023 Adjudicatus
2274 2958 2437 3025 ergo
2463 2936 2610 3025 jam
2652 2958 2767 3004 co-

231 3025 521 3113 gebatur
567 3022 648 3091 ad
696 3023 1144 3113 supplicium,
1189 3045 1346 3092 cum
1399 3035 1678 3093 sanctus
1726 3025 1875 3113 ipse
1924 3024 2243 3093 sacerdos
2276 3047 2357 3093 ex
2395 3025 2767 3112 improviso

232 3133 627 3191 accurrens,
682 3113 930 3183 misero
981 3111 1198 3182 factus
1245 3124 1346 3180 est
1389 3113 1454 3179 in
1509 3112 2046 3182 munimentum.
2108 3119 2363 3183 Memor
2420 3112 2762 3198 siquidem

232 3202 346 3270 Dei
398 3223 636 3269 servus
689 3201 1079 3269 Dominicae
1134 3202 1484 3280 orationis,
1551 3201 1618 3268 in
1670 3224 1809 3287 qua
1867 3223 2169 3281 oramuS,
2246 3205 2517 3270 Dimitte
2582 3204 2764 3270 nobis

231 3292 456 3359 debita
493 3297 742 3369 nostra,
802 3292 972 3357 sicut
1013 3300 1073 3357 et
1123 3313 1239 3357 nos
1287 3291 1685 3358 dimittimus
1741 3291 2142 3359 debitoribus
2196 3294 2472 3360 nostris:
2528 3291 2633 3359 vix
2684 3290 2768 3357 de

231 3378 559 3448 manibus
624 3398 781 3446 eum
847 3378 1098 3466 eripuit
1156 3379 1713 3463 insequentium,
1772 3378 2158 3465 blandeque
2207 3402 2286 3447 ac
2337 3379 2578 3448 leniter
2649 3378 2768 3446 de-

230 3466 624 3545 mulcendo,
679 3466 764 3533 ab
815 3466 942 3535 hac
990 3488 1149 3535 eum
1193 3466 1400 3555 culpa
1445 3468 1819 3535 clementer
1852 3467 2166 3548 absolvit,
2216 3489 2538 3555 eumque,
2586 3466 2765 3536 sicut

230 3569 376 3625 erat
407 3567 720 3632 onustus,
776 3554 986 3624 libere
1020 3555 1208 3623 abire
1258 3556 1608 3643 permisit..
2301 3589 2309 3599 ·

318 3647 356 3731 ξ
403 3649 536 3716 11.
593 3647 731 3712 Hac
777 3643 1013 3712 eadem
1066 3643 1392 3732 patientia
1442 3644 1543 3712 vir
1599 3656 1882 3713 sanctus
1931 3644 2342 3734 plerumque
2371 3658 2436 3713 et
2470 3646 2537 3712 in
2595 3643 2769 3713 alios

228 3755 404 3803 usus
462 3743 583 3801 est.
638 3731 945 3812 Quodam
999 3754 1298 3818 namque
1333 3745 1637 3823 tempore
1683 3754 1841 3800 cum
1897 3745 2103 3802 noctu
2145 3732 2314 3803 latro
2364 3734 2545 3803 alius
2603 3754 2771 3821 apes

227 3843 396 3891 suas
445 3820 927 3910 subripuisset,
965 3843 1129 3910 apes
1160 3822 1349 3911 ipsae
1400 3821 1466 3888 in
1519 3821 1736 3890 sancti
1790 3820 1916 3889 viri
1966 3821 2322 3903 ultionem,
2364 3821 2621 3891 relictis
2657 3844 2770 3889 va—

229 3910 330 3978 sis
378 3910 548 3988 suis,
591 3908 658 3976 in
697 3909 1198 3979 malefactorem
1242 3909 1439 3979 illum
1483 3910 2029 3997 circumquaque
2064 3911 2542 4001 diffugientem
2578 3931 2769 3980 acer-

228 3998 408 4067 rima
454 4009 737 4067 eatenus
785 3998 1329 4068 instimulatione
1370 4011 1768 4088 persecutae
1816 4013 1999 4078 sunt,
2054 4021 2418 4087 quousque
2476 3998 2562 4067 ad
2608 4020 2769 4067 san-

229 4100 446 4166 ctum,
519 4085 739 4166 vellet,
812 4085 1042 4167 nollet,
1106 4087 1598 4177 regrederetur,
1660 4098 1726 4156 ct
1786 4086 1940 4173 ejus
2009 4089 2409 4179 provolutus
2459 4087 2769 4177 vestigiis

230 4174 643 4266 suppliciter
689 4196 816 4265 pro
874 4176 1242 4246 commisso
1298 4176 1589 4245 crimine
1651 4175 1920 4244 veniam
1972 4190 2387 4267 precaretur.
2444 4177 2566 4247 Cui
2616 4198 2772 4244 mox

227 4277 310 4333 ut
356 4274 639 4336 sanctus
687 4286 970 4334 manum
1007 4266 1306 4335 extendit
1346 4264 1867 4344 benedictionis,
1920 4280 1986 4336 et
2031 4288 2197 4356 apes
2243 4280 2571 4354 tanquam
2607 4264 2769 4334 obe-

230 4352 522 4433 dienteS,
576 4352 662 4421 ab
694 4353 846 4442 ejus
895 4354 1318 4425 insecutione
1373 4364 1837 4432 cessaverunt,
1889 4368 1955 4424 et
2015 4356 2296 4442 antiquo
2345 4353 2610 4426 domini
2660 4353 2770 4422 sui

231 4440 546 4513 dominio
584 4440 934 4514 evidenter
959 4464 1104 4515 sese
1141 4443 1611 4516 reddiderunt.
