3357 4995
723 318 848 382 422
1307 333 1382 379 nn
1430 333 1483 379 S.
1540 331 1877 381 nemnem
1926 329 2121 379 arxsc.
2178 330 2252 378 ar
2301 331 2491 378 mar.
2862 312 3084 379 JUNII
3133 316 3172 377 5

630 441 795 510 erga
843 419 1075 508 ipsum
1108 427 1527 506 expeterent:
1583 416 1670 485 ab
1707 416 1858 508 ipso
1897 436 2055 502 vero
2102 436 2378 484 omnem
2405 412 2892 496 obedientiam,
2924 420 3179 484 Roma-

636 530 764 577 nae
810 507 957 577 sedi
1003 506 1330 584 debitam,
1384 503 1907 595 pollicerentur:
1954 504 2253 590 denique
2302 497 2765 593 plurimorum
2802 505 3181 574 Hermann-

636 619 788 666 rum
823 595 906 665 ad
938 595 1144 664 fidem
1181 594 1425 663 Christi
1453 593 1912 663 adductorum
1949 592 2464 662 conversionem
2507 591 2916 662 indicarent.
2947 594 3182 683 Legati

635 705 791 754 cum
847 690 1133 754 Romam
1185 682 1534 753 venissent
1598 695 1664 752 et
1710 680 2023 751 Pontifici
2083 702 2165 751 ea
2227 680 2643 760 retulissent,
2707 680 2821 750 ille
2922 681 3182 751 rimum

638 777 768 841 Deo
816 772 1073 863 gratias
1105 771 1279 861 egit:
1334 769 1584 839 deinde
1633 792 1766 840 non
1819 770 2045 839 solum
2096 770 2332 839 omnia
2378 769 2724 839 amicitiae
2768 782 2834 839 et
2929 791 3180 839 enevo-

636 860 885 930 lentiae
932 860 1156 930 officia
1191 882 1231 928 a
1272 858 1618 928 Bonifacio
1648 860 1942 948 expetita
1978 857 2327 949 pollicitus
2355 870 2478 939 est,
2515 857 2634 928 sed
2662 880 2742 927 ea
2768 859 2975 927 etiam
3003 879 3184 945 quae

638 971 773 1019 non
829 950 1045 1040 petiit,
1070 947 1373 1038 'largitus
1420 960 1544 1024 est.
1590 968 1835 1037 nempe
1889 946 2402 1037 Archiepiscopi
2445 945 2761 1037 pallium,
2798 958 2863 1016 et
2911 946 3173 1029 literas,

635 1038 893 1124 quibus
941 1037 1025 1106 ad
1075 1036 1228 1124 ejus
1276 1036 1713 1123 quaestiones
1763 1034 2195 1105 multivarias
2244 1035 2619 1125 respondit.
2659 1040 2910 1106 Earum
2950 1035 3183 1105 litera-

639 1148 792 1196 rum
846 1126 973 1196 hoc
1006 1138 1109 1195 est
1139 1123 1568 1214 exemplum:
2608 1147 2614 1154 ·

635 1311 1148 1358 nmeassxrissmo
1179 1312 1249 1355 m·
1276 1310 1669 1356 sancrissmo
1697 1308 1922 1354 ramni
1967 1308 2279 1356 nominoio
2320 1297 2699 1365 COEPISCOPO,
2732 1311 2817 1354 An
2862 1311 3187 1356 1LLUM1NA·

717 1393 934 1437 'noxam
962 1391 1168 1436 canus
1194 1391 1575 1446 sennanim,
1594 1389 1707 1434 VEL
1738 1389 2206 1443 CIRCUMQUAQUE
2229 1391 2290 1436 ix
2315 1390 2524 1436 nunna
2550 1390 2767 1435 MORTIS
2795 1378 3186 1437 monaxrissns

715 1471 1024 1525 oswinus,
1056 1449 1117 1515 m
1147 1470 1375 1515 ennom-3
1406 1469 1807 1526 consrirnris,
1843 1469 1921 1513 Aa
1968 1470 2091 1514 nac
2144 1469 2508 1515 APOSTOLtcA
2552 1471 2701 1514 sane
2729 1470 3009 1526 masere,
3042 1471 3187 1516 oan-

715 1550 930 1596 coams
957 1550 1180 1596 suavus
1212 1549 1525 1594 scavorum
1556 1547 1654 1594 nm
1684 1532 1736 1595 *.

1832 1635 1860 1660 0

716 1668 929 1744 Magna
975 1682 1084 1728 nos
1128 1666 1337 1729 habuit
1380 1665 1748 1743 gratulatio,
1796 1665 1967 1727 lectis
2006 1666 2416 1728 sanctissimae
2472 1666 2872 1728 fraternitatis
2923 1672 3081 1728 tuae·
3109 1666 3188 1727 li-

637 1749 808 1820 teriS‚
852 1748 1084 1808 cumin
1128 1747 1216 1807 eis
1258 1745 1476 1808 relecta
1519 1747 1675 1807 serie
1708 1745 1915 1806 fuisset.
1945 1754 2279 1824 repertum,
2315 1745 2553 1806 Domini
2602 1750 2795 1808 nostri
2839 1746 2981 1807 Jesu
3013 1744 3189 1808 Chri-

637 1828 709 1888 sti
756 1827 946 1903 gratia
989 1825 1281 1905 plurimos
1324 1833 1382 1886 te
1429 1842 1461 1887 a
1506 1824 1850 1902 gentilitate
1903 1834 1963 1886 et
2009 1840 2219 1886 errore
2260 1826 2333 1887 ad
2385 1841 2565 1887 verae
2608 1825 2748 1887 fidei
2796 1826 3190 1902 agnitionem

643 1908 1037 1968 convertisse.
1071 1904 1235 1977 Quod
1279 1905 1417 1982 quia
1450 1906 1661 1965 divina
1689 1904 2083 1965 institutione
2110 1905 2403 1986 docemur
2432 1905 2495 1965 in
2530 1904 2844 1981 paraboliS,
2874 1907 2972 1966 cui
3010 1907 3192 1983 quin-

638 2002 756 2064 que
804 1986 1021 2047 talenta
1065 1985 1291 2047 credita
1326 1985 1568 2046 fuerant
1595 2029 1609 2056 ,
1653 1982 1769 2045 alia
1819 1985 2094 2062 quinque
2138 1983 2322 2046 fuisse
2363 1983 2691 2055 lucratum,
2743 1985 2804 2045 in
2851 1984 2987 2046 talis
3030 2001 3194 2047 com-

638 2066 848 2127 mercii
881 2064 1052 2125 lucro
1095 2080 1233 2126 cum
1280 2071 1396 2125 tota
1429 2062 1772 2141 plaudimus
1813 2062 2098 2125 Ecclesia.
2131 2063 2284 2123 Hinc
2308 2067 2448 2137 jure
2495 2062 2600 2124 tibi
2633 2066 2786 2125 sacri
2819 2062 2982 2141 pallii
3028 2063 3194 2125 dire-

636 2145 839 2206 ximus
887 2160 1138 2216 munuS,
1181 2143 1340 2222 quod
1389 2142 1544 2204 beati
1590 2141 1750 2204 Petri
1784 2145 1829 2203 A
1880 2142 2050 2203 ostoli
2095 2144 2456 2204 auctoritate
2497 2142 2835 2221 suscipiens
2884 2143 3190 2217 induariS,

638 2231 819 2302 atque
865 2225 1024 2286 inter
1068 2222 1563 2302 ,archiepiscopos
1607 2237 1794 2296 unuS‚
1883 2238 1955 2283 eo
1996 2231 2261 2291 auctore,
2308 2222 2708 2311 praecipimus
2752 2230 2819 2283 ut
2860 2225 3190 2286 censearis,

636 2299 906 2374 'Qualiter
946 2311 1152 2364 antem
1215 2319 1287 2364 eo
1349 2303 1571 2372 utaris,
1615 2316 1687 2362 ex
1740 2301 2020 2363 mandato
2064 2301 2400 2377 Apostolico
2463 2301 2828 2363 informatus
2870 2317 3189 2377 cognosce.

636 2382 843 2461 ltaque
884 2382 1030 2444 dum
1072 2381 1389 2443 Missarum
1431 2381 1726 2442 solemnia
1758 2382 1942 2457 gei'iS,
1990 2380 2085 2442 vel
2117 2379 2471 2458 Episcopum
2504 2387 2558 2442 te
2599 2381 2761 2441 conti
2811 2381 2930 2443 erit
2974 2398 3196 2443 conse·

638 2479 829 2537 crare3
862 2461 968 2524 illo
1011 2462 1429 2524 tantummodo
1461 2468 1731 2539 tempore
1772 2477 1844 2523 eo
1873 2461 2080 2523 utaris,
2127 2459 2274 2534 Quia
2320 2476 2466 2522 vero
2512 2458 2721 2522 turbas
2816 2463 3013 2523 omini
3059 2476 3193 2540 gra·

641 2547 718 2606 tia
769 2544 830 2604 in
881 2542 1111 2603 eisdem
1153 2542 1427 2619 partibus
1469 2539 1540 2602 ad
1582 2548 1807 2603 rectam
1837 2541 2019 2603 fidem
2047 2541 2349 2602 asseruisti
2396 2556 2738 2611 conversas,
2794 2541 3053 2620 ideoque
3096 2557 3198 2603 ne·

641 2622 819 2701 quite
870 2631 927 2682 te
968 2636 1287 2683 occurrere
1329 2621 1639 2692 omnibuS,
1667 2637 1819 2699 qliae
1860 2620 2071 2683 salutis
2111 2627 2279 2692 sunt,
2318 2620 2674 2697 impendere
2717 2626 2822 2683 aut
2872 2620 3192 2694 intimare,

639 2719 779 2765 cum
805 2702 931 2777 jam
977 2700 1159 2776 longe
1189 2699 1454 2779 lateque,
1485 2699 1677 2775 gratia
1724 2698 1973 2771 Christi,
2002 2702 2135 2773 ejus
2165 2698 2311 2760 tides
2341 2701 2404 2759 in
2439 2697 2555 2760 illis
2584 2707 2992 2839 propagetur:
3029 2715 3200 2777 prae-

640 2783 919 2859 cipimuS,
966 2790 1034 2840 ut
1076 2780 1243 2858 juxta
1287 2795 1593 2841 sacrorum
1637 2777 1959 2842 Canonum
2002 2784 2247 2850 statuta,
2277 2780 2376 2841 ubi
2429 2778 2676 2840 multitu
2723 2794 2757 2838 o
2806 2781 3092 2841 excrevit
3136 2780 3201 2842 fi·

643 2860 902 2930 delium,
935 2876 1008 2919 ex
1054 2861 1263 2937 vigore
1307 2859 1677 2937 Apostolicae
1708 2859 1879 2921 Sedis
1921 2857 2139 2920 debeas
2164 2859 2446 2920 ordinare
2476 2858 2817 2936 EpiscopOS,
2856 2861 2950 2938 pia
2986 2867 3198 2922 tamen

643 2938 1179 3016 contemplatione,
1227 2946 1442 2999 utnon
1491 2939 1740 3001 vilescat
1785 2938 2052 3015 dignitas
2095 2936 2496 3016 Episcopatus.
2545 2937 2974 3014 Presbyterum
3020 2955 3194 3000 nam·

644 3036 762 3098 que
810 3034 996 3097 quem
1043 3021 1365 3094 praeterito
1406 3019 1710 3080 asseruisti
1762 3033 1924 3080 anno
1969 3017 2045 3079 ad
2091 3033 2197 3077 nos
2254 3018 2537 3088 venisse,
2592 3024 2919 3096 nostroque
2968 3018 3203 3095 judicio

641 3099 825 3160 fuisse
867 3115 895 3158 a
940 3097 1063 3157 suis
1100 3098 1346 3158 nefariis
1373 3097 1713 3160 absolutum
1758 3097 2115 3166 actionibus
2146 3096 2376 3167 creda5‚
2423 3112 2622 3173 neque
2663 3097 2837 3158 nobis
2877 3097 3204 3160 contessio-

646 3193 788 3238 nem
830 3177 1086 3253 aliquam
1117 3176 1278 3250 fecit,
1326 3193 1434 3240 nec
1462 3195 1493 3238 a
1540 3177 1732 3249 nobis,
1779 3182 1845 3236 ut
1884 3192 2021 3238 suos
2050 3175 2288 3255 expleat
2316 3176 2544 3248 libitus,
2589 3176 2901 3239 absolutus
2928 3185 3041 3237 est.
3079 3176 3201 3239 Sed

643 3262 689 3317 si
734 3273 876 3319 eum
907 3257 1099 3319 errori
1144 3257 1416 3319 deditum
1448 3258 1769 3334 repereris
1820 3255 1983 3318 bunc
2029 3255 2407 3332 Apostolicae
2448 3256 2605 3318 sedis
2651 3257 2884 3334 vigore,
2923 3263 2990 3317 ut
3026 3255 3205 3333 Juxta

644 3345 987 3399 sanctorum
1034 3336 1349 3399 Canonum
1392 3352 1713 3398 censuram
1743 3336 2015 3412 corrigas
2056 3343 2119 3397 et
2156 3337 2471 3408 emendes,
2518 3337 2944 3414 praecipimus,
2996 3336 3097 3399 vel
3152 3337 3202 3396 si

647 3433 800 3495 quos
849 3415 1042 3477 forsan
1094 3416 1243 3478 tales
1286 3416 1618 3477 inveneris.
1671 3413 1775 3475 Ille
1816 3415 1987 3476 enim
2031 3417 2328 3487 venienS‚
2375 3414 2694 3494 Presbyter
2736 3430 2870 3476 sum
2900 3461 2917 3487 ,
2967 3416 3103 3490 ait,
3147 3423 3207 3477 et

647 3495 1167 3557 commendatitias
1225 3496 1294 3557 ad
1363 3494 1555 3555 tilium
1605 3501 1879 3556 nostrum
1922 3492 2204 3557 Carolum
2248 3493 2452 3556 literas
2493 3495 2769 3573 expetiit.
2817 3492 3064 3556 Nullam
3110 3494 3200 3558 illi

646 3575 826 3637 aliam
855 3576 1262 3636 concessimus
1291 3574 1632 3635 licentiam:
1678 3588 1862 3652 quem
1895 3574 2096 3655 vitari,
2145 3574 2192 3634 si
2238 3588 2423 3651 prave
2464 3580 2864 3637 conversatur
2918 3589 3058 3636 cum
3106 3590 3202 3636 re-

648 3655 851 3731 liquiS,
906 3654 1211 3726 volumus,
1253 3653 1616 3731 eosdemque
1657 3669 1807 3731 quos
1847 3669 1878 3715 a
1923 3654 2174 3732 paganis
2230 3654 2551 3729 baptizatos
2597 3669 2725 3715 esse
2766 3654 3104 3728 asseruisti,
3149 3654 3201 3715 si

649 3736 729 3796 ita
764 3734 1041 3796 liabetur.
1086 3740 1154 3793 ut
1195 3733 1392 3794 denuo
1435 3732 1699 3811 baptizes
1744 3735 1804 3792 in
1851 3734 2109 3794 nomine
2138 3739 2375 3795 sanctae
2424 3732 2765 3805 TrinitatiS,
2811 3732 3201 3795 mandamus».

648 3814 814 3875 Inter
857 3823 1090 3875 caetera
1133 3820 1427 3889 agrestem
1469 3812 1769 3874 caballum
1818 3812 2165 3891 aliquantos
2207 3811 2529 3874 comedere
2577 3812 2934 3891 adjunxisti,
2982 3811 3208 3890 pleros·

647 3910 763 3970 qne
789 3902 850 3954 et.
890 3893 1309 3954 domesticum.
1359 3891 1484 3952 Hoc
1516 3905 1897 3970 nequaquam
1934 3893 2065 3953 fieri
2099 3892 2401 3969 deincepS,
2449 3893 2825 3954 sanctissime
2866 3892 3084 3965 frater,
3129 3892 3208 3953 si·

649 3988 777 4041 nas,
819 3972 921 4033 sed
954 3970 1178 4048 quibus
1223 3972 1507 4048 potueriS‚
1550 3969 1793 4032 Christo
1829 3972 2109 4046 juvante,
2155 3970 2355 4032 modis
2387 3987 2495 4050 per
2521 3971 2728 4034 omnia
2772 3986 3117 4049 compesce.
3144 3977 3211 4033 et

646 4052 898 4128 dignam
942 4052 1031 4112 eis
1075 4050 1319 4128 impone
1361 4051 1822 4129 poenitentiam.
1868 4050 2266 4112 Immundum
2296 4051 2466 4112 enim
2510 4058 2603 4113 est
2630 4057 2807 4129 atque
2835 4050 3204 4115 execrabile.

649 4129 763 4191 Pro
807 4129 1176 4191 obeuntibus
1204 4144 1442 4207 quoque
1484 4129 1868 4201 consuluisti,
1911 4130 1959 4190 si
1991 4130 2167 4191 liceat
2205 4129 2538 4193 oblationes
2577 4129 2804 4193 offerri.
2854 4130 3079 4195 Sancta
3123 4132 3213 4193 sic

651 4216 820 4270 tenet
861 4209 1143 4281 Ecclesia,
1178 4215 1246 4269 ut
1287 4210 1546 4288 quisque
1579 4224 1685 4286 pro
1712 4211 1838 4271 suis
1868 4210 2127 4270 mortuis
2157 4224 2298 4270 vere
2329 4210 2679 4272 christianis
2703 4209 2917 4271 offerat
2947 4209 3208 4273 oblatio·

654 4305 786 4359 neS,
824 4297 1005 4366 atque
1035 4286 1347 4366 presbyter
1388 4304 1604 4351 eorum
1649 4288 1828 4351 faciat
1870 4289 2267 4351 memoriam:
2303 4297 2363 4350 et
2389 4291 2677 4369 quamvis
2706 4303 2919 4350 omnes
2943 4290 3212 4368 peccatis

701 4433 726 4457 ¹·
760 4432 949 4482 Insigne
971 4434 1045 4473 est
1065 4432 1179 4472 haec
1201 4432 1412 4482 Epistola
1430 4432 1709 4482 disciplinae
1732 4431 2078 4474 ecclesiasticae
2099 4433 2444 4473 documentum.
