3357 4995
1415 244 1444 280 a

669 325 797 388 306
1306 342 1384 387 DE
1433 345 1487 388 s.
1543 342 1818 395 Antonio
1869 346 1906 388 A
1959 343 2165 389 vanua
2216 341 2394 388 nicto
2770 323 2985 387 JUNII
3044 323 3137 385 ⁴3

574 427 798 497 filium
849 427 999 516 ejus
1053 426 1139 494 ab
1203 425 1516 496 hostibus
1551 440 1828 516 captum
1864 439 1928 496 et
1968 426 2426 497 interfectum.
2469 431 2596 494 Eas
2651 425 2938 515 maligni
2997 424 3131 493 lio-

572 517 694 586 stis
756 515 1089 584 versutias
1155 515 1407 603 spiritu
1478 537 1904 605 cognoscens
1948 516 2057 590 ‚vir
2123 515 2233 584 Dei
2296 515 2515 603 (nam
2586 514 2934 613 corporeis
2998 533 3134 582 au-

571 604 764 673 ribus
815 603 986 671 nihil
1023 603 1233 691 hujus
1285 604 1729 703 perceperat),
1770 626 2004 673 coram
2038 603 2383 671 ’omnibus
2413 602 2617 671 dixit:
2658 602 2837 671 Nihil
2874 602 3133 671 timeas

570 693 896 761 Domina:
942 691 1130 759 filius
1157 704 1318 759 tuus
1358 704 1421 760 et
1455 693 1636 772 vivit,
1682 705 1748 761 et
1783 706 1958 762 recte
1994 692 2203 760 valet:
2236 707 2479 760 cursor
2518 703 2749 760 autem
2789 689 2934 770 iste,
2967 690 3131 758 dia-

565 780 768 849 bolus
817 792 939 848 est.
967 780 1056 848 Ad
1088 801 1266 866 quas
1296 802 1490 848 voces
1541 782 1759 851 instar
1790 781 1962 850 fumi
2017 780 2129 849 ille
2176 780 2497 870 egregius
2538 801 2781 848 cursor
2811 780 3122 849 evanuit.

653 873 688 954 ξ
736 873 900 941 238.
957 875 1122 936 Cum
1181 867 1447 937 Paduae
1486 868 1759 958 degeret
1789 870 1891 937 vir
1923 870 2059 949 Dei,
2096 868 2484 957 Ulysbonae
2509 866 2881 940 duo-tcives
2930 869 3130 940 inex-

566 957 808 1047 piabili
857 958 1015 1026 odio
1050 977 1121 1026 se
1164 959 2035 1046 mutuo-prosequebantur
2066 982 2077 1024 :
2116 979 2154 1026 e
2185 958 2443 1044 quibus
2478 956 2649 1024 alter
2677 957 2873 1045 juxta
2910 954 3125 1025 aedes

567 1059 933 1136 parentum
973 1045 1154 1114 beati
1205 1045 1329 1112 viri
1381 1047 1725 1126 manebat,
1762 1059 2017 1115 etcum
2069 1046 2236 1117 hora
2284 1046 2671 1134 vespertina
2716 1045 2939 1113 filiurn
2992 1045 3124 1112 ho-

566 1135 690 1205 stis
724 1137 833 1204 sui
886 1135 954 1202 in
1006 1133 1231 1224 platea
1261 1133 1656 1214 invenisset,
1699 1157 1820 1224 per
1853 1156 2197 1204 summam
2229 1134 2708 1204 crudelitatem
2733 1133 3113 1222 jugulavit,

566 1235 631 1293 et
655 1224 1088 1313 .intempesta
1123 1233 1317 1290 nocte
1352 1223 1419 1289 in
1473 1223 1668 1292 horto
1709 1236 2075 1313 parentum
2128 1223 2253 1292 viri
2292 1223 2434 1302 Dei,
2478 1223 2653 1310 sacta
2689 1221 2901 1302 fovea,
2955 1244 3119 1291 eum

567 1312 901 1402 sepelivit.
956 1316 1125 1379 Cum
1165 1322 1392 1381 autem
1446 1311 1698 1380 nobilis
1745 1324 1922 1382 esset
1957 1311 2014 1380 is
2044 1312 2247 1401 cujus
2282 1311 2471 1382 filius
2518 1332 2763 1380 caesus
2795 1323 2959 1388 erat,
3016 1311 3130 1378 in-

563 1402 905 1487 quisitum
952 1398 1488 1489 est-diligenter,
1554 1411 1617 1470 et
1668 1413 2016 1489 repertum
2064 1401 2213 1490 ejus
2273 1399 2493 1468 filium
2545 1399 2705 1468 illac
2758 1399 3113 1474 transisse,

563 1490 685 1558 ubi
724 1489 878 1576 ejus
912 1488 1243 1556 inimicus
1285 1487 1706 1559 morabatur.
1745 1495 1981 1577 Itaque
2021 1490 2172 1577 ejus
2204 1487 2427 1562 ,domo
2465 1500 2530 1555 et
2567 1489 2760 1557 horto
2794 1487 3111 1565 lustrato,

563 1578 737 1646 nihil
791 1591 1222 1666 compertum
1261 1589 1385 1645 est.
1429 1582 1603 1646 Itum
1641 1591 1744 1647 est
1791 1579 1872 1646 ad
1929 1578 2194 1650 vicinae
2221 1576 2447 1657 aedes
2484 1591 2549 1645 et
2596 1578 2666 1644 in
2713 1577 2908 1645 horto
2959 1575 3110 1644 illa·

563 1688 719 1736 rum
751 1666 945 1754 pueri
986 1665 1276 1734 cadaver
1312 1665 1672 1742 inventum
1702 1680 1825 1737 est.
1867 1671 2105 1754 Itaque
2135 1678 2325 1756 pater
2351 1665 2572 1736 sancti
2606 1666 2732 1733 viri
2768 1688 2926 1734 cum
2973 1676 3113 1733 tota
3222 1690 3227 1695 ·

561 1754 824 1824 familia
875 1755 1227 1841 conjectus
1274 1766 1375 1823 est
1415 1755 1482 1822 in
1528 1754 1830 1837 vincula,
1887 1768 2215 1841 tanquam
2249 1776 2410 1823 reus
2459 1753 2692 1822 caedis
2741 1752 2952 1824 illius.
3043 1753 3115 1820 [d

569 1865 726 1913 vero
774 1856 850 1912 ut
901 1865 1020 1932 per
1067 1842 1386 1932 spiritum
1439 1843 1712 1912 Paduae
1760 1846 2078 1933 cognovit
2141 1845 2255 1911 vin.
2295 1845 2430 1922 Dei,
2500 1843 2761 1931 vesperi
2810 1865 2850 1911 a
2900 1847 3122 1910 Guar-

551 1931 768 2001 diano
825 1931 1012 2020 petiit
1051 1931 1323 2019 copiam
1358 1932 1654 2000 exeundi
1695 1955 1873 2019 quae
1924 1932 2021 2001 illi
2076 1945 2318 2022 negata
2351 1953 2489 2000 non
2534 1945 2662 2000 est.
2712 1930 2964 1999 Eadem
2992 1952 3118 1999 no-

563 2033 668 2088 cte
720 2043 971 2119 magno
1024 2019 1356 2092 miraculo
1409 2018 1823 2108 Ulysbonam
1875 2021 2250 2110 perductus
2297 2029 2418 2100 est,
2477 2035 2540 2088 et
2590 2019 2904 2108 proxima
2955 2018 3117 2087 luce

567 2108 653 2177 ad
703 2109 1027 2178 Judicem
1071 2130 1142 2176 se
1202 2108 1515 2187 contulit,
1578 2131 1829 2200 rogans
1881 2123 1959 2179 ut
2014 2110 2318 2179 insontes
2364 2131 2400 2176 e
2451 2107 2746 2182 vinculis
2787 2107 3117 2176 dimissos

564 2210 909 2287 pateretur
957 2196 1146 2265 abire
1181 2196 1492 2265 domum.
1534 2196 1655 2267 [llo
1699 2197 1923 2267 modis
1961 2198 2289 2267 omnibus
2320 2207 2699 2276 recusante,
2748 2196 2961 2284 petiit,
2995 2219 3110 2268 ca-

564 2287 770 2355 daver
813 2285 1148 2375 perempti
1186 2285 1376 2373 pueri
1411 2285 1497 2354 ad
1533 2307 1605 2354 se
1638 2285 1917 2355 adferri.
1950 2291 2096 2368 Quo
2131 2285 2358 2364 allatO,
2386 2285 2597 2374 jussit
2627 2307 2910 2374 surgere
2946 2307 3116 2373 pue—

564 2395 718 2444 rum
770 2388 835 2443 et
882 2375 1131 2452 dicere,
1188 2395 1354 2441 num
1407 2395 1446 2441 a
1607 2374 1917 2448 rentibus
1966 2375 2189 2464 ipsius
2238 2376 2510 2444 occisus
2557 2386 2768 2453 esset,
2800 2373 2921 2442 Ille
2962 2396 3115 2442 sur-

609 2485 755 2544 ens,
809 2463 980 2532 dixit
1027 2462 1179 2550 ejus
1217 2462 1449 2533 caedis
1500 2462 1652 2533 ilos
1705 2484 1986 2553 prorsus
2019 2463 2334 2533 conscios
2371 2484 2505 2532 non
2557 2484 2730 2542 esse,
2769 2473 2971 2549 atque
3024 2463 3113 2532 ita

557 2488 957 2622 ffisoedendi
1006 2564 1107 2621 est
1157 2550 1295 2619 illis
1345 2550 1518 2620 facta
1584 2565 1901 2641 potestas.
1958 2552 2204 2622 Mansit
2258 2563 2393 2622 toto
2443 2552 2560 2620 illo
2610 2552 2721 2620 die
2760 2574 2918 2625 cum
2986 2574 3111 2641 pa-

558 2643 870 2798 {lentibus
903 2642 1048 2711 suis
1078 2641 1177 2708 vir
1209 2641 1472 2718 beatus,
1503 2654 1570 2733 et
1608 2663 1833 2723 mane,
1872 2641 2184 2732 angelico
2221 2642 2626 2722 ministerio,
2667 2640 2971 2709 Paduam
3002 2662 3111 2709 re-

611 2743 814 2800 uctus
862 2742 987 2798 est.
1447 2772 1460 2783 -
2628 2778 2667 2807 fl,

644 2822 680 2905 ἓ
727 2823 884 2891 34.
940 2817 1228 2900 Quando
1249 2817 1334 2885 ad
1369 2817 1706 2907 populum
1739 2819 2283 2891 concionabatur
2310 2818 2607 2889 eximius
2640 2839 2882 2907 praeco
2913 2817 3109 2886 Chri-

555 2907 666 2985 sti,
727 2929 952 2975 sermo
1000 2929 1078 2974 ex
1129 2905 1317 2975 illius
1358 2927 1472 2973 ore
1509 2918 1847 2992 tanquam-
1873 2929 1951 2976 ex
2000 2906 2288 2976 ardenti·
2318 2908 2592 2976 camino
2637 2905 3105 2995 proficiscens,

558 2995 966 3065 mirabiliter
1015 2994 1274 3082 soleba
1317 3016 1584 3063 movere
1631 2995 2008 3073 auditores,
2064 2996 2391 3095 ipsasque
2446 2996 2837 3089 animorum
2900 3015 3109 3084 pene-

555 3094 732 3151 trare
769 3083 1134 3157 medullas.
1193 3097 1256 3151 et
1305 3082 1596 3151 multam
1639 3083 1707 3150 in
1762 3084 1848 3151 iis
1880 3085 2311 3154 devotionem
2360 3096 2424 3153 et
2473 3084 3102 3173 compunctionem,

550 3171 1011 3258 vitiorumque
1059 3171 1297 3240 odium
1354 3185 1419 3239 et
1467 3171 1998 3255 detestationem,
2046 3174 2364 3252 excitare,
2422 3174 2514 3243 ita
2567 3186 2640 3241 ut
2701 3172 3111 3261 plerumque

553 3259 725 3328 alter
780 3260 976 3330 alteri
1027 3259 1283 3328 diceret
1345 3282 1508 3329 cum
1567 3256 1785 3328 multo
1852 3262 2159 3352 gemitu:
2217 3266 2365 3330 Heu
2413 3283 2520 3329 me
2570 3262 2927 3339 miserum,
2982 3262 3101 3347 qui

555 3370 922 3435 nunquam
972 3348 1262 3416 antehac
1315 3348 1541 3417 isthuc
1607 3350 1908 3437 putarim
1965 3371 2112 3420 esse
2180 3362 2591 3439 peceatum:
2630 3349 2813 3436 quod
2866 3350 2922 3418 si
2974 3350 3111 3419 sci-

557 3438 832 3517 vissem,
888 3450 1067 3505 certe
1120 3457 1475 3521 nunquam
1531 3437 1698 3505 illud
1761 3438 2235 3508 admisissem:
2307 3452 2686 3525 mutuoque
2737 3460 2807 3509 se
2875 3438 3109 3507 horta-

557 3526 811 3595 bantur
859 3525 942 3593 ad
997 3524 1382 3593 faciendam
1436 3526 1976 3606 confessionem,
2044 3528 2128 3596 ad
2181 3527 2661 3618 suscipiendas
2713 3528 3107 3615 peregrina·

557 3614 775 3684 tiones
844 3613 1196 3701 religionis
1243 3635 1429 3703 ergo,
1494 3614 1578 3682 ad
1621 3608 1892 3714 jeJilnia
1942 3617 2146 3686 certis
2199 3617 2445 3685 diebus
2494 3616 2974 3705 amplectenda
3034 3616 3103 3683 in

554 3702 880 3771 honorem
943 3702 1171 3770 Matris
1222 3703 1360 3782 Dei,
1415 3717 1533 3771 aut
1581 3703 1839 3772 similia
1912 3705 2182 3793 pietatis
2233 3705 2463 3776 studia
2522 3704 2871 3774 sectanda.
2927 3706 3096 3786 Quis

555 3812 709 3858 vero
760 3791 975 3880 possit
1023 3791 1315 3860 dicendo
1356 3793 1684 3878 consequi
1735 3815 1912 3887 quae
1939 3793 2079 3863 illic
2112 3793 2304 3865 fusae
2336 3794 2474 3862 sint
2512 3794 2878 3882 lacrymae,
2920 3815 3101 3879 quae

553 3879 640 3947 ab
675 3879 812 3947 imo
864 3893 1132 3968 pectore
1181 3881 1388 3949 ducta
1422 3882 1747 3971 suspiria,
1804 3903 1981 3968 quae
2053 3896 2399 3972 pectorum
2452 3883 2811 3952 tunsiones
2859 3883 2927 3949 in
2979 3882 3100 3951 ob-

552 3968 823 4035 stinatis
877 3970 1348 4058 peccatoribus
1388 3975 1840 4059 conspectae?
1886 3972 2063 4040 Adeo
2119 3972 2304 4040 enim
2349 3972 2679 4041 Dominus
2715 3969 3108 4040 mirificavit

551 4069 866 4126 sanctum
904 4080 1136 4137 suum,
1175 4070 1249 4129 ut
1290 4082 1423 4128 non
1469 4060 1695 4128 solum
1730 4060 2002 4129 usitatis
2031 4059 2338 4146 quotidie
2376 4072 2768 4133 coruscaret
2802 4059 3107 4129 miracu-

550 4145 660 4225 lis,
705 4146 822 4214 sed
872 4146 1076 4215 etiam
1128 4148 1440 4221 inaudita
1489 4149 1574 4217 ab
1623 4170 1702 4217 eo
1733 4149 1932 4239 signa
1981 4148 2369 4218 ederentur.
2419 4149 2823 4233 Sicutenim
2859 4148 3103 4217 beatus

551 4234 871 4305 Nicolaus
905 4235 1119 4305 fertur
1148 4259 1266 4326 per
1301 4238 1526 4307 visum
1558 4238 1968 4327 apparuisse
1995 4238 2438 4307 Constantino
2490 4244 2756 4327 Magno,
2810 4238 3101 4326 ejusque

548 4324 914 4407 Praefect0‚
972 4327 1332 4413 minasque
1382 4327 1781 4405 intentasse,
1833 4326 1903 4393 ni
1949 4325 2372 4396 dimitterent
2419 4327 2733 4396 homines
2784 4326 3101 4395 innoxios

550 4413 623 4483 in
674 4436 1016 4486 carcerem
1068 4417 1447 4506 conjectos:
1512 4415 1603 4484 ita
1661 4415 1773 4485 hic
1840 4416 1938 4483 vir
1992 4416 2269 4497 beatus,
2327 4437 2501 4504 quos
2561 4437 2679 4506 per
2739 4427 3099 4505 peccatum
