3357 4995
712 338 841 404 538
1319 354 1398 402 nn
1445 356 1500 402 s.
1553 354 1866 404 rnnaomA
1913 354 2083 403 vute.
2135 355 2211 403 ET
2255 353 2444 403 uAar.
2806 332 3021 405 JUNII
3065 339 3148 405 25

622 439 819 513 valde
872 439 1352 510 admiraretur.
1408 443 1485 508 In
1534 438 1648 510 die
1699 439 1911 530 igitur
1957 444 2363 511 Parasceves
2410 439 2738 510 omnibus
2798 439 3148 511 sororibus

623 528 762 599 illis
808 528 890 597 ad
942 528 1181 598 aedem
1237 539 1505 598 sacram
1553 527 2159 610 convenientibus,
2203 526 2493 619 jubebat
2541 528 2838 598 Brienna
2907 528 3147 599 Febro-

623 617 809 687 niam
881 616 1109 686 divina
1182 616 1454 704 eloquia
1515 617 1868 687 sororibus
1916 616 2163 709 legere.
2217 616 2558 700 Quoniam
2615 639 2772 687 vero
2829 617 3149 688 mulieres

623 706 888 776 nobiles
935 704 1005 774 in
1033 704 1144 774 die
1190 710 1592 775 Parasceves
1638 706 1724 775 ad
1776 705 2108 776 sacellum
2162 706 2546 785 veniebant,
2590 719 2656 775 et
2693 705 2991 795 spiritali
3044 705 3149 777 do·

619 794 842 865 ctrina
886 793 1312 877 fruebantur,
1371 794 1582 883 jussit
1628 794 1917 864 Brienna
1970 795 2371 865 Febroniam
2423 792 2567 864 velo
2613 807 2994 864 contectam
3045 794 3145 864 di-

617 884 779 953 vina
816 883 1089 970 eloquia
1115 883 1425 953 recitare:
1456 884 1759 953 hominis
1786 884 1969 953 enim
1997 883 2257 953 externi
2289 882 2387 952 vel
2421 882 2730 955 mulieris
2755 895 3140 974 aspectum,

619 971 1010 1062 cujusmodi
1058 983 1256 1051 esset,
1311 993 1670 1058 nunquam
1729 972 2010 1042 viderat.

706 1062 743 1149 ξ
790 1065 882 1132 θ.
939 1059 1304 1130 Febroniae
1354 1060 1564 1149 igitur
1610 1059 1922 1130 doctrina
1952 1081 2447 1147 usquequaque
2479 1081 2598 1150 per
2634 1071 2838 1130 totam
2872 1060 3143 1142 urbem,

618 1161 684 1219 et
722 1149 1189 1240 pulcherrima
1221 1148 1443 1237 ipsius
1474 1148 1719 1229 forma,
1771 1162 1836 1219 et
1893 1147 2371 1231 mansuetudo,
2411 1161 2614 1236 atque
2661 1148 2878 1218 animi
2922 1149 3150 1219 mode·

620 1238 749 1310 stia
814 1237 1312 1308 celebrabatur.
1367 1237 1560 1320 Quod
1599 1259 1759 1307 cum
1819 1238 2193 1307 audivisset
2231 1238 2462 1307 Hieria
2510 1237 2834 1308 senatorii
2927 1239 3150 1309 eneris

620 1325 892 1409 mulier,
928 1327 1101 1396 miro
1135 1326 1432 1414 quodam
1468 1325 1710 1395 ardore
1738 1326 2187 1407 inflammata,
2222 1325 2593 1412 quaerebat
2624 1348 2782 1396 cum
2817 1330 2901 1394 Fe
2956 1327 3150 1397 ronia

618 1414 940 1502 colloqui.
994 1420 1149 1483 Erat
1196 1428 1426 1485 autem
1480 1414 1710 1484 Hieria
1758 1414 1877 1484 illa
1923 1415 2432 1505 superstitionis
2472 1419 2721 1486 Grecae
2768 1412 3044 1496 cultrix,
3090 1429 3152 1485 et

619 1504 915 1594 necdum
951 1502 1036 1572 ad
1071 1504 1491 1592 baptismum
1543 1517 1841 1573 venerat:
1881 1526 2054 1591 quae
2075 1526 2233 1573 cum
2264 1506 2407 1573 una
2436 1525 2597 1573 cum
2633 1505 2774 1572 viro
2810 1524 2936 1573 suo
2965 1526 3152 1573 men-

619 1614 727 1661 ses
770 1604 1028 1682 septem
1081 1591 1378 1674 vixisset,
1432 1591 1641 1662 vidua
1691 1602 1922 1682 postea
1968 1591 2167 1673 sacta,
2223 1613 2493 1662 reversa
2524 1604 2625 1663 est
2675 1592 2743 1661 in
2779 1612 2975 1661 suam
3032 1615 3150 1683 pa-

618 1680 817 1750 triam
862 1679 944 1749 ad
1000 1680 1314 1771 proprios
1366 1692 1701 1771 parenteS,
1755 1682 1982 1769 quiete
2039 1681 2294 1750 vivens.
2351 1686 2554 1750 Erant
2610 1694 2839 1749 autem
2901 1694 2969 1749 et
3017 1682 3168 1771 ipsi'

618 1773 911 1840 Graecae
959 1769 1469 1859 superstitionis
1517 1769 1839 1840 cultores.
1901 1769 2094 1839 Venit
2147 1769 2359 1860 igitur
2408 1770 2475 1838 in
2511 1769 3033 1850 monasterium,
3088 1784 3153 1839 et

619 1880 743 1948 per
779 1857 1037 1948 januae
1067 1858 1449 1938 custodem,
1486 1858 1855 1928 consilium
1885 1880 2090 1929 suum
2131 1858 2461 1927 Briennae
2495 1857 2933 1948 significavit.
2972 1859 3142 1928 Exiit

617 1946 910 2016 Brienna
969 1946 1050 2015 ad
1112 1945 1329 2016 illam.
1368 1950 1671 2033 Cumque
1712 1947 1936 2016 Hieria
1991 1949 2137 2036 ipsa
2188 1958 2344 2016 ante
2392 1947 2759 2016 Briennam
2809 1967 2959 2016 sese
2991 1969 3143 2036 pro-

618 2035 991 2116 stravisset,
1032 2057 1178 2104 eam
1217 2035 1547 2115 adoravit,
1602 2048 1668 2104 et
1715 2035 2240 2126 apprehendens
2273 2035 2423 2125 ejus
2460 2036 2709 2125 pedest
2751 2035 3139 2117 «obtestor,

619 2123 864 2211 inquit,
903 2135 962 2192 te
1011 2145 1131 2214 per
1153 2146 1313 2193 eum
1362 2124 1483 2210 qui
1522 2124 1680 2193 fecit
1712 2123 1980 2194 coelum
2008 2135 2072 2193 et
2120 2136 2396 2204 terram,
2448 2145 2676 2193 neme
2730 2124 3147 2193 abomineris

616 2234 793 2300 quae
841 2215 1162 2282 Graecam
1214 2212 1771 2302 superstitionem
1813 2225 2045 2283 secuta
2092 2234 2273 2292 sum,
2309 2214 2397 2283 ob
2460 2212 2669 2298 idque
2718 2214 2986 2302 impure
3036 2234 3145 2282 me

618 2302 823 2392 gessi,
875 2312 941 2371 et
1006 2300 1087 2370 ad
1151 2301 1330 2371 hanc
1370 2322 1589 2388 usque
1643 2301 1827 2370 diem
1879 2300 2221 2371 idolorum
2276 2300 2374 2371 fui
2423 2299 2834 2371 ludibrium.
2890 2306 2984 2372 Ne
3043 2323 3150 2371 me

671 2390 844 2459 rives
892 2390 1146 2460 sororis
1184 2410 1370 2459 meae
1403 2390 1772 2460 Febroniae
1819 2389 2127 2460 doctrina
2180 2402 2384 2477 atque
2424 2411 2549 2458 con
2608 2411 2824 2459 ressu.
2880 2394 3006 2459 Per
3036 2412 3149 2460 vos

646 2479 816 2549 iceat
856 2478 1027 2549 mihi
1066 2478 1328 2549 discere
1375 2478 1618 2550 salutis
1666 2479 1872 2560 viam,
1929 2491 2006 2549 ut
2055 2501 2173 2569 per
2210 2501 2358 2548 eam
2396 2477 2546 2549 ince
2597 2502 2735 2549 am.
2792 2479 3016 2549 Liceat
3047 2479 3151 2550 in-

616 2570 846 2638 venire
885 2590 1062 2655 quae
1110 2569 1512 2639 Christianis
1561 2580 1796 2658 parata
1831 2582 2015 2637 sunt.
2071 2568 2375 2637 Liberate
2408 2589 2516 2637 me
2553 2569 2641 2638 ab
2690 2568 2902 2657 hujus
2934 2568 3151 2639 seculi

615 2668 680 2727 et
721 2657 1032 2746 impurae
1082 2656 1422 2727 idolorum
1475 2656 1986 2747 superstitionis
2018 2657 2334 2737 vanitate,
2390 2657 2722 2743 quoniam
2755 2669 3016 2747 cogunt
3044 2678 3155 2727 me

617 2759 935 2835 parentes
987 2746 1118 2815 mei
1159 2745 1484 2816 secundis
1533 2745 1795 2835 nuptiis
1844 2745 2187 2835 copulari:
2231 2757 2295 2814 et
2342 2745 2430 2814 sit
2480 2745 2650 2814 mihi
2699 2745 2856 2824 vita,
2901 2745 3149 2816 Febro-

617 2834 773 2903 niae
813 2834 1238 2904 consuetudo
1284 2845 1349 2903 et
1381 2833 1738 2903 doctrina:
1793 2834 1959 2903 satis
1991 2834 2173 2903 enim
2208 2832 2380 2902 mihi
2427 2846 2551 2915 est,
2608 2834 2948 2923 praeteriti
2989 2846 3153 2905 tem·

617 2923 804 3013 poris
850 2923 1147 3003 inscitia,
1188 2935 1510 3079 tanguam
1548 2926 1768 3011 poena
1814 2922 2139 3009 quadam,
2197 2921 2596 2991 mulctatam
2645 2923 2882 2992 fuisse.
2941 2947 2976 2989 »

703 3014 740 3098 ξ
785 3014 860 3081 2.
911 3015 1089 3080 Haec
1114 3032 1275 3081 cum
1354 3012 1559 3081 iceret
1580 3011 1832 3091 Hieria,
1864 3024 1928 3080 et
1962 3009 2102 3080 lacr
2157 3010 2287 3080 mis
2320 3011 2523 3101 pedes
2557 3012 2887 3081 Briennae
2915 3032 3154 3101 asper-

617 3111 843 3188 geret,
921 3100 1140 3190 ipsam
1218 3099 1285 3167 in
1362 3099 1652 3169 multam
1723 3100 2076 3170 misericor
2131 3100 2264 3168 iam
2340 3100 2726 3169 concitavit.
2783 3099 2891 3168 Illi
2940 3100 3160 3190 igitur

615 3188 907 3257 Brienna
939 3211 952 3255 ε
981 3210 1015 3254 «
1041 3187 1231 3271 Quod
1269 3187 1353 3256 ad
1384 3188 1812 3269 Febroniam,
1842 3188 2086 3276 inquit,
2109 3187 2418 3278 pertinet,
2465 3190 2650 3257 novit
2679 3194 2874 3270 θεας,
2909 3210 3160 3276 quem-

617 3276 988 3345 admodum
1062 3298 1218 3346 cum
1270 3276 1445 3345 duos
1514 3298 1736 3347 annos
1796 3298 1832 3344 a
1886 3289 2064 3356 eret,
2134 3277 2353 3366 ipsam
2425 3278 2491 3345 in
2544 3276 2672 3347 hoc
2733 3278 3158 3347 monasterio

618 3365 685 3434 in
740 3387 989 3435 manus
1039 3386 1225 3434 meas
1276 3365 1695 3456 acceperim:
1747 3377 1813 3435 et
1910 3365 2063 3435 odie
2112 3364 2346 3434 decem
2395 3379 2460 3435 et
2524 3379 2675 3437 octo
2722 3367 2891 3435 anni
2960 3380 3152 3447 sunt,

618 3476 693 3523 ex
752 3454 991 3540 quoin
1046 3453 1459 3523 monasterio
1509 3455 1692 3537 vivit,
1746 3476 1998 3541 neque,
2030 3453 2154 3523 viri
2203 3453 2522 3544 alicujuS,
2569 3476 2791 3542 neque
2837 3452 3162 3525 mulieris

618 3543 687 3611 in
732 3541 991 3611 mundo
1039 3542 1372 3614 versantis
1412 3543 1704 3613 formam
1738 3542 2035 3633 aspexit:
2084 3541 2198 3613 sed
2252 3563 2376 3610 nec
2411 3543 2655 3613 mundi
2695 3544 2994 3633 figuram
3029 3543 3162 3613 ali-

615 3653 823 3718 quam
887 3632 1245 3719 hucusque
1296 3631 1498 3702 vidit:
1564 3632 1734 3720 quin
1792 3631 1995 3700 etiam
2050 3652 2270 3718 neque
2314 3631 2465 3721 ejus
2527 3632 2757 3702 nutrix
2813 3632 3162 3702 hactenus

616 3720 841 3809 ipsius
887 3732 1239 3810 aspectum
1292 3742 1571 3791 cernere
1624 3720 1862 3810 potuit.
1917 3720 2246 3801 Quamvis
2294 3721 2478 3789 enim
2521 3719 2917 3810 lacrymans
2948 3743 3163 3812 saepe

617 3807 788 3878 mihi
825 3808 1335 3899 supplicaverit,
1380 3822 1455 3878 ut
1486 3808 1719 3878 liceret
1751 3830 1910 3879 cum
1959 3829 2040 3877 ea
2087 3808 2410 3896 colloqui,
2465 3830 2600 3877 non
2646 3821 2867 3878 tamen
2921 3808 2991 3878 id
3041 3831 3164 3880 as-

618 3910 850 3967 secuta
898 3910 1021 3979 est,
1081 3919 1236 3966 nam
1280 3898 1341 3966 ei
1390 3897 1520 3967 boc
1567 3918 1694 3988 ego
1749 3918 1883 3966 non
1933 3897 2264 3967 concessi.
2334 3900 2499 3966 Cum
2550 3918 2710 3968 vero
2744 3911 2805 3967 te
2851 3897 3004 3988 ejus
3056 3900 3166 3967 vi-

617 3984 828 4054 dendi
875 3985 1215 4055 desiderio
1263 3987 1476 4055 teneri
1543 3984 1964 4076 intelligam,
2018 3998 2082 4055 et
2130 3985 2241 4054 Dei
2292 3999 2637 4055 amantem
2687 4007 2837 4058 esse
2902 4007 3168 4077 cogno-

617 4096 833 4154 scam,
902 4074 984 4143 ad
1050 4096 1198 4143 eam
1261 4072 1587 4177 deinceps
1636 4087 1699 4145 te
1745 4074 2222 4155 intromittam,
2293 4072 2497 4143 modo
2546 4086 2727 4145 veste
2774 4077 3172 4145 monastica

618 4162 859 4233 induta
902 4162 1186 4233 fueris»
1206 4163 1405 4232 Duxit
1423 4162 1639 4254 igitur
1666 4163 1958 4232 Brienna
1996 4162 2300 4231 Hieriam
2338 4161 2558 4252 ipsam
2594 4162 2679 4232 ad
2715 4163 3161 4235 Febroniam.

616 4256 835 4334 Quam
868 4273 1027 4320 cum
1069 4251 1261 4343 virgo
1295 4252 1626 4323 Febronia
1660 4251 2036 4322 monastica
2087 4263 2269 4321 veste
2327 4250 2644 4321 indutam
2695 4251 3005 4334 vidisset,
3077 4253 3172 4323 ad

617 4340 887 4410 Hieriae
923 4339 1130 4430 pedes
1176 4363 1249 4411 se
1295 4340 1574 4411 de'ecit:
1637 4340 2070 4411 existimabat
2121 4339 2305 4408 enim
2357 4340 2793 4430 peregrinam
2845 4339 3172 4433 aliquam

621 4429 1030 4498 monacham
1083 4451 1122 4498 a
1179 4451 1252 4499 se
1283 4430 1341 4497 vi
1397 4431 1521 4500 eri.
1584 4429 1896 4501 Vicissim
1939 4428 2150 4520 igitur
2202 4449 2275 4497 se
2335 4427 2690 4518 amplexae
2738 4444 2925 4511 sunt,
2981 4452 3175 4519 quas
