3357 4995
659 312 823 392 ‚⁴98
1213 328 1289 374 nii
1338 328 1392 374 s.
1448 326 1648 374 PAULO
1697 325 1985 374 Ancum.
2039 324 2526 376 consummor.
2826 310 3043 376 JUNII
3094 310 3135 374 7

608 413 932 503 Angelius
993 433 1265 499 quoque
1330 412 1709 502 Episcopus
1776 411 2304 481 Novatianorum
2340 468 2355 493 ‚
2430 425 2506 481 ut
2572 413 2692 499 qui
2756 412 2902 503 ipse
2968 435 3138 500 quo-

609 523 742 588 que
794 513 1094 571 tueretur
1142 499 1606 578 homousium‚
1675 500 1970 569 mittitur
2019 501 2085 569 in
2137 499 2458 570 exilium:
2513 512 2800 587 eratque,
2841 500 3132 583 malum,

607 590 786 676 quod
833 610 967 659 non
1019 601 1237 678 potest
1282 589 1651 678 explicari:
1695 611 1827 658 non
1882 589 2105 658 solum
2159 590 2536 679 procedens
2586 611 2807 676 usque
2838 589 2924 658 ad
2964 596 3139 660 Pon-

609 679 825 749 tifices
872 692 937 747 et
985 678 1401 759 Sacerdotes,
1442 677 1556 746 sed
1607 679 1814 747 etiam
1865 677 2200 747 foeminas
2222 690 2287 746 et
2314 700 2567 768 pueros
2604 680 2723 765 qui
2759 679 3140 748 Macedonii

608 767 1028 856 repellebant
1074 768 1657 846 communionem,
1712 788 2085 855 occupans.
2123 773 2287 837 Nam
2323 767 2538 835 ubera
2579 767 2859 853 quidem
2898 767 3139 838 foemi-

611 878 882 935 narum,
937 877 976 924 o
1027 855 1394 933 insaniam,
1458 856 1705 944 partim
1756 855 2032 942 quidem
2087 856 2158 923 in
2207 876 2525 924 arcarum
2590 869 2980 945 tegumenta
3029 857 3140 924 in-

528 1003 538 1012 .
598 945 779 1034 jecta
809 958 874 1012 et
921 965 1314 1034 compressa
1361 943 1922 1022 excindebantur,
1971 945 2219 1034 partim
2269 957 2495 1013 autem
2535 943 2752 1012 ferro:
2791 957 2855 1012 et
2902 944 3033 1013 alia
3066 947 3137 1013 in

609 1033 780 1103 alios
827 1032 1389 1189 excogitabantur
1436 1032 1667 1121 gravia
1703 1032 2069 1122 supplicia.
2111 1038 2275 1101 Nam
2302 1054 2477 1119 quae
2508 1033 2607 1101 vel
2636 1056 2673 1102 a
2720 1038 2849 1103 Deo
2875 1033 3141 1102 alienos

557 1163 562 1167 ·
655 1120 897 1192 entiles
945 1145 983 1190 a
1037 1144 1272 1190 versus
1319 1143 1760 1190 communem
1792 1136 2108 1190 naturam
2149 1123 2528 1209 excogitare
2565 1121 2985 1210 impediebat
3015 1145 3141 1212 pu-

654 1233 751 1289 or,
805 1233 885 1278 ea
937 1223 1096 1278 tunc
1143 1209 1361 1278 facere
1411 1210 1644 1299 impiis
1690 1211 1868 1279 venit
1904 1211 1972 1278 in
2019 1224 2338 1280 mentem.

695 1303 730 1384 ἓ
776 1306 909 1371 11.
967 1299 1275 1368 Extendit
1339 1298 1592 1368 rabiem
1656 1299 2095 1369 Macedonius
2146 1300 2346 1367 etiam
2400 1298 2733 1367 adversus
2782 1301 3138 1388 regionem

609 1387 1155 1476 Paphlagonum3
1195 1388 1548 1457 audiverat
1593 1388 1777 1455 enim
1831 1388 2084 1457 multos
2121 1410 2199 1456 ex
2248 1387 2652 1456 Ortliodoxis
2705 1399 2768 1454 et
2827 1390 3139 1457 Novatia-

607 1477 714 1544 nis
765 1477 831 1543 in
874 1498 952 1543 ea
999 1477 1295 1544 versari:
1350 1490 1413 1544 et
1460 1474 1687 1554 efficit,
1727 1490 1800 1545 ut
1846 1489 2141 1561 quatuor
2180 1476 2491 1544 cohortes
2522 1489 2945 1545 armatorum
3005 1479 3137 1545 mi-

610 1565 805 1632 litum
859 1563 1185 1633 adversus
1219 1586 1332 1633 eos
1382 1566 1763 1643 mittantur,
1800 1577 1864 1633 et
1910 1566 2122 1634 armis
2171 1577 2504 1655 cogantur
2550 1564 2635 1631 ad
2680 1564 3131 1654 impietatem.

607 1653 730 1733 Qui
783 1663 1006 1721 autem
1061 1653 1460 1722 habitabant
1507 1654 1953 1732 Mantineam,
1990 1665 2222 1722 coacta
2274 1652 2741 1732 multitudine,
2787 1677 2950 1722 cum
2995 1656 3175 1723 zelo‘

611 1742 878 1829 pietatis
926 1740 1134 1809 falces
1182 1755 1247 1810 et
1293 1764 1566 1812 secures
1603 1754 1667 1810 et
1714 1742 2042 1828 quicquid
2072 1765 2144 1810 se
2186 1741 2549 1822 obtulerat,
2592 1763 2713 1831 pro
2756 1744 2972 1811 armis
3022 1766 3139 1830 ac-

606 1830 969 1918 cepissent,
1008 1830 1334 1900 adversus
1373 1830 1621 1900 milites
1670 1831 2011 1929 prodeunt
2060 1831 2127 1897 in
2180 1829 2422 1898 aciem.
2460 1831 2711 1898 Deinde
2761 1833 3139 1903 commisso

607 1918 887 2007 praelio,
926 1917 1123 1986 multi
1171 1919 1450 2005 quidem,
1487 1920 1913 1998 interierunt,
1952 1919 2153 1988 etiam
2200 1918 2760 2007 Paphlagonum:
2817 1942 2897 1988 ex
2949 1921 3135 1988 mili-

607 2007 789 2076 tibus
839 2019 1063 2075 autem
1115 2029 1375 2086 omneS,
1419 2009 1658 2096 paucis
1697 2008 2016 2096 exceptis.
2057 2013 2192 2076 Hoc
2241 2024 2422 2096 ergo·
2458 2006 2738 2076 crudele
2786 2021 2850 2076 et
2904 2010 3135 2097 impu-

605 2095 774 2165 dens
825 2095 1114 2176 facinus,
1171 2117 1304 2164 non
1356 2096 1578 2166 solum
1628 2096 1813 2185 apud
1844 2118 1958 2166 eos
2005 2098 2124 2182 qui
2173 2110 2365 2164 erant
2401 2096 2626 2163 affecti
2678 2096 2961 2183 injuria.
3020 2098 3139 2166 sed

605 2185 808 2252 etiam
859 2183 1042 2273 apud
1103 2206 1216 2252 eos
1263 2185 1381 2268 qui
1433 2184 1837 2253 videbantur
1907 2186 2079 2253 bene
2140 2185 2310 2253 velle
2361 2184 2799 2263 Macedonio,
2860 2185 3137 2270 justum

607 2273 842 2342 odium
893 2273 1225 2341 excitavit.
1282 2279 1421 2342 Non
1464 2273 1591 2342 hoc
1654 2286 1883 2343 autem
1933 2274 2183 2354 solum,
2230 2272 2347 2342 sed
2396 2273 2598 2341 etiam
2645 2274 2829 2358 quod
2880 2290 3137 2363 corpus

608 2362 1075 2440 Constantini,
1133 2362 1476 2450 inprimis,
1537 2362 1843 2448 inquam,
1887 2363 1980 2451 pii
2032 2363 2471 2451 Imperatoris
2505 2361 2911 2449 (videbatur
2949 2365 3136 2432 enim

609 2451 831 2529 aedes,
871 2451 937 2519 in
974 2472 1110 2536 qua
1158 2463 1301 2519 erat
1331 2451 1563 2530 situm,
1606 2450 1857 2519 minari
1900 2450 2206 2541 ruinam)
2235 2464 2594 2540 acceptum
2629 2451 2777 2521 sine
2808 2452 2960 2542 ejus
2994 2474 3138 2522 sen-

609 2541 816 2609 tentia
849 2538 1286 2608 transtulerat
1333 2541 1402 2607 in
1453 2540 1787 2629 templum
1841 2544 1904 2608 S.
1944 2540 2188 2609 Aeacii.
2231 2546 2305 2608 Et
2336 2540 2665 2626 quoniam
2717 2562 2852 2608 non
2912 2541 3138 2630 place-

607 2628 722 2695 bat
768 2627 1091 2697 omnibus
1154 2628 1539 2697 translatio:
1613 2628 1729 2697 sed
1800 2628 2036 2698 multis
2097 2628 2457 2698 videbatur
2521 2628 2863 2717 impium,
2931 2630 3200 2698 effodi·

608 2740 894 2806 corpora
942 2730 1396 2796 mortuorum,
1441 2730 1505 2786 et
1555 2718 1849 2786 maxime
1904 2718 2341 2806 Imperatoris
2387 2718 2508 2804 qui
2557 2715 2684 2785 fuit
2735 2717 2980 2807 pietate
3030 2719 3140 2785 in-

608 2806 849 2894 signis,
917 2804 1095 2873 facta
1132 2818 1233 2874 est
1272 2827 1521 2895 magna
1569 2806 1835 2885 caedes,
1901 2817 1964 2873 et
2015 2805 2391 2875 multorum
2441 2818 2505 2874 et
2554 2807 2868 2895 gravium
2921 2806 3141 2876 malo—

609 2915 762 2961 rum
809 2915 986 2980 quae
1038 2893 1303 2974 fecerat,
1342 2894 1777 2964 Macedonius
1829 2915 2073 2984 parvas
2125 2894 2461 2980 quasdam
2515 2894 2642 2964 luit
2695 2916 2973 2984 poenaS,
3032 2895 3139 2963 di-

609 2982 888 3071 gnitatis
938 2981 1197 3050 scilicet
1229 2982 1751 3071 depositionem.

696 3072 730 3156 ξ
778 3074 924 3141 12.
979 3069 1257 3159 vigebat
1296 3084 1519 3140 tamen
1563 3093 1670 3139 res
1720 3071 1891 3139 Arrii
1922 3093 2039 3160 per
2073 3083 2282 3139 toturn
2320 3071 2691 3159 imperium
2730 3074 3134 3153 Constantii,

607 3172 670 3227 et
702 3157 928 3227 adhuc
978 3160 1198 3247 magis
1249 3161 1671 3249 temporibus
1703 3160 1903 3248 impii
1938 3158 2257 3239 Valentis,
2290 3159 2507 3228 donec
2555 3159 2639 3228 de
2689 3160 2807 3228 illo
2855 3161 3138 3247 quidem

607 3247 902 3336 sumpsit
943 3269 1197 3335 poenas
1227 3248 1461 3317 divina
1499 3249 1810 3337 justitia:
1849 3246 2307 3317 Theodosium
2342 3261 2569 3316 autem
2609 3249 2996 3338 Hispanum
3019 3250 3140 3337 ju—

607 3350 705 3403 sta
746 3336 1077 3404 sententia
1128 3338 1426 3405 Gratiani
1485 3338 1604 3422 qui
1661 3336 2191 3406 administrabat
2246 3336 2709 3416 Occidentem,
2747 3337 2833 3405 ad
2904 3338 3142 3408 sedem

605 3425 1123 3512 Imperatoriam
1178 3426 1475 3515 provexit
1538 3425 1854 3505 Orientis,
1924 3438 1988 3493 et
2038 3425 2197 3494 fidei
2258 3424 2680 3495 orthodoxae
2731 3448 2854 3515 per
2907 3427 3139 3516 ipsum

607 3514 819 3581 robur
865 3513 1206 3600 acquisiit.
1247 3513 1372 3582 Sed
1407 3514 1504 3583 sic
1551 3513 1828 3601 quidem
1881 3514 2052 3582 Arrii
2103 3513 2405 3583 haeresis
2454 3536 2631 3602 quae
2678 3515 3146 3604 quadraginta

606 3624 825 3670 annos
871 3601 1283 3759 depopulata
1333 3601 1552 3671 suerat
1601 3601 1935 3671 Ecclesias
2006 3603 2250 3691 pietate
2308 3603 2667 3673 Theodosii
2731 3602 2861 3673 fuit
2922 3616 3142 3673 exter-

608 3688 890 3771 minata,
929 3704 993 3760 et
1065 3691 1209 3760 ides
1258 3690 1642 3761 Orthodoxa
1691 3690 1819 3760 fuit
1865 3704 2185 3779 exornata
2258 3692 2404 3760 suis
2462 3693 2673 3779 justis
2726 3692 3135 3762 honoribus.

608 3784 983 3870 congregat
1022 3780 1250 3867 itaque
1298 3779 1478 3847 idem
1531 3780 1689 3869 pius
1739 3784 2116 3869 Imperator
2157 3779 2536 3869 Synodum,
2584 3779 2870 3850 studens
2919 3786 3144 3849 Mace-

609 3868 943 3938 donianos
984 3869 1051 3936 in
1102 3867 1536 3938 concordiam
1591 3867 1900 3958 redigere
1931 3890 2092 3937 cum
2141 3868 2547 3937 orthodoxis
2581 3881 2645 3937 et
2693 3869 2778 3937 iis
2827 3870 2947 3956 qui
2998 3881 3147 3938 tue·

609 3958 861 4026 bantur
911 3958 1374 4027 homousium.
1422 3955 1877 4038 Quamobrem
1930 3970 2122 4026 vocat
2160 3978 2275 4028 eos
2321 3957 2444 4043 qui
2494 3969 2854 4047 praeerant
2900 3978 3145 4027 eorum

610 4045 912 4118 haeresi:
966 4057 1031 4114 et
1061 4057 1530 4115 convenerunt
1575 4066 1656 4115 ex
1694 4044 2120 4127 orthodoxis,
2157 4045 2243 4115 ab
2281 4045 2690 4115 Alexandria
2721 4045 3003 4132 quidem
3034 4046 3147 4114 Ti-

613 4136 946 4213 motheus,
991 4134 1077 4204 ab
1123 4133 1572 4222 Jerosolymis
1604 4147 1835 4204 autem
1867 4133 2183 4224 Cyrillus,
2230 4134 2538 4205 Meletius
2586 4135 2673 4205 ab
2736 4134 3138 4203 Antiochia:

611 4222 979 4310 aderatque
1025 4223 1392 4312 Gregorius
1442 4222 1849 4321 Theologus,
1892 4234 1957 4291 et
1994 4222 2352 4292 Ascholius
2378 4223 3037 4303 Thessalonicensis,
3076 4236 3144 4292 et

612 4312 978 4401 Gregorius
1028 4316 1398 4400 Nyssenus,
1437 4312 1735 4381 etmulti
1765 4310 1908 4390 alii;
1938 4321 2133 4379 erant
2165 4310 2351 4382 enim
2385 4325 2662 4382 centum
2700 4325 2767 4382 et
2793 4310 3143 4398 quinqua-

613 4400 803 4488 ginta
848 4411 1081 4471 coetus
1128 4420 1363 4470 eorum
1429 4401 1817 4471 universus.
1895 4399 2283 4470 Haereticae
2348 4414 2575 4470 autem
2642 4413 2951 4470 catervae
2998 4399 3145 4471 dux
