3357 4995
677 327 822 415 244(
1297 368 1439 414 viu
1489 369 1544 414 s.
1598 367 2004 416 masmine
2052 368 2192 416 nse.
2250 367 2418 416 scor.
2474 357 2478 361 *
2780 350 2998 415 JUNII
3052 351 3139 413 40

592 452 753 522 Plus
805 453 988 521 enim
1055 452 1523 523 delectabatur
1585 452 1769 522 bono
1830 475 2069 543 opere,
2126 475 2336 546 quam
2399 453 2795 521 divitiarum
2861 474 3139 540 posses-

591 543 804 610 sione.
872 540 1118 609 Omnia
1188 562 1365 629 quae
1422 541 1801 622 decebant,
1882 542 2241 632 prudentis
2302 542 2579 632 reginae
2628 541 2918 630 imperio
2974 562 3141 631 age-

589 631 867 709 bantur,
907 630 1055 720 ejus
1113 630 1402 701 consilio
1460 630 1654 720 regni
1698 631 1861 719 jura
1907 631 2490 720 disponebantur,
2551 629 2739 699 illius
2794 630 3143 699 industria

591 719 833 808 religio
864 717 1100 787 divina
1125 719 1530 810 augebatur.
1586 719 1768 789 Nihil
1801 719 2176 789 illiusfide
2224 718 2519 799 firmiuS,
2568 718 2765 788 vultu
2814 731 3141 788 constan-

590 808 749 888 tius,
824 807 1150 896 patientia
1228 807 1654 889 tolerantiuS,
1717 807 2011 904 consilio
2075 808 2393 897 gravius,
2448 807 2781 877 sententia
2822 808 3134 896 justiuS,

589 895 932 981 colloquio
973 896 1384 984 jucundius

679 987 715 1071 ξ
767 989 855 1054 2.
903 989 978 1052 In
1032 985 1204 1063 loc0,
1242 985 1364 1053 ubi
1416 987 1697 1075 nuptiae
1745 986 1896 1075 ejus
1944 986 2215 1056 fuerant
2261 986 2639 1055 celebratae
2681 985 2735 1064 *‚
2790 985 2860 1051 in
2920 985 3141 1053 liono-

597 1094 740 1141 rem
776 1085 1050 1141 sanctae
1099 1074 1444 1142 Trinitatis
1494 1074 1791 1143 nobilem
1825 1075 2182 1145 ecclesiam
2218 1075 2619 1154 construxit,
2675 1095 2965 1160 eamque
3024 1095 3141 1141 va-

590 1162 724 1229 riis·
766 1163 1000 1250 magni
1053 1162 1252 1251 pretii
1291 1163 1713 1232 ornamentis
1762 1163 2143 1233 decoravit:
2213 1164 2282 1231 in
2352 1162 2608 1249 quibus
2659 1185 2738 1231 ex
2806 1161 3026 1231 solido
3074 1175 3143 1232 et

592 1255 768 1338 puro
821 1272 991 1318 auro
1059 1263 1123 1318 et
1183 1264 1465 1340 argento
1523 1274 1681 1320 vasa
1761 1274 1897 1321 non
1965 1274 2183 1342 pauca
2234 1251 2447 1322 fuisse
2508 1263 2813 1320 constat..
2853 1255 3143 1320 Crucem

590 1360 865 1424 quoque
930 1339 1259 1419 contulit,
1316 1362 1522 1425 quam
1575 1363 1745 1409 auro
1805 1354 1870 1409 et
1917 1339 2489 1410 interlucentibus
2548 1340 2842 1430 gemmis
2902 1340 3140 1409 vestiri

588 1429 874 1496 curavit.
923 1431 998 1494 ln
1050 1427 1207 1496 aliis
1232 1450 1505 1514 quoque
1535 1429 1929 1516 quibusque
1961 1429 2269 1499 ecclesiis
2311 1427 2692 1497 devotionis
2721 1449 2885 1497 suae
2935 1429 3143 1518 signa

589 1515 885 1602 reliquit.
942 1521 1153 1584 Tanta
1203 1538 1357 1585 vero
1405 1518 1466 1584 ei
1517 1518 1738 1586 inerat
1771 1542 1932 1587 cum
1967 1518 2404 1604 ‚jucunditate
2454 1517 2800 1596 severitaS,
2851 1529 2916 1585 et
2972 1539 3139 1585 cum

590 1604 944 1673 severitate
982 1605 1409 1694 jucunditaS,
1449 1618 1521 1675 ut
1567 1628 1833 1688 omnes,
1863 1609 1983 1693 qui
2031 1608 2100 1676 in
2136 1608 2287 1696 eJus
2334 1619 2527 1675 erant
2557 1605 2905 1692 obsequio,
2944 1604 3138 1673 illam
3201 1693 3207 1697 ἢ

589 1706 653 1761 et
704 1693 1006 1762 timendo
1056 1693 1443 1783 diligerent,
1498 1698 1561 1763 et
1612 1695 1966 1785 diligendo
2015 1696 2355 1775 timerent,
2391 1708 2595 1781 atque
2628 1695 2697 1761 in
2749 1695 2899 1783 ejus
2941 1715 3142 1783 prae-

592 1782 812 1850 sentia
863 1804 997 1851 non
1041 1782 1263 1852 solum
1301 1782 1472 1852 nihil
1522 1784 1985 1854 execrandum
2019 1784 2385 1871 quisquam
2420 1805 2633 1854 ausus
2662 1793 2838 1851 esset
2885 1782 3133 1860 facere,

591 1870 709 1938 sed
761 1893 982 1957 neque
1032 1885 1300 1971 turpem
1404 1871 1655 1942 roserre
1728 1895 2139 1942 sermonem.
2198 1872 2475 1943 Liberos
2524 1893 2685 1942 suos
2734 1892 2897 1941 cum
2944 1872 3143 1939 omni

593 1958 953 2048 diligentia
985 1961 1235 2029 nutriri
1264 1973 1329 2029 et
1412 1963 1667 2030 onestis
1701 1961 2010 2031 moribus
2050 1962 2318 2030 institui
2352 1961 2588 2040 voluit,
2626 1981 2878 2046 eosque
2907 1980 3143 2028 coram

592 2047 743 2146 ipsa
793 2049 1072 2138 saepius
1119 2048 1451 2118 adductos
1501 2050 1707 2118 fidem
1749 2050 1996 2121 Christi
2044 2051 2299 2132 docuit,
2355 2062 2566 2136 utque
2615 2049 2811 2117 illum
2869 2069 3147 2137 semper

593 2150 935 2218 timerent,
991 2151 1305 2206 accurate
1354 2138 1736 2207 admonuit.
1792 2139 2069 2218 Timete,
2131 2139 2388 2227 inquit,
2445 2160 2484 2207 o
2534 2138 2661 2206 filii
2711 2138 3133 2205 Dominum:

592 2228 922 2310 quoniam
976 2249 1109 2295 non
1146 2227 1274 2295 erit
1321 2227 1553 2316 inopia
1586 2227 1992 2297 timentibus
2038 2249 2221 2296 eum.
2252 2232 2327 2296 Et
2376 2229 2433 2295 si
2487 2225 2859 2295 dilexeritis
2912 2226 3139 2298 illum.

589 2315 975 2470 praesentis
1024 2315 1219 2383 vitae.
1250 2317 1795 2405 prosperitatem,
1836 2328 1900 2384 et
1946 2338 2105 2385 cum
2156 2315 2413 2385 sanctis
2460 2315 2608 2384 suis
2647 2326 2992 2383 aeternam
3032 2335 3147 2381 vo-

641 2403 699 2473 is
747 2403 985 2472 reddet
1016 2402 1436 2473 felicitatem.
1492 2409 1671 2473 Haec
1722 2404 1961 2473 matris
1994 2404 2357 2483 desideria,
2414 2404 2579 2472 haec
2619 2403 2860 2472 crebra
2907 2402 3149 2471 admo-

591 2491 784 2573 nitio,
841 2492 1008 2562 haec
1061 2516 1181 2583 pro
1216 2517 1342 2563 sua
1390 2493 1621 2563 sobole
1653 2493 2053 2580 quotidiana
2092 2508 2235 2563 erat
2298 2515 2458 2563 curn
2511 2493 2836 2581 lacrymis
2897 2491 3140 2571 orati0,

597 2596 672 2652 ut
705 2604 910 2653 suum
965 2588 1342 2652 Creatorem
1396 2597 1868 2673 agnoscerent,
1904 2606 1939 2650 a
2000 2582 2340 2653 noscendo
2371 2582 2692 2662 colerent,
2747 2579 3033 2650 colendo
3069 2581 3141 2647 in

594 2671 922 2740 omnibus
956 2670 1345 2760 diligerent,
1399 2686 1465 2740 et
1511 2671 1864 2760 diligendo
1898 2694 1935 2746 a
2025 2671 2579 2760 coelestis'regni
2637 2670 2926 2759 gloriam
2987 2690 3147 2758 per-

590 2759 925 2828 venirent.
973 2765 1181 2828 Nemo
1233 2760 1348 2828 illa
1399 2761 1466 2828 in
1522 2761 1676 2828 enio
1726 2772 1869 2828 erat
1918 2761 2390 2850 praestantior,
2439 2781 2637 2828 nemo
2672 2758 2942 2844 eloquio
2993 2756 3147 2826 illu-

592 2847 819 2928 strior,
869 2869 1096 2937 regem
1150 2850 1377 2939 ipsum
1430 2785 1520 2917 ag
1556 2850 1887 2937 justitiae,
1922 2849 2454 2927 misericordiae,
2512 2847 3138 2935 eleemosynarum,

590 2935 1024 3022 aliarumque
1074 2936 1300 3006 studia
1349 2949 1412 3006 et
1439 2948 1634 3007 actus
1676 2938 2006 3006 virtutum
2043 2937 2413 3027 instigavit,
2452 2950 2517 3005 et
2556 2941 2681 3004 Deo
2729 2957 2851 3004 coo
2904 2947 3142 3002 erante

590 3024 1386 3113 obtemperantissimum
1468 3025 1786 3094 reddidit.
1866 3026 2116 3095 Videns
2163 3026 2348 3093 enim
2411 3024 2527 3092 ille
2586 3025 2652 3091 in
2726 3046 2843 3093 cor
2895 3046 2929 3090 e
2990 3024 3146 3111 ejus

591 3134 828 3180 revera
876 3112 1218 3182 Christum
1269 3114 1601 3191 habitare,
1649 3114 1839 3182 illam
1882 3115 2125 3201 quovis
2173 3113 2377 3183 modo
2428 3112 2769 3182 offendere
2818 3111 3150 3180 formida-

589 3200 728 3281 bat,
772 3202 1080 3287 votisque
1126 3203 1276 3291 ejus
1310 3217 1373 3271 et
1412 3202 1728 3272 consiliis
1762 3204 1831 3270 in
1876 3204 2202 3271 omnibus
2249 3202 2526 3271 obedire
2575 3201 2915 3270 studebat.
2956 3205 3151 3283 Quae

592 3291 855 3380 respuit
904 3290 1045 3369 illa,
1098 3312 1172 3359 ea
1226 3303 1290 3359 et
1360 3292 1505 3381 ipse
1573 3313 1916 3380 respuere,
1971 3304 2033 3359 et
2083 3313 2258 3378 quae
2306 3290 2580 3359 amabat
2638 3290 2798 3369 illa,
2852 3308 2930 3357 ea
2983 3290 2999 3356 i
3068 3310 3145 3357 se

592 3378 830 3447 itidem
863 3400 1095 3447 amore
1130 3378 1319 3449 illius
1368 3403 1599 3449 amare
1657 3380 1950 3449 solebat:
2006 3380 2522 3465 delectabamue
2564 3377 2759 3448 illurn
2816 3377 3000 3446 niani
3060 3400 3150 3446 us

592 3479 1014 3567 contrectare
1060 3480 1123 3536 et
1153 3469 1388 3538 osculo
1423 3469 1728 3538 venerari
1782 3468 2063 3551 librum,
2098 3491 2175 3538 ex
2225 3491 2361 3555 quo
2397 3469 2632 3558 regina
2661 3468 2926 3556 precari
2974 3487 3149 3535 con-

598 3569 840 3625 suevit.

680 3647 716 3731 §
764 3650 856 3716 Β.
913 3652 1090 3736 Rege
1139 3668 1300 3716 cum
1352 3667 1604 3733 magno
1644 3646 1972 3715 comitatu
2021 3645 2255 3732 aliquo
2326 3645 2837 3734 proficiscente,
2905 3664 3151 3712 omnes

594 3734 882 3804 comites
930 3750 994 3805 et
1025 3734 1350 3805 satellites
1384 3734 1532 3824 ejus
1582 3747 1768 3802 tanta
1804 3736 2157 3804 severitate
2205 3734 2531 3813 coercuit,
2570 3746 2645 3803 ut
2674 3733 2911 3802 nullus
2952 3732 3151 3818 quic-

591 3844 803 3908 quam
849 3846 1108 3914 rapere,
1166 3822 1402 3891 nullus
1451 3825 1746 3892 rusticos
1788 3824 1887 3892 vel
1945 3846 2282 3979 paulperes
2326 3822 2671 3910 quoslibet
2734 3822 3001 3891 laedere
3041 3821 3147 3888 vel

592 3913 985 4000 opprimere
1047 3912 1348 3981 auderet.
1406 3916 1615 3979 Tanto
1664 3924 1895 3982 autern
1945 3911 2077 3982 faci
2110 3913 2218 3980 ius
2272 3925 2510 3981 sancta
2567 3911 2806 4000 regina
2864 3930 3151 3979 omnem

594 4000 843 4068 mundi
884 4023 1207 4091 pompam
1269 4000 1544 4090 sprevit,
1598 4012 1664 4069 et
1722 4013 2159 4090 peccatorum
2218 4001 2432 4069 evasit
2495 4000 2829 4077 maculaS‚
2884 4010 3152 4085 quanto

596 4090 844 4178 maJori
884 4112 1045 4160 cum
1084 4104 1372 4158 tremore
1403 4102 1466 4157 et
1501 4112 1749 4178 pavore
1780 4090 2172 4160 districtum
2201 4089 2453 4177 judicii
2488 4089 2672 4157 diem
2707 4100 2862 4157 ante
2894 4087 3153 4155 mentis

596 4177 830 4246 oculos
881 4179 1012 4247 sibi
1073 4179 1539 4253 indesinenter
1594 4179 2172 4269 repraesentabat.
2230 4179 2477 4247 Crebro
2524 4178 2726 4246 etiam
2794 4175 3153 4245 consessa-

597 4269 780 4334 rium
834 4290 1039 4337 suum
1091 4270 1397 4358 rogabat,
1426 4280 1501 4337 ut
1533 4268 1866 4354 quicquid
1906 4268 1974 4335 in
2029 4267 2250 4357 ipsius
2309 4265 2511 4335 dictis
2560 4278 2625 4335 et
2664 4265 2863 4334 factis
2921 4287 3156 4354 repre—-

597 4356 926 4426 hensione
976 4357 1268 4447 dignum
1319 4356 1718 4437 adverteret,
1778 4356 1840 4423 id
1885 4378 2045 4425 cum
2112 4355 2646 4445 reprehensione
2695 4366 2954 4423 secreto
3015 4354 3156 4442 ipsi

647 4479 671 4505 *
697 4481 1079 4529 Daunum-melem,
1102 4481 1182 4520 lat.
1209 4478 1607 4525 Fet-melinoduni,
1628 4479 1899 4529 quindecim
1926 4478 2205 4523 inminibus
2227 4479 2283 4520 ab
2303 4478 2604 4529 Ecumburgo.
