3357 4995
679 331 807 396 502
1279 349 1356 395 nn
1401 348 1775 396 NAnvmrs
1824 349 1879 396 s.
1931 346 2194 396 JOANNIS
2241 347 2419 394 narr.
2766 332 2804 394 J
2815 331 2986 397 UNII
3036 333 3118 397 24

590 431 674 501 ad
723 454 801 502 ea
856 454 1030 520 quae
1065 444 1226 502 sunt
1265 431 1439 501 mihi
1487 433 1671 508 usui.
1711 432 2109 522 adjumento
2157 431 2428 513 fuisses,
2473 441 2539 500 et
2583 430 2906 502 misertus
2935 455 3123 504 esses

588 543 823 591 eorum
864 522 984 608 qui
1034 519 1199 589 foris
1248 519 1758 611 lacrymantur:
1812 519 2212 610 affligereris
2262 542 2403 590 una
2452 542 2607 589 cum
2652 519 2738 589 iis
2776 523 2897 608 qui
2946 521 3122 590 affli-

640 620 868 678 untur.
925 609 1186 678 Recede
1223 609 1411 690 hinc,
1450 610 1568 696 qui
1622 632 1729 678 me
1780 623 2028 679 terres:
2064 608 2191 677 filii
2244 609 2505 679 nullam
2538 607 2717 677 duco
2753 611 3116 680 rationem.

589 633 721 766 {ur
743 697 914 767 mihi
949 697 1303 788 significas
1335 698 1914 788 promissionem?
1945 697 2118 780 Quid
2152 697 2335 766 enim
2372 696 2753 768 lucrifaciet
2789 699 3114 788 populus,

589 786 648 855 si
694 808 818 876 ego
866 786 1170 856 habuero
1219 786 1494 856 filium?
1531 792 1880 870 Quaenam
1915 786 1999 854 ad
2049 808 2163 855 eos
2212 786 2459 856 redibit
2488 785 2772 867 utilitaS,
2814 787 2873 855 si
2908 787 3123 856 Eliza-

589 873 747 943 beth
793 874 1120 945 infantem
1159 874 1545 944 lactaverit?
1592 875 1767 958 Quid
1820 875 2158 964 accipient
2202 875 2584 954 commodi,
2637 876 2692 944 si
2742 897 2867 965 ego
2901 875 3122 945 facul-

592 975 806 1033 tatum
843 963 1203 1033 haeredem
1242 963 1580 1051 reliquero
1605 967 1636 1031 ?
1685 964 1944 1033 Recede
1991 984 2175 1054 erg0‚
2214 963 2333 1051 qui
2368 985 2474 1032 me
2511 977 2741 1045 terreS,
2795 964 3121 1050 quicum-

639 1074 723 1121 ue
780 1052 896 1122 sis.
955 1058 1207 1123 Sumus
1246 1054 1391 1141 jam
1456 1066 1807 1142 provectae
1854 1052 2123 1122 aetatis:
2193 1052 2539 1142 praeteriit
2602 1065 2870 1143 tempus
2921 1054 3122 1143 cupi-

588 1074 856 1212 ditatis:
912 1153 1184 1231 tempus
1241 1140 1662 1231 refrigeravit
1714 1140 2035 1220 calorem,
2104 1139 2400 1210 fructum
2453 1141 2723 1230 negavit
2767 1141 3113 1222 sterilitaS,

589 1242 832 1298 natura
876 1251 1107 1301 secum
1159 1230 1439 1320 agitavit
1487 1229 1915 1299 seditionem.
1977 1229 2168 1312 Quod
2213 1251 2374 1320 ergo
2424 1250 2560 1298 non
2613 1229 2932 1319 produxit
2999 1233 3119 1321 ju-

590 1330 834 1387 ventus
872 1318 1218 1406 quomodo
1266 1318 1678 1407 germinabit
1727 1318 2090 1389 senectus?

675 1409 710 1493 ξ
757 1408 841 1475 4.
899 1405 1022 1475 Sed
1079 1407 1244 1475 haec
1292 1407 1571 1492 quidem
1647 1407 1880 1476 animo
1951 1406 2252 1497 agitabat
2297 1419 2363 1476 et
2409 1405 2679 1475 dicebat
2725 1407 3108 1477 Zacharias.

592 1494 665 1563 Ei
714 1507 940 1563 autem
993 1495 1163 1563 dixit
1200 1495 1527 1585 Angelus:
1581 1501 1669 1564 Ne
1735 1496 1972 1564 timeas
2018 1494 2362 1577 Zacharia,
2421 1516 2638 1581 neque
2682 1496 3117 1565 conturberis

589 1583 1152 1672 cogitationibus:
1211 1606 1365 1653 sum
1424 1584 1608 1652 enim
1667 1584 1962 1673 Angelus
2011 1582 2210 1665 lucis,
2275 1605 2408 1651 non
2463 1582 2923 1653 tenebrarum.
2979 1590 3117 1673 Ego

590 1693 741 1740 sum
795 1672 1088 1750 Gabriel,
1128 1694 1314 1741 unus
1350 1694 1429 1740 ex
1465 1672 1898 1773 principibus
1947 1674 2151 1761 Regis
2199 1672 2542 1743 coelestis:
2568 1673 2849 1771 jussum
2880 1673 3110 1753 affetu,
3152 1692 3157 1695 ·

592 1781 725 1827 non
785 1781 931 1829 mea
956 1760 1168 1850 jubeo
1223 1773 1663 1830 auctoritate:
1720 1762 1974 1830 missus
2017 1783 2168 1830 sum
2221 1760 2303 1829 ad
2349 1761 2471 1830 tibi
2526 1761 3110 1850 significandum:

589 1870 724 1916 non
758 1861 981 1917 autem
1021 1848 1100 1917 ad
1158 1861 1409 1918 metum
1463 1849 1583 1918 tibi
1636 1849 2110 1919 incutiendum
2162 1849 2340 1918 hanc
2399 1849 2593 1918 indui
2642 1849 2964 1940 figuram.
3025 1855 3116 1918 Ne

591 1937 829 2005 timeas
867 1937 1227 2006 Zacharia:
1285 1938 1539 2009 missus
1566 1959 1720 2005 sum
1753 1937 1835 2006 ad
1883 1939 2004 2006 tibi
2040 1938 2541 2018 nunciandum,
2581 1960 2714 2007 non
2765 1951 2991 2008 autem
3026 1939 3110 2007 ad

590 2037 651 2093 te
706 2025 1414 2116 obstupefaciendum.
1479 2025 1741 2096 Profers
1794 2041 2235 2106 senectutem,
2279 2039 2344 2096 et
2389 2039 2674 2095 aetatem
2715 2048 2848 2097 non
2882 2040 3110 2116 aptam

587 2115 1033 2269 generationi,
1086 2127 1149 2182 et
1200 2115 1547 2184 matricem
1601 2137 1777 2201 quae
1828 2137 2057 2184 semen
2102 2137 2232 2184 nou
2271 2114 2580 2204 suscipit.
2639 2116 2806 2197 Quis
2853 2129 3104 2195 autem,

620 2202 748 2272 icet
799 2203 975 2284 velit,
1016 2203 1340 2293 generat?
1390 2204 1500 2270 Dei
1560 2216 1661 2273 est
1709 2203 1995 2284 donum,
2033 2226 2166 2271 non
2203 2204 2551 2272 inventum
2591 2203 2914 2273 hominis.
2969 2208 3108 2273 Non

589 2290 911 2360 audivisti
968 2292 1326 2359 Dominum
1378 2291 1746 2360 dicentem·
1812 2297 1948 2382 Ego
2002 2315 2182 2371 sum,
2230 2294 2349 2378 qui
2407 2291 2580 2360 facio
2623 2292 2998 2371 hominem,
3050 2304 3116 2361 et

591 2378 777 2468 fingo
832 2381 1148 2469 spiritum
1206 2380 1269 2447 in
1324 2379 1650 2448 homine?
1709 2385 1845 2449 Non
1900 2380 2123 2450 credis
2172 2381 2533 2450 Zacharia?
2566 2381 2920 2463 Quomodo
2980 2381 3114 2450 for-

592 2480 819 2538 matus
865 2481 963 2540 est
994 2467 1245 2537 Adam?
1284 2468 1635 2551 Quomodo
1685 2480 1908 2539 creata
1955 2484 2056 2540 est
2102 2473 2276 2539 Eva?
2322 2469 2675 2552 Quomodo
2709 2469 2982 2561 genitus
3015 2481 3115 2539 est

592 2558 826 2626 Isaac?
873 2563 1036 2627 Cum
1089 2558 1419 2626 audiisset
1457 2558 1821 2639 Abraham,
1880 2581 2011 2627 non
2064 2571 2164 2627 est
2203 2580 2321 2647 spe
2374 2558 2721 2649 deceptus,
2779 2572 2843 2628 et
2882 2570 2955 2627 tu
3006 2581 3115 2629 sa-

590 2646 830 2715 cerdos
861 2669 992 2716 non
1027 2646 1296 2715 credis?
1334 2652 1474 2715 Non
1508 2663 1608 2714 est
1634 2646 2062 2748 impossibile
2108 2647 2291 2736 apud
2329 2652 2536 2718 Deum
2566 2669 2769 2715 omne
2800 2646 3107 2716 verbum.

589 2740 869 2824 Propter
916 2747 1327 2804 senectutem
1380 2735 1816 2816 contradicis,
1853 2758 1892 2803 o
1941 2736 2284 2817 Zacharia,
2337 2748 2402 2804 et
2438 2758 2690 2824 corpus
2722 2748 3108 2804 emortuum

589 2823 747 2913 plus
780 2824 1023 2893 statuis
1054 2845 1251 2912 posse
1275 2822 1564 2902 efficere,
1595 2846 1802 2911 quam
1848 2827 2109 2893 Deum?
2151 2824 2217 2892 Si
2260 2847 2391 2893 non
2427 2824 2711 2895 vidisses
2741 2822 3103 2903 Abraham,

589 2924 766 2980 recte
816 2912 1225 2981 dubitasses,
1280 2912 1665 2981 Naturalem
1723 2911 1980 3001 profers
2023 2912 2581 2993 imbecillitatem,
2634 2925 2695 2980 et
2740 2933 2898 2979 cum
2929 2910 3112 2979 adsit

587 3000 820 3068 divina
858 3000 1242 3090 promissio.
1272 3022 1431 3068 .non
1469 3000 1733 3070 credis?
1767 3001 1895 3082 Qui
1925 3023 2131 3090 parva
2169 3001 2441 3090 petiisti,
2478 3022 2725 3091 magna
2772 2998 3017 3080 sumiS,
3047 3011 3114 3068 et

589 3087 882 3169 clamaS,
940 3102 1261 3175 tanquam
1313 3089 1431 3176 qui
1482 3089 1813 3157 damnum
1876 3089 2202 3178 patiaris?
2250 3095 2349 3159 Tu
2393 3089 2713 3159 Zacharia
2784 3109 2941 3157 oras
2988 3110 3114 3177 pro

588 3174 731 3245 solo
766 3177 1018 3266 populo
1054 3177 1378 3246 ludaico:
1414 3182 1549 3266 Ego
1579 3188 1805 3245 autem
1837 3178 2021 3245 hunc
2063 3177 2317 3246 bonum
2353 3178 2474 3247 tibi
2516 3180 2723 3248 affero
2747 3177 3108 3258 nuncium,

588 3265 927 3334 Pertinere
976 3264 1261 3334 salutem
1301 3265 1380 3333 ad
1435 3287 1673 3334 omnes
1705 3279 1962 3355 gentes.

675 3356 711 3440 ξ
758 3358 842 3424 ὅ.
897 3352 1252 3422 Zacharias
1302 3366 1525 3423 autem
1564 3377 1724 3423 cum
1761 3353 1926 3423 haec
1974 3354 2327 3433 audiisset,
2372 3365 2435 3423 et
2475 3367 2829 3445 aspectum
2913 3376 3112 3423 arum

593 3440 965 3522 avertisset,
1019 3441 1188 3511 dixit
1223 3442 1643 3532 respondens
1693 3443 1987 3532 Angelo:
2029 3443 2201 3525 Quid
2253 3442 2449 3521 dicis,
2504 3466 2543 3511 o
2592 3443 2839 3534 Angele
2945 3448 3118 3511 Uxor

592 3552 740 3598 mea
789 3532 1055 3620 pariet?
1122 3552 1289 3599 num
1340 3553 1463 3621 ego
1514 3545 1868 3621 propterea
1922 3533 2153 3600 oravi?
2199 3554 2285 3599 an
2336 3531 2644 3601 suffitum
2705 3553 2940 3601 moveo
2989 3531 3115 3599 hac

589 3617 672 3686 de
701 3641 950 3688 causa:
1008 3624 1147 3687 Meo
1181 3619 1475 3709 fungens
1507 3620 1754 3700 officio,
1792 3619 2055 3710 populo·
2082 3620 2330 3689 bonam
2369 3644 2558 3710 spem
2602 3620 2835 3699 afferO,
2874 3633 2938 3690 et
2968 3632 3116 3708 peto

590 3706 855 3776 veniam
922 3721 1394 3797 peccatorum,
1454 3730 1587 3777 non
1655 3708 2064 3778 solutionem
2135 3708 2446 3779 desidero
2495 3708 2895 3778 sterilitatis,
2956 3708 3118 3777 Volo

590 3816 809 3864 meam
856 3795 1062 3865 levari
1115 3819 1559 3887 synagogam,
1590 3819 1722 3865 non
1763 3811 2250 3887 praegnantem
2286 3798 2461 3867 effici
2493 3797 2861 3867 Elizabeth.
2900 3802 3112 3886 RogO,

590 3884 931 3953 sauciatae
980 3897 1053 3954 ut
1087 3897 1416 3954 curentur
1462 3885 1757 3967 animae,
1796 3908 1927 3954 non
1983 3899 2055 3954 ut
2089 3887 2386 3955 exiccata
2422 3886 2637 3955 ubera
2672 3885 2842 3956 lacte
2872 3886 3113 3953 fluant.

592 3972 767 4054 Quid
816 3973 1011 4051 dicis,
1068 3995 1107 4042 o
1149 3973 1436 4063 Angele‘?
1481 3979 1653 4043 Uxor
1704 3997 1850 4043 mea
1895 3974 2159 4065 pariet?
2211 3974 2470 4062 etquid
2510 3974 2939 4043 lucrifacient
2997 3973 3122 4060 qui

589 4060 751 4129 foris
789 4064 1204 4151 precantur?
1250 4062 1595 4148 Numquid
1646 4086 1803 4131 cum
1857 4063 2224 4144 audierint,
2264 4086 2370 4132 me
2399 4064 2691 4132 obruent
2740 4062 3113 4153 lapidibus.

589 4149 913 4232 dicentes,
978 4174 1085 4219 me
1137 4172 1269 4219 non
1343 4173 1534 4219 orare
1602 4173 1725 4241 pro
1782 4152 1952 4241 ipsis
2002 4164 2065 4219 et
2112 4152 2464 4219 communi
2519 4150 2773 4232 salute,
2827 4150 2944 4220 sed
2998 4172 3120 4240 pro

589 4239 851 4329 meipso
918 4239 1082 4318 solo,
1136 4252 1200 4308 et
1267 4262 1374 4307 me
1425 4261 1559 4308 non
1625 4241 1903 4309 verbum
1963 4240 2308 4329 accepisse
2379 4238 2492 4308 sed
2568 4238 2873 4309 foetum?
2919 4238 3125 4309 Nulla

588 4327 760 4396 mihi
823 4350 929 4397 res
962 4342 1062 4397 est
1095 4350 1254 4397 cum
1316 4327 1686 4397 liberorum
1742 4328 2198 4418 susceptione.
2254 4327 2462 4409 Absit,
2516 4328 2645 4397 hoc
2688 4328 2867 4397 nolo.
2924 4327 3119 4410 Quod

589 4430 905 4505 precatus
940 4439 1118 4498 sum,
1157 4438 1292 4485 non
1341 4417 1597 4506 accepi,
1651 4429 1716 4485 et
1752 4436 1934 4486 nunc
1987 4416 2156 4485 mihi
2206 4416 2559 4500 significas
2592 4416 2727 4487 alia
2772 4438 2893 4505 pro
2933 4415 3117 4485 aliis.
