3357 4995
651 304 776 370 486
869 261 874 268 ’
1107 309 1110 312 ’
1359 323 1437 369 nn
1483 323 1542 370 s.
1594 321 1960 371 Noni-annm
2008 320 2304 372 nmscoro
2791 285 3010 372 JUNII
3062 306 3103 370 6

558 407 743 495 quod
785 408 1026 498 potuit,
1080 420 1145 477 et
1191 421 1525 496 quantum
1577 408 1637 477 ei
1673 414 1850 479 Deus
1939 406 2558 480 ermittere'voluit.
2619 406 2931 480 Nondum
2989 430 3104 479 ve-

559 497 663 566 nit
710 496 877 566 hora
926 518 1108 566 mea:
1164 497 1280 566 sed
1317 497 1438 584 qui
1483 497 1822 568 miserunt
1868 498 2091 578 ilum,
2148 519 2281 566 non
2333 497 2691 567 dormiunt
2740 519 2864 567 nec
2913 497 3107 585 quie-

559 599 785 665 scunt,
840 584 1056 654 donec
1091 585 1482 677 opprobriis
1529 586 1888 668 satientur,
1934 597 1998 656 et
2050 608 2159 655 me
2208 586 2307 655 vel
2362 586 2563 655 morti
2613 586 2911 666 tradant,
2966 586 3096 666 vel,

559 673 981 831 siddiivinum
1057 674 1146 744 sit
1210 697 1412 764 opus,
1466 675 1650 763 quod
1710 675 1940 765 agitur
1991 674 2074 744 de
2133 698 2241 743 me
2316 674 2670 744 manifeste
2731 675 3102 765 probatum

559 784 631 832 re
732 775 872 831 ant.
922 786 957 829 »
2164 770 2169 777 '
3124 777 3145 790 ²

649 859 686 932 ἓ
734 855 903 924 50.
958 852 1253 923 Orbatus
1274 875 1437 943 grex
1478 853 1780 954 pusillus
1814 853 2505 924 praemonstratensis
2544 852 2875 922 ecclesiae
2917 864 3105 922 tanto

562 953 777 1031 patre,
816 941 1043 1030 ipsum
1100 943 1241 1031 perx
1266 942 1626 1012 biennium
1682 942 2015 1032 patienter
2071 941 2542 1040 expectabant,
2590 940 2775 1012 aliis.
2806 963 2885 1009 ex
2936 941 3107 1030 ipsis

560 1051 723 1099 cum
771 1029 1191 1115 quibusdam
1256 1030 1689 1101 secularibus
1750 1030 2185 1101 dicentibus:
2241 1031 2615 1100 subsistere
2666 1051 3107 1117 nequaquam

491 1117 498 1124 ’
562 1119 965 1208 poterimus,
1019 1118 1182 1204 quia
1245 1118 1600 1190 recedente
1651 1135 1941 1209 pastore,
1994 1142 2151 1190 oves
2200 1120 2389 1189 abire
2450 1119 2673 1190 'solent
2720 1119 2791 1194 in
2841 1118 3107 1209 disper-

565 1208 863 1278 sionem:
919 1206 1038 1276 alii
1089 1206 1360 1276 nullum
1415 1208 1850 1297 magistrum,
1907 1209 2047 1278 nisi·
2072 1209 2344 1299 ipsum:
2398 1207 2513 1277 alii
2545 1208 2629 1278 de
2664 1209 2813 1298 ipso
2861 1206 3108 1298 despe'-

566 1309 817 1375 ranteS,
855 1295 1071 1365 alium
1107 1294 1422 1366 volebant
1445 1297 1533 1365 eli
1585 1318 1721 1367 ere.
1768 1298 1956 1380 Quod
1991 1320 2149 1366 cum
2186 1299 2328 1367 viro
2371 1298 2485 1365 Dei
2515 1297 2804 1367 relatum
2836 1296 3101 1376 fuisset,

565 1385 814 1454 timens
866 1405 948 1453 ne
979 1397 1337 1466 aresceret,
1378 1407 1524 1471 ,quo
1622 1408 1659 1454 a
1697 1391 1828 1456 Deo
1865 1408 1984 1476 per
2032 1386 2259 1476 ipsum
2314 1386 2694 1477 plantatum
2748 1384 2992 1466 fuerat,
3048 1386 3108 1454 si

567 1473 797 1542 adhuc
851 1494 998 1542 rore
1046 1473 1262 1541 divini
1324 1472 1596 1544 consilii
1653 1497 1790 1545 non
1841 1475 2404 1565 perfunderetur:
2459 1474 2807 1545 advocatis
2878 1473 2962 1543 ad
3027 1475 3108 1544 'se

566 1562 986 1649 quibusdam
1039 1584 1116 1631 ex
1155 1563 1502 1653 prioribus
1534 1576 1600 1632 et
1648 1564 1930 1654 majoris
1962 1577 2028 1632 et
2075 1563 2370 1635 sanioris
2418 1562 2690 1632 consilii
2750 1562 3101 1642 fra‘tribuS,

566 1651 1007 1741 perquirebat
1053 1651 1139 1720 ab
1178 1652 1300 1730 eis,
1355 1652 1520 1739 quid
1573 1650 1749 1721 facto
1787 1675 1962 1743 opus
1991 1666 2188 1732 esset,
2227 1652 2628 1740 singulatim
2666 1655 3109 1742 perscrutans
3180 1678 3185 1683 ·

565 1740 649 1808 de
701 1739 1170 1809 voluntatibus
1229 1761 1494 1819 eorum,
1550 1752 1625 1810 ut
1684 1763 1803 1830 per
1849 1742 2082 1811 omnia
2138 1742 2205 1810 in
2274 1741 2672 1811 definitione
2721 1742 2830 1810 sui
2878 1741 3108 1830 operis

564 1828 813 1898 certior
865 1828 1283 1897 redderetur.
1341 1832 1646 1916 Cumque
1693 1829 2133 1900 intellexisset
2173 1829 2345 1899 alios
2395 1852 2626 1900 secum
2690 1829 2860 1899 velle
2909 1829 3110 1899 habi-

564 1931 729 1996 tare,
784 1916 954 1986 alios
986 1917 1274 1987 consilio
1324 1938 1448 1987 suo
1478 1917 1644 1986 alibi
1688 1917 1854 1989 velle
1883 1918 2124 1998 vivere,
2150 1917 2336 1989 walios
2374 1921 2758 2008 propositae
2809 1940 3107 2009 pauper-

564 2007 722 2077 tatis
771 2020 998 2074 votum
1052 2005 1225 2075 velle
1273 2019 1520 2085 tenere,
1587 2007 1925 2096 plurimos
1976 2019 2197 2076 tamen
2258 2009 2387 2078 sub
2429 2020 2610 2077 certo
2671 2008 3000 2097 magistro
3045 2018 3114 2075 et

566 2093 940 2184 disciplina
988 2095 1309 2164 eumdem
1362 2098 1785 2184 paupertatis
1826 2108 2125 2166 tenorem
2175 2096 2347 2164 velle
2403 2096 2785 2174 observare,
2846 2096 3113 2167 remisit

565 2206 682 2253 eos
722 2183 805 2252 ad
868 2184 1093 2252 locum
1148 2204 1377 2264 suum,
1421 2184 1661 2273 paucis
1703 2207 1934 2255 secum
1972 2185 2272 2264 retentiS,
2309 2183 2394 2253 ad
2438 2186 2626 2275 pacis
2660 2198 2723 2253 et
2755 2184 3113 2254 unanimi-

565 2273 722 2343 tatis
771 2271 1078 2341 studium
1116 2272 1362 2342 iterum
1414 2286 1617 2360 atque
1664 2273 1912 2343 iterum
1964 2295 2077 2343 eos
2112 2273 2509 2354 adhortans,
2565 2287 2640 2342 ut
2686 2295 2848 2343 cum
2889 2274 2990 2343 eis
3026 2273 3113 2342 ab

568 2362 718 2451 ipso
787 2360 1078 2431 facultas
1140 2360 1439 2451 eligendi
1505 2374 1768 2451 patrem
1836 2384 2161 2431 concessa
2210 2361 2453 2442 fuerit,
2509 2360 2880 2432 concordia
2946 2368 3116 2432 Jesu

564 2449 812 2521 Christi
843 2462 909 2519 et
960 2449 1257 2531 dilectio,
1311 2472 1519 2538 quam
1569 2450 1937 2531 docuisset,
1994 2452 2063 2520 in
2128 2452 2298 2541 ipsis
2341 2451 2806 2529 inveniretur.
2863 2456 3111 2522 Reces-

563 2551 801 2611 serunt
847 2539 972 2620 illi,
1038 2541 1375 2619 et,bonus
1408 2552 1597 2630 pater
1647 2562 1779 2610 non
1821 2541 2185 2610 immemor
2222 2541 2552 2619 filiorum,
2592 2563 2770 2627 quos
2798 2541 2869 2609 in
2923 2540 3112 2609 Chri-

563 2643 667 2698 sto
716 2642 1068 2719 genuerat,
1125 2651 1207 2697 ne
1256 2628 1378 2699 diu
1447 2631 1709 2718 absque
1760 2630 2088 2719 magistro
2153 2643 2609 2710 remanerent,
2682 2628 2921 2699 fideles
2971 2649 3111 2696 non

561 2718 685 2786 diu
735 2730 887 2809 post
937 2718 1227 2788 nuncios
1275 2717 1358 2787 ad
1394 2739 1510 2787 eos
1561 2719 1769 2797 misit,
1827 2718 1947 2805 qui
2004 2731 2069 2787 et
2123 2718 2422 2808 eligendi
2478 2717 2894 2798 facultatem,
2932 2716 3114 2785 etde

563 2807 714 2897 ipsa
768 2806 1098 2875 electione
1159 2808 1309 2896 ejus
1360 2806 1748 2877 indicarent
1788 2806 2257 2877 voluntatem.
2332 2807 2673 2876 Electione
2729 2807 2939 2896 igitur
2987 2812 3114 2896 a‘p-

561 2896 843 2984 probata
904 2918 940 2964 a
995 2894 1157 2964 filiis
1211 2908 1288 2964 ut
1323 2908 1468 2964 erat
1517 2919 1554 2964 a
1605 2908 1796 2986 patre
1844 2895 2046 2966 datus
2096 2917 2446 2976 assensuS,
2516 2896 2763 2965 reversi
2805 2911 2969 2964 sunt
3025 2895 3115 2963 ad

559 3006 717 3053 eum
779 2985 899 3070 qui
961 2981 1229 3082 fuerant
1299 2985 1518 3066 missi,
1576 2984 1944 3055 voluntatis
1991 2985 2141 3073 ejus
2195 2982 3116 3074 praeceptum.completum

559 3094 710 3142 esse
771 3085 1203 3142 nunciantes.
2007 3092 2015 3099 ⁸

649 3162 684 3247 ξ
731 3167 874 3233 51.
929 3161 1237 3230 Habebat
1267 3175 1493 3231 autem
1549 3162 1696 3252 ipse
1730 3161 2025 3232 electum
2062 3183 2323 3241 secum,
2370 3161 2488 3231 sed
2531 3173 2756 3231 tamen
2794 3182 2934 3229 rem
2971 3159 3141 3248 dis—4

562 3249 878 3318 simulari
920 3248 1133 3338 jussit
1169 3272 1288 3338 per
1318 3250 1579 3336 aliquot
1627 3250 1798 3331 dies,
1833 3272 1955 3320 nec
1998 3249 2100 3318 illi
2131 3250 2344 3320 electo
2377 3249 2696 3319 indicari.
2734 3249 3117 3320 Consilium

561 3337 646 3407 ad
701 3349 971 3426 tempus
1009 3338 1506 3419 occultabatur,
1570 3361 1705 3408 non
1759 3353 1987 3409 tamen
2026 3339 2388 3429 ignorabat
2435 3338 2694 3409 electus
2749 3338 2888 3418 ille,
2945 3337 3117 3424 quid

563 3426 646 3495 de
681 3448 753 3496 se
802 3426 1055 3509 factum
1105 3440 1304 3507 esset,
1345 3428 1664 3514 quamvis
1695 3449 1837 3496 rem
1889 3428 2088 3497 tacite
2136 3427 2625 3507 consideraret,
2679 3427 2915 3496 divina
2953 3425 3117 3496 edo-

559 3528 713 3585 ctus
763 3516 1192 3585 revelatione.
1234 3516 1586 3585 Asserebat
1639 3514 1961 3603 denique,
2028 3517 2210 3603 quod
2268 3537 2470 3586 mane
2517 3516 2629 3585 die
2678 3515 2797 3586 illo
2845 3514 3120 3601 quode

563 3605 737 3692 ipso‘
778 3603 953 3673 facta
1001 3604 1130 3674 fuit
1184 3604 1446 3685 electi0‚
1502 3606 1795 3675 stetisset
1847 3606 1913 3673 in
1978 3606 2244 3676 visione
2291 3627 2520 3675 eoram
2582 3604 2727 3675 filio
2800 3603 2910 3673 Dei
2948 3609 3119 3673 Jesu

562 3693 849 3773 Christo,
903 3715 1061 3762 cum
1108 3706 1296 3782 patre
1326 3707 1391 3763 et
1441 3696 1772 3784 magistro
1822 3716 1950 3763 suo
1999 3694 2933 3783 Nortberto.,Extendensque
2967 3713 3116 3791 ma-

562 3803 729 3849 num
782 3803 980 3850 suam
1033 3782 1378 3852 dexteram
1429 3788 1656 3862 Jesus,
1718 3783 2093 3873 recipiebat
2148 3783 2426 3854 fratrem
2472 3782 2696 3862 illurn,
2749 3805 2788 3851 a
2827 3792 3119 3852 caeteris

558 3869 886 3968 fratribus
934 3871 1253 3951 electum,
1308 3871 1392 3939 de
1439 3893 1647 3940 manu
1688 3870 1811 3939 viri
1865 3872 2004 3952 Dei,
2040 3871 2368 3942 dicentis:
2425 3871 2618 3961 Apud
2671 3884 2757 3952 te,
2801 3870 3112 3949 Domine,

559 3958 729 4026 umbi
781 3959 1236 4029 commissum
1301 3972 1456 4029 tuae
1518 3961 1997 4030 sanctissimae
2072 3961 2409 4031 ma‘estati
2471 3971 2933 4050 repraesento.
2997 3964 3122 4028 Per

557 4046 684 4116 hoc
711 4048 857 4137 jam
904 4048 1364 4137 proculdubio
1399 4049 1576 4119 scire
1625 4061 1911 4137 poterat,
1951 4048 2122 4138 quid
2215 4070 2252 4117 e
2295 4050 2443 4139 ipse
2476 4049 2713 4118 divina
2769 4048 3122 4118 miseratio

554 4136 1045 4208 constituisset.
1086 4137 1260 4219 Quid
1301 4137 1553 4228 plura?
1587 4138 1782 4208 Venit
1829 4137 2002 4219 dies,
2045 4138 2114 4206 in
2153 4159 2292 4225 qua
2344 4137 2605 4228 placuit
2651 4137 2922 4208 homini
2970 4136 3113 4217 Dei,

555 4225 741 4312 quod
791 4238 1129 4314 coeperat,
1203 4226 1549 4317 perficere.
1606 4227 2145 4315 Convocatisque
2194 4225 2527 4297 fratribus
2584 4248 2759 4315 quos
2819 4226 3126 4296 habebat

559 4336 822 4392 secum,
875 4314 1247 4384 consilium
1310 4337 1517 4386 suum
1569 4314 1896 4387 indicavit
1946 4315 2068 4386 eis.
2126 4319 2204 4384 Et
2256 4315 2583 4386 advocato
2647 4316 2864 4385 electo
2896 4369 2911 4394 ,
2974 4314 3118 4384 ait:

570 4430 593 4467 a
621 4408 721 4471 Tu
755 4403 925 4472 mihi
957 4403 1286 4490 succedes
1318 4403 1649 4474 electione
1691 4404 1980 4474 fratrum
2018 4416 2295 4473 tuorum
2330 4404 2399 4472 in
2437 4405 2644 4473 domo
2694 4404 3126 4495 paupertatis
