3357 4995
675 331 759 396 78
1139 345 1480 396 raansmr.
1534 347 1626 395 ss.
1682 348 1796 395 33.
1850 344 2036 395 rmm
2082 346 2157 393 ET
2204 343 2582 393 maenum
2825 322 3043 392 JUMI
3095 329 3136 392 2

585 427 905 509 facerent,
958 440 1077 498 aut
1138 427 1493 517 prohibuit
1539 449 1626 496 ne
1672 426 2019 508 facerent,
2120 418 2236 496 u'ia
2286 425 2591 516 populus
2638 424 2752 495 hic
2802 447 2924 515 per
2970 447 3139 495 con-

587 517 961 587 tumaciam
997 515 1342 586 mandatis
1389 516 1540 606 ejus
1589 516 1994 586 inobediens
2042 538 2078 585 e
2131 527 2324 587 ectus
2356 526 2482 595 est,
2530 514 2876 604 permissi,
2915 515 3137 584 immo

575 605 759 695 jussi
806 627 1051 676 sumus
1089 627 1169 675 ea
1215 604 1439 676 facere
1484 605 1557 674 in
1601 606 1806 674 rebus
1854 604 2208 684 humanis,
2263 624 2441 691 quae
2474 603 2798 693 superius
2847 623 3135 673 enume-

584 695 752 775 ravi,
818 707 896 765 ut
942 694 1274 784 perfidiae
1323 714 1488 764 suae
1538 714 1794 784 poenas
1843 694 2060 763 luant.
2133 698 2307 763 Sunt
2370 691 2558 761 enim
2615 690 2862 781 perfidi
2925 703 3135 778 atque

584 782 975 864 mendaces
1030 805 1189 853 cum
1244 782 1369 852 hoc
1405 803 1674 852 servare
1720 803 1857 851 non
1908 795 2157 851 curant
2202 780 2386 868 quod
2438 781 2508 849 in
2559 780 2905 870 baptismo
2967 802 3131 869 pro-

585 872 945 941 miserunt.
1000 876 1181 941 Haec
1229 871 1463 941 omnia
1509 870 1801 940 daemon
1865 891 1986 961 per
2048 871 2507 940 osbarbarae
2569 869 2841 960 puellae
2888 869 3130 938 Latine

583 959 855 1031 locutus
902 970 1025 1031 est.
1057 965 1136 1030 Et
1182 981 1345 1038 cum
1395 959 1752 1050 presbyter
1797 958 2204 1050 imperando
2237 980 2484 1049 urgere
2523 957 2862 1048 coepisset
2891 971 2967 1028 ut
2996 959 3139 1027 exi-

584 1061 706 1121 ret.
759 1049 992 1130 Exibo,
1027 1048 1277 1136 inquit,
1322 1069 1460 1118 non
1495 1060 1773 1139 propter
1808 1062 2003 1119 tuum
2054 1048 2452 1148 imperium,
2489 1047 2609 1117 sed
2642 1060 2923 1139 propter
2964 1051 3137 1116 San-

583 1150 851 1208 ctorum
909 1148 1333 1228 potestatem,
1389 1139 1510 1223 qui
1562 1158 1669 1207 me
1716 1139 1787 1206 in
1839 1136 1957 1206 illa
2005 1136 2271 1207 diutius
2313 1136 2591 1206 manere
2635 1156 2774 1204 non
2841 1136 3132 1225 permit-

585 1238 762 1296 tunt.
818 1226 940 1297 His
967 1226 1195 1307 dictis,
1250 1225 1553 1316 puellam
1593 1226 1665 1294 in
1707 1226 2181 1317 pavimentum
2231 1225 2543 1315 projecit,
2598 1237 2803 1312 atque
2855 1224 2954 1295 ibi
3004 1223 3138 1293 ali·

584 1315 999 1403 quantulum
1049 1313 1234 1385 velut
1301 1313 1758 1384 dormientem
1819 1335 2037 1405 prono
2093 1335 2380 1403 corpore
2434 1313 2670 1403 jacere
2727 1313 2907 1382 fecit.
2975 1317 3140 1383 Post

586 1403 955 1494 paululum
982 1424 1139 1473 vero
1187 1402 1306 1472 illo
1340 1402 1699 1473 recedente
1744 1404 1947 1490 quasi
1995 1403 2080 1472 do
2128 1424 2370 1472 somno
2409 1402 2772 1493 evigilanS,
2831 1423 2952 1491 per
2996 1403 3139 1470 vir-

587 1505 801 1562 tutem
851 1492 1100 1562 Christi
1144 1504 1209 1561 et
1257 1492 1500 1562 merita
1547 1494 1905 1581 beatorum
1957 1504 2365 1582 martyrum,
2411 1490 2666 1581 puella,
2707 1491 2978 1560 cunctis
3010 1491 3134 1578 qui

585 1580 872 1651 aderant
917 1580 1363 1652 cernentibus
1419 1593 1625 1668 atque
1696 1580 2136 1661 mirantibus»,
2192 1601 2360 1649 sana
2408 1580 2724 1660 surrexit,
2807 1600 2930 1649 nec
2983 1591 3142 1668 post

583 1681 895 1739 exactum
965 1691 1006 1739 a
1071 1691 1143 1738 se
1203 1669 1610 1739 daemonem
1678 1669 1915 1739 Latine
1978 1669 2165 1757 loqui
2216 1669 2465 1759 potuit:
2541 1680 2619 1738 ut
2680 1668 2913 1758 palam
2974 1690 3138 1757 pos-

586 1771 689 1828 set
719 1757 1036 1849 intelligi,
1091 1778 1228 1827 non
1276 1756 1468 1828 illam
1550 1780 1625 1828 er
1672 1779 1790 1851 se„
1823 1757 1943 1828 sed
1983 1758 2390 1828 daemonem
2434 1778 2555 1848 per
2591 1779 2668 1827 os
2715 1758 2867 1847 ejus
2914 1755 3136 1827 fuisse

587 1846 920 1917 locutum.
974 1852 1122 1917 Heu
1185 1847 1359 1947 proh
1405 1847 1493 1917 do
1525 1869 1602 1916 or
1647 1847 1735 1917 ad
1784 1860 2080 1934 quantas
2153 1846 2468 1916 miserias
2532 1859 2845 1934 tempora
2902 1857 3142 1915 nostra

588 1949 750 2006 sunt
795 1935 1136 2017 devoluta,
1189 1956 1261 2004 m
1295 1936 1553 2022 quibus
1588 1957 1726 2005 non
1776 1935 1940 2006 boni
1989 1935 2329 2015 homineS,
2383 1934 2503 2005 sed
2540 1934 2706 2004 mali
2755 1934 3136 2003 daemones

588 2024 900 2094 doctores
949 2037 1148 2094 sunt:
1187 2036 1253 2094 et
1282 2024 1669 2095 incentores
1719 2025 2066 2105 vitiorum,
2114 2046 2192 2093 ac
2227 2044 2671 2114 persuasores
2721 2023 3132 2103 criminum,

587 2113 672 2181 de
722 2126 951 2182 nostra
991 2134 1116 2185 nos
1162 2114 1580 2183 correctione
1625 2116 2101 2183 commonent!

677 2204 714 2288 ξ
762 2205 908 2274 18.
974 2201 1227 2272 Eodem
1278 2201 1417 2272 fere
1464 2214 1770 2292 tempore
1816 2201 2363 2272 sanctimonialis
2412 2200 2786 2288 quaedam,
2846 2201 3135 2271 nomine

589 2289 1072 2372 MarethrudiS,
1111 2289 1195 2359 de
1247 2312 1425 2382 pago
1458 2291 1861 2372 wetareiba,
1898 2311 2075 2378 quae
2107 2290 2259 2359 dira
2308 2289 2649 2381 paralysis
2698 2289 3141 2380 aegritudine

588 2401 712 2471 per
770 2378 1006 2448 decem
1068 2400 1289 2457 annos
1337 2392 1476 2448 tam
1525 2380 1925 2449 immaniter
1972 2380 2373 2459 tenebatur,
2427 2392 2506 2449 ut
2570 2390 2755 2448 tanto
2805 2378 3141 2468 temporis

588 2468 810 2559 spatio
861 2488 1033 2559 pene
1080 2467 1273 2538 nullo
1321 2468 1407 2539 ad
1457 2467 1805 2539 humanos
1852 2490 2024 2539 usus
2053 2467 2382 2558 ,corporis
2429 2466 2654 2538 officio
2702 2465 3136 2567 fungeretur:

586 2558 791 2627 etiam
841 2580 881 2627 a
930 2557 1335 2647 parentibus
1384 2558 1532 2627 suis
1562 2571 1709 2627 erat
1746 2557 2128 2647 desperata,
2165 2557 2496 2645 quoniam
2537 2556 2621 2626 ad
2673 2576 2910 2625 omma
2962 2561 3139 2626 San-

586 2659 850 2716 ctorum
906 2645 1078 2728 loca,
1123 2646 1211 2715 ad
1259 2668 1437 2734 quae
1484 2645 1621 2747 ipsi
1671 2658 1983 2737 poterant
2031 2647 2407 2736 pervenire,
2461 2644 2774 2715 eamdem
2828 2644 3139 2716 deduxe-

588 2748 768 2805 rant.
826 2734 955 2805 Sed
1006 2734 1282 2806 tandem
1333 2736 1421 2806 ab
1468 2734 1727 2805 eisdem
1794 2748 1957 2805 tunc
2004 2735 2091 2804 ad
2161 2734 2522 2804 basilicam
2573 2746 2962 2823 martyrum
3012 2734 3143 2802 ad-

588 2823 819 2904 ducta,
865 2836 930 2893 et
985 2835 1290 2914 tempore
1338 2823 1768 2895 nocturnalis
1816 2822 2025 2893 officii
2063 2824 2263 2913 juxta
2308 2822 2653 2894 cancellos
2701 2823 2971 2912 posita,
3016 2843 3144 2912 per

587 2912 833 2980 merita
903 2922 970 2981 et
1029 2911 1588 2984 intercessionem
1653 2912 2034 2983 eorundem
2099 2917 2506 2981 Sanctorum
2573 2911 2699 2982 diu
2745 2910 3142 2980 desiderata

590 3001 885 3070 sanitate
946 3000 1096 3069 sine
1158 3003 1380 3071 mora‘
1400 3001 1650 3074 donata
1700 3013 1804 3071 est
1848 3001 2019 3071 adeo
2066 3001 2330 3091 integre
2388 3013 2594 3087 atque
2707 2999 2954 3070 erfecte
2990 3054 3005 3081 ‚
3043 3012 3141 3070 ·ut

590 3089 907 3158 omnium
960 3089 1429 3160 membrorum
1479 3090 1805 3160 firmitate
1850 3101 2147 3179 recepta,
2199 3111 2377 3176 quae
2424 3088 2592 3159 illuc
2673 3088 2888 3158 ectica
2934 3108 3143 3158 vene-

590 3189 719 3258 rat,
774 3176 1071 3268 pedibus
1118 3178 1204 3247 ad
1258 3180 1535 3271 propria
1582 3191 1937 3249 remearet.
1977 3178 2105 3248 Sed
2137 3178 2259 3248 ubi
2307 3178 2595 3248 domum
2630 3177 2853 3246 redire
2882 3177 3135 3266 coepit,

589 3265 661 3335 in
712 3267 863 3355 ipso
919 3267 1161 3336 itinere
1227 3268 1505 3348 eadem,
1560 3289 1699 3354 qua
1748 3266 2107 3337 liberatam
2167 3288 2239 3338 se
2286 3267 2671 3357 gaudebat,
2725 3264 3138 3335 infirmitate

590 3355 985 3445 corripitur.
1058 3360 1296 3444 Itaque
1343 3356 1752 3426 reversionis
1801 3377 1968 3427 suae
2016 3355 2506 3446 poenitentiam
2567 3376 2781 3445 agens
2813 3409 2828 3436 ‚
2882 3355 3143 3424 iterum

591 3466 667 3514 se
729 3444 815 3514 ad
866 3456 1045 3515 mart
1096 3466 1251 3514 rum
1304 3444 1515 3514 limen
1566 3444 1807 3513 reduci
1855 3445 2140 3536 rogavit.
2213 3450 2500 3532 Moxque
2547 3455 2624 3514 ut
2670 3443 2957 3513 reducta
3004 3454 3133 3523 est,

589 3553 800 3621 quam
834 3532 1022 3605 disce
1073 3532 1252 3603 endo
1300 3534 1650 3613 amiserat,
1688 3534 2050 3604 sanitatem
2101 3534 2250 3603 sine
2277 3533 2425 3603 3113
2466 3532 2799 3603 dilatione
2844 3531 3130 3621 recepit.

588 3627 757 3698 Voto
805 3622 826 3690 i
880 3622 1019 3693 itur
1049 3622 1251 3703 facto,
1287 3634 1365 3692 ut
1412 3645 1540 3692 sua
1589 3636 1833 3710 sponte
1880 3622 1964 3692 de
2012 3627 2418 3693 Sanctorum
2451 3621 2783 3710 obsequio
2803 3621 2952 3709 jam
2984 3642 3141 3689 am-

586 3711 776 3803 plius
874 3710 1175 3782 iscedere
1222 3732 1362 3780 non
1411 3710 1712 3792 deberet,
1769 3731 2050 3801 parvam
2100 3711 2235 3782 sibi
2281 3710 2605 3781 cellulam
2655 3710 2796 3779 hau
2892 3709 3141 3799 procul

588 3800 677 3872 ab
717 3800 1011 3870 ecclesia
1056 3799 1143 3869 ad
1193 3799 1616 3869 manendum
1669 3799 2077 3871 construxit:
2122 3822 2200 3870 ac
2248 3800 2576 3891 deinceps
2625 3798 2942 3890 religiose
2973 3819 3141 3868 con-

585 3900 878 3970 versata,
924 3890 1005 3990 ‘in
1055 3888 1385 3976 obsequio
1434 3889 1787 3959 beatorum
1834 3899 2220 3978 martyrum
2271 3912 2431 3959 cum
2482 3910 2738 3979 magna
2776 3886 3142 3956 devotione

634 3989 996 4048 ermansrt.

585 4001 630 4069 p
673 4069 712 4154 ξ
758 4071 902 4139 14.
977 4065 1195 4135 Aliam
1260 4088 1533 4155 quoque
1592 4066 1964 4138 foeminam
2033 4079 2298 4137 constat
2358 4088 2494 4135 non
2544 4065 2763 4134 multo
2810 4076 2963 4154 post
3012 4085 3138 4153 per

585 4154 864 4227 eosdem
902 4154 1339 4226 beatissimos
1371 4169 1709 4246 martyres
1743 4177 1998 4248 magno
2045 4156 2487 4226 incommodo
2539 4155 2922 4224 liberatam:
2952 4173 3136 4238 quae

585 4265 697 4315 res
746 4244 875 4313 hoc
925 4242 1130 4312 modo
1178 4255 1369 4335 gesta
1400 4266 1549 4316 esse
1596 4245 2061 4336 cognoscitur.
2118 4250 2191 4314 In
2259 4266 2434 4335 pago
2484 4243 2913 4333 Nithagonne
2971 4240 3134 4311 fun-

585 4333 719 4402 dus
751 4341 875 4413 est,
913 4331 1179 4402 Ursella·
1209 4345 1513 4415 vocatus,
1551 4334 1674 4422 qui
1722 4356 1761 4403 a
1810 4334 2101 4406 basilica
2142 4346 2525 4423 martyrum
2566 4354 2681 4402 sex
2720 4330 2859 4401 sere
2898 4329 3130 4400 leuca-

583 4443 743 4494 rum
808 4413 1166 4494 intervallo
1222 4421 1601 4495 dirimitur.
1665 4427 1744 4492 In
1805 4445 1942 4510 quo
2001 4422 2252 4493 mulier
2306 4420 2647 4509 quaedam
2699 4440 2858 4491 cum
2922 4438 3170 4488 mane‘
