3357 4995
589 333 718 399 258
1331 352 1409 397 DE
1458 353 1513 398 s.
1568 297 1863 397 Bannatia
1910 349 2229 398 ArosroLo
2703 333 2922 399 JUNII
2976 333 3049 396 Η

421 427 426 432 ’
501 441 772 506 Marcus
809 435 843 470 ⁴*
881 435 1313 535 conscripsit:
1345 435 1531 524 quod
1563 440 1803 512 Petrus
1835 433 2196 536 Apostolus
2219 432 2408 525 legit,
2439 447 2507 505 et
2535 434 2767 514 divino
2798 436 3064 526 Spiritu

497 525 836 615 scriptum
886 535 1224 615 cognovit,
1278 535 1483 612 atque
1533 524 1963 624 approbavit.
2020 528 2258 611 Itaque
2291 529 2599 594 Marcum
2649 525 2882 615 ipsum
2936 546 3059 615 per

497 634 839 683 manuum
876 613 1394 704 impositionem
1443 613 1810 692 ordinavit,
1866 625 1930 682 et
1979 624 2054 682 ut
2103 611 2402 682 maxime
2450 611 2782 683 idoneum
2816 614 2888 683 in
2935 636 3057 683 ur-

496 701 652 771 bem
703 702 984 792 Aegypti
1034 701 1539 781 Alexandriam,
1577 703 1863 793 Lybiam
1895 714 1963 772 et
1991 700 2415 791 Pentapolim
2467 700 2678 772 misit.
2716 707 2863 784 Quo
2895 725 3059 772 cum

497 796 769 859 Marcus
801 792 1119 871 venisset,
1166 790 1439 860 Domini
1469 791 1644 861 Jesu
1674 791 1924 862 Christi
1973 789 2419 881 Evangelium
2471 788 2612 860 illis
2654 790 3057 881 regionibus

496 878 939 969 praedicavit,
997 881 1090 949 ita
1140 892 1217 949 ut
1250 879 1448 949 multi
1502 878 1588 948 ad
1638 879 1889 949 Christi
1938 879 2146 966 fidem
2195 878 2506 962 conversi
2558 878 2834 949 fuerint.
2890 883 3061 949 Cm'n

496 989 654 1038 vero
705 991 947 1039 novem
984 990 1202 1039 annos
1229 969 1344 1037 Dei
1384 967 1591 1037 fidem
1631 973 1900 1040 Marcus
1928 969 1998 1037 in
2039 990 2119 1037 ea
2148 968 2424 1059 regione
2454 967 2829 1049 docuisset,
2873 990 3056 1037 mar-

497 1058 675 1146 tyrio
724 1057 793 1125 in
843 1058 1017 1127 urbe
1065 1056 1472 1126 Alexandria
1513 1056 1794 1127 functus
1827 1069 1953 1127 est.

584 1149 621 1232 §
669 1150 820 1217 19.
876 1146 1085 1215 Multo
1134 1158 1361 1214 autem
1417 1159 1722 1235 tempore
1769 1158 2025 1235 postea,
2080 1167 2241 1216 cum
2293 1145 2680 1217 Christiana
2719 1145 2891 1215 fides
2951 1144 3055 1214 la-

503 1235 642 1305 tius
698 1234 854 1304 fusa
905 1247 1104 1314 esset,
1173 1246 1238 1303 et
1285 1239 1739 1324 Imperatores
1790 1235 2159 1328 Christiani
2225 1239 2695 1305 Romanorum
2761 1235 3054 1325 imperio

548 1325 908 1403 otirentur,
961 1322 1300 1393 miracula
1346 1322 1686 1409 quaedam
1733 1345 1987 1414 magna
2034 1328 2211 1393 Deus
2261 1324 2407 1414 ipse
2442 1324 2511 1392 in
2567 1345 2646 1393 eo
2698 1324 2845 1393 loco
2891 1323 3054 1392 ede-

494 1346 633 1494 ξεῖ,
680 1413 803 1482 ubi
852 1411 1181 1498 reliquiae
1216 1413 1431 1481 sancti
1491 1411 1793 1502 Apostoli
1841 1427 1907 1482 et
1954 1413 2268 1503 generosi
2327 1414 2649 1502 martyris
2699 1412 3056 1481 Barnabae

493 1503 831 1591 repositae
871 1501 1161 1571 fuerant.
1216 1507 1382 1569 Nam
1431 1521 1590 1569 cum
1635 1501 1834 1570 multi
1870 1501 2185 1569 homines
2224 1502 2542 1590 impuros
2589 1501 2879 1591 spiritus
2934 1501 3056 1570 ha-

493 1590 756 1671 benteS‚
806 1612 927 1680 per
974 1590 1201 1659 locum
1241 1590 1439 1658 illum
1493 1591 1889 1672 transirent,
1926 1590 2215 1680 spiritus
2262 1590 2398 1678 ipsi
2438 1611 2599 1659 voce
2625 1611 2879 1680 magna
2911 1589 3056 1658 cla-

494 1692 764 1748 mantes
802 1679 1352 1770 egrediebantur.
1391 1678 1584 1747 Multi
1615 1678 1822 1747 etiam
1868 1677 2254 1767 paralytici,
2290 1690 2357 1747 et
2405 1678 2663 1759 claudi,
2708 1679 3058 1764 variisque

496 1769 758 1837 morbis
809 1781 874 1836 et
933 1767 1357 1838 cruciatibus
1406 1768 1657 1846 vexati,
1734 1767 1816 1835 ad
1868 1789 2029 1836 eum
2080 1767 2307 1836 locum
2358 1767 2645 1867 profecti
2696 1779 3055 1856 pernocta—

496 1856 708 1925 bant:
767 1857 885 1944 qui
936 1878 1176 1926 omnes
1214 1857 1686 1928 curabantur:
1740 1857 1827 1925 ob
1864 1856 2072 1942 idque
2122 1854 2472 1925 Salamina
2521 1856 2761 1925 civitas
2795 1855 3053 1946 gaudio

497 1965 755 2035 magno
806 1945 1369 2035 perfundebatur.
1399 1939 1602 2025 “Quod
1653 1966 1809 2013 vero
1856 1945 2091 2014 divina
2138 1944 2481 2030 quaedam
2514 1945 2817 2036 potentia
2867 1946 2935 2012 in
2966 1965 3048 2013 eo

501 2032 652 2102 loco
685 2033 1020 2103 miracula
1045 2033 1362 2112 efficeret,
1399 2033 1466 2101 id
1515 2033 1795 2120 quidem
1826 2055 2066 2104 omnes
2105 2035 2651 2123 cognoscebant:
2706 2054 3049 2120 quaenam

503 2134 731 2191 tamen
774 2135 951 2193 esset
978 2145 1188 2193 causa
1219 2122 1478 2211 gratiae
1537 2121 1729 2192 illius
1779 2134 1915 2191 tam
1957 2123 2300 2212 copiosae,
2341 2123 2409 2191 id
2461 2144 2897 2209 nequaquam
2941 2122 3051 2189 in-

501 2209 809 2301 telligere
859 2224 1192 2368 Rotberant.
1249 2211 1618 2300 Regionem
1653 2223 1882 2279 autem
1917 2211 2107 2279 illam
2150 2211 2462 2281 sanitatis
2513 2211 2736 2281 locum
2786 2211 3052 2300 indige-

497 2320 628 2367 nae
678 2323 711 2368 a
818 2321 854 2368 e
912 2323 949 2370 a
1002 2312 1141 2369 ant.

583 2391 618 2475 §
665 2322 828 2461 ἐξ.
883 2394 1049 2458 Cum
1098 2410 1255 2458 vero
1306 2387 1544 2457 beatus
1595 2388 1971 2457 Martianus
2004 2389 2309 2468 obiisset,
2349 2401 2626 2459 sanctae
2675 2387 3049 2457 memoriae

493 2482 622 2547 Leo
659 2478 954 2568 Imperio
991 2477 1343 2548 successit.
1399 2476 1575 2546 Huic
1610 2489 1755 2546 erat
1794 2499 2004 2577 gener
2050 2483 2223 2548 Zeno
2265 2482 2549 2549 Isaurus
2644 2499 2870 2559 enere,
2922 2477 3047 2563 qui

493 2579 648 2657 post
682 2572 970 2635 Leonem
1006 2580 1070 2635 et
1117 2567 1266 2655 ipse
1302 2572 1682 2656 Imperator
1728 2565 1879 2636 suit.
1935 2571 2264 2657 Tempore
2326 2577 2554 2636 autem
2593 2569 2614 2635 i
2649 2567 2711 2636 lo
2764 2567 2835 2634 in
2887 2566 3047 2635 reli-

492 2656 684 2745 gioso
718 2656 1297 2725 Acoemetensium
1358 2655 1777 2724 monasterio
1808 2657 2025 2724 extitit
2081 2656 2467 2725 monachus
2514 2655 2824 2742 quidam,
2890 2655 3038 2742 qui,

492 2758 571 2814 ut
613 2744 839 2813 Judas
895 2746 1073 2813 inter
1127 2744 1516 2832 ApostolOS,
1562 2743 1825 2814 diaboli
1873 2766 2098 2814 mores
2148 2744 2573 2814 imitabatur.
2630 2744 2739 2813 Illi
2789 2765 3037 2812 nomen

492 2845 637 2901 erat
668 2833 1006 2913 Petrus*
1038 2833 1158 2918 qui
1187 2832 1469 2903 fullonis
1491 2844 1707 2901 artem
1734 2833 2111 2913 exercebat,
2148 2845 2455 2903 sanctam
2494 2855 2651 2902 vero
2683 2832 3039 2920 Synodum

490 2921 562 2989 in
614 2922 784 2990 urbe
833 2921 1257 2990 Chalcedone
1330 2924 1743 2991 celebratam
1804 2922 2271 3002 aversabatur,
2327 2935 2392 2991 et
2439 2921 2784 3013 dogmatis
2833 2925 3042 3009 Euty-

492 3010 723 3078 chiani
774 3024 919 3079 erat
967 3023 1462 3100 propugnator.
1517 3010 1873 3099 Ejusmodi
1923 3010 2301 3091 hominem,
2355 3022 2432 3080 ut
2470 3021 2940 3100 corruptorem
2981 3022 3049 3079 et

492 3098 950 3189 pestilentem,
1007 3112 1210 3185 atque
1259 3098 1800 3189 Apostolicorum
1850 3098 2250 3189 dogmatum
2295 3099 2557 3169 hostem
2598 3099 3042 3178 acerrimum,

491 3189 643 3277 ejus
695 3187 824 3256 loci
856 3187 1173 3256 homines
1220 3210 1255 3256 e
1287 3188 1702 3256 monasterio
1734 3187 2167 3277 expulerunt.
2208 3188 2343 3270 Qui
2381 3210 2544 3258 cum
2575 3188 2768 3257 illinc
2802 3186 3043 3277 expul-

491 3298 613 3346 sus
663 3276 926 3354 fuisset,
983 3276 1642 3365 Constantinopolim
1694 3276 2038 3366 profectus
2078 3289 2216 3357 est,
2270 3289 2336 3347 et
2390 3288 2894 3346 assentatorum
2946 3275 3044 3342 vi—

493 3377 632 3434 tam
674 3365 1007 3445 imitatuS,
1063 3364 1265 3434 modo
1306 3364 1511 3443 hanc,
1570 3363 1774 3432 modo
1821 3365 2012 3434 illam
2064 3365 2350 3435 domum
2399 3365 2657 3447 obibat,
2712 3363 2929 3433 ventri
2977 3376 3045 3432 et

490 3453 694 3544 gulae
744 3452 1092 3522 serviens:
1147 3474 1448 3539 cumque
1496 3453 1899 3523 execrabilis
1949 3476 2113 3523 suae
2163 3454 2468 3524 haeresis
2519 3455 2885 3544 participes
2917 3452 3046 3521 ho-

488 3543 713 3612 mines
747 3542 1084 3629 quosdam
1120 3542 1378 3611 honore
1413 3542 1759 3632 praeditos
1787 3544 2182 3625 invenisset,
2212 3542 2353 3611 illis
2387 3542 2759 3612 adhaerere
2792 3542 3038 3631 coepit,

493 3653 615 3721 per
661 3653 834 3719 quos
872 3632 1077 3701 etiam
1128 3632 1197 3699 in
1233 3630 1732 3720 eJusnotitiam
1784 3632 1987 3713 venit,
2040 3633 2160 3719 qui
2211 3644 2354 3701 erat
2402 3653 2612 3722 gener
2659 3637 3037 3721 Imperato-

488 3720 610 3800 riS‚
649 3721 970 3810 patritius
1017 3732 1082 3788 et
1113 3720 1590 3790 excubitorum
1644 3726 1923 3789 Comes:
1970 3721 2068 3791 sic
2124 3721 2309 3789 enim
2361 3720 2864 3811 appellabatur,
2917 3718 3038 3805 qui

491 3809 801 3879 excubiis
836 3808 1292 3899 praesidebat.
1334 3815 1568 3896 ltaque
1600 3815 1840 3879 Petrus
1869 3809 1986 3879 ille
2017 3832 2179 3880 cum
2215 3808 2571 3900 religionis
2619 3809 2845 3899 specie
2873 3829 3045 3894 qua-

491 3897 650 3967 dam
703 3919 774 3968 se
825 3898 1187 3977 induisset,
1241 3910 1386 3967 erat
1422 3898 1706 3985 quidem
1757 3899 2033 3969 assidue
2080 3921 2240 3968 cum
2293 3904 2554 3967 Zenone
2602 3895 3045 3988 Imperatoris

534 4008 763 4067 ener0,
827 4009 967 4058 non
1016 3986 1313 4058 audebat
1363 3999 1588 4057 tamen
1625 3989 1978 4077 propriam
2029 3987 2450 4077 impietatem
2513 3987 2801 4078 aperire.
2858 3990 3045 4054 Eun-

486 4010 646 4144 dem
698 4088 926 4146 autem
965 4082 1298 4146 Zenonem
1327 4076 1411 4146 ad
1446 4077 1740 4147 Orientis
1774 4089 2000 4167 partes
2101 4075 2599 4147 roficiscentem
2639 4087 2918 4145 secutus
2942 4084 3046 4143 est

489 4164 666 4234 fullo
708 4164 824 4233 ille
858 4186 1081 4252 usque
1114 4166 1200 4234 ad
1228 4166 1470 4235 urbem
1503 4165 1958 4236 Antiochiam:
2095 4165 2117 4232 i
2151 4183 2310 4235 cum
2346 4165 2603 4235 multos
2631 4162 3046 4255 Apollinaris

543 4305 568 4331 ⁸
599 4305 689 4345 Sed
718 4305 872 4345 tutius
900 4306 1032 4346 card.
1064 4303 1252 4346 Bar-onii
1283 4308 1629 4349 adhaerendum
1658 4308 1923 4348 sententiae
1955 4307 2043 4352 eut,
2078 4304 2158 4367 qui
2186 4309 2320 4357 plane
2337 4310 2539 4348 constare
2557 4306 2697 4355 putat
2714 4309 3045 4353 emeca-porum,

488 4361 681 4399 locorum
715 4370 765 4397 ac
796 4370 949 4398 rerum
977 4361 1240 4407 diversitate,
1269 4363 1435 4401 eosdem
1454 4363 1639 4409 (nempe
1659 4361 1869 4403 Marcum
1889 4360 2225 4403 consobrinum
2242 4360 2486 4403 Barnabae
2508 4361 2555 4399 et
2575 4358 2785 4399 Heroum
2803 4356 3045 4405 Evangeli-

493 4410 637 4463 atam)
655 4413 769 4452 inter
786 4424 833 4452 80
849 4425 941 4452 esee
956 4414 1192 4453 distinctos.
2540 4412 2547 4421 ⁸

539 4467 591 4493 ⁵⁸*
620 4465 740 4508 Nota
757 4467 1007 4510 historiam
1027 4467 1303 4523 schismatis
1321 4469 1465 4511 Parni
1485 4467 1737 4509 Functus.
