3357 4995
664 310 752 375 46
1242 328 1320 374 nr.
1366 326 1560 377 x1.v111
1606 326 2003 376 wennmms.
2058 323 2458 405 narramus
2813 307 3038 375 JUNII
3088 309 3129 373 2

575 424 813 483 utrum
856 411 997 482 sint
1041 412 1520 493 resurrecturi,
1560 424 1625 482 et
1663 424 1902 484 utrum
1951 410 2230 481 illorum
2285 416 2463 482 Deus
2509 411 2698 501 ipsos
2737 411 3008 500 juvare,
3064 424 3133 481 et

573 522 613 571 e
659 499 989 571 manibus
1037 503 1292 571 nostris
1338 501 1606 592 eripere
1674 501 1913 593 possit.
1997 498 2358 589 Ejusmodi
2406 501 2904 590 persecutionis
2955 514 3132 570 tem-

573 601 828 681 pestas,
885 602 1215 690 regnante
1263 594 1685 681 Imperatore
1715 590 1751 623 ²*
1789 590 1875 659 de
1921 610 2060 676 quo
2106 588 2502 670 docuimus,
2541 588 2693 658 istis
2724 589 2972 659 Christi
3004 594 3130 658 Ec-

572 677 808 749 clesiis
856 678 1123 768 obtigit.
1179 678 1374 748 Unde
1419 691 1602 748 certe
1630 734 1646 761 ,
1700 699 2045 767 quaenam
2093 677 2352 747 fuerint
2390 677 2460 746 in
2512 677 2801 765 reliquis
2848 678 3130 768 provin·

570 766 701 836 ciis
749 766 986 837 eodem
1054 779 1361 857 tempore
1392 766 1729 850 factitata,
1783 767 2183 856 conjectura
2227 766 2503 853 assequi
2552 767 2935 857 poterimus
2982 767 3075 835 μ.

659 862 699 937 ἓ
748 858 887 928 18.
942 855 1108 926 Illas
1139 855 1307 925 item
1343 878 1565 937 voceS,
1600 878 1682 927 ex
1719 856 1959 926 eadem
1994 855 2289 945 epistola
2318 853 2788 946 depromptaS,
2825 856 2895 925 in
2932 856 3127 926 hunc

573 964 965 1016 sermonem
1013 942 1373 1015 includere
1418 965 1669 1036 operae
1718 945 2015 1037 pretium
2068 945 2526 1026 arbitramuS,
2581 966 2622 1032 q
2680 944 2841 1016 ibus
2887 944 3127 1015 mode·

570 1032 703 1104 stia
749 1044 816 1101 et
862 1031 1243 1125 singularis
1293 1045 1706 1135 martyrum,
1771 1054 1947 1122 quos
1988 1031 2319 1113 diximuS,
2366 1032 2651 1123 benigni
2726 1055 2760 1102 s
2798 1032 2929 1104 boc
2981 1032 3128 1103 sere

570 1120 776 1191 modo
823 1121 1171 1212 descripta
1218 1121 1328 1192 sit.
1381 1127 1502 1192 Isti
1548 1144 1708 1193 vero
1765 1121 1987 1213 ipsius
2042 1121 2295 1194 Christi
2352 1122 2506 1212 (qui
2553 1143 2715 1192 curn
2779 1122 2852 1191 in
2899 1120 3128 1192 forma

569 1209 688 1280 Dei
732 1221 933 1290 esset,
981 1231 1119 1280 non
1169 1210 1489 1300 rapinam
1538 1211 1912 1281 arbitratus
1959 1221 2085 1288 est,
2121 1233 2194 1281 se
2232 1230 2382 1281 esse
2413 1209 2772 1297 aequalem
2808 1215 2964 1293 Dec,
3001 1212 3125 1281 sed

569 1298 878 1398 seipsum
910 1299 1311 1380 exinanivit,
1364 1298 1661 1370 formam
1710 1300 1888 1370 servi
1935 1297 2317 1388 accipiens)
2365 1311 2505 1368 tam
2551 1321 2706 1369 vere
2754 1300 3020 1369 aemuli
3060 1313 3129 1369 et

568 1386 948 1456 imitatores
985 1397 1203 1485 erant,
1242 1400 1320 1458 ut
1365 1389 1684 1476 quamvis
1733 1389 1802 1457 in
1856 1386 1976 1458 tali
2024 1387 2244 1478 gloria
2290 1401 2355 1457 et
2369 1387 2769 1485 ‚splendore
2808 1388 3123 1459 locaren-

569 1486 704 1554 tur,
761 1487 827 1544 et
865 1496 1002 1545 non
1053 1475 1265 1547 semel
1305 1487 1386 1547 et·
1408 1477 1685 1559 iterum,
1731 1476 1849 1548 sed
1899 1477 2200 1565 saepius,
2239 1488 2315 1546 ut
2363 1489 2699 1566 martyres
2729 1476 2945 1557 decet,
2986 1499 3113 1568 pro

568 1562 733 1632 fidei
780 1563 1214 1635 confessione
1259 1565 1507 1636 acerba
1554 1577 1893 1636 tormenta
1958 1566 2309 1655 perpessi,
2363 1562 2603 1636 bestiis
2665 1564 2962 1652 objecti,
3031 1567 3122 1654 ab

566 1650 828 1721 eisdem
870 1651 1099 1723 denuo
1142 1654 1382 1735 ablati,
1438 1654 1657 1745 ignito
1697 1653 1876 1724 ferro
1922 1655 2168 1735 exusti,
2227 1653 2567 1751 vibicibus
2605 1653 2820 1736 lividi,
2875 1654 3123 1725 vulne-

566 1739 763 1809 ribus
810 1740 1119 1828 undique
1166 1741 1449 1813 inflictis
1494 1743 1906 1814 excruciati:
1962 1764 2096 1811 non
2151 1755 2376 1813 tamen
2436 1765 2508 1813 se
2575 1742 2710 1833 ipsi
2782 1757 3124 1843 martyres

566 1850 717 1899 esse
757 1829 1258 1919 praedicarent,
1313 1852 1535 1919 neque
1581 1831 1911 1920 cuiquam
1963 1843 2274 1901 nostrum
2316 1832 2588 1922 copiam
2629 1832 2931 1902 facerent
2961 1831 3123 1904 illos

567 1938 646 1986 eo
696 1918 977 1988 nomine
1023 1919 1448 2009 appellandi:
1500 1921 1620 1990 sed
1672 1922 1730 1991 si
1765 1920 2140 2008 quisquam
2189 1932 2503 1992 nostrum
2540 1942 2657 1992 eos
2697 1921 2799 1990 vel
2850 1942 2974 2011 per
3035 1922 3122 1990 li-

566 2018 772 2086 teras,
826 2006 929 2076 vel
978 2029 1101 2097 per
1149 2029 1538 2078 sermonem
1587 2019 1665 2080 ut
1713 2021 2053 2099 martyres
2100 2007 2270 2078 forte
2319 2008 2777 2090 salutavisset,
2816 2010 3120 2099 graviter

564 2115 726 2165 eum
766 2115 837 2163 re
891 2095 1379 2168 rehenderunt.
1436 2097 1751 2168 Libenter
1778 2098 1962 2168 enim
1996 2098 2320 2187 martyris
2353 2098 2885 2188 appellationem
2923 2099 3124 2168 Chri-

566 2195 669 2253 sto
715 2182 904 2253 fidei
951 2195 1017 2254 et
1063 2207 1221 2256 vero
1268 2185 1581 2277 martyri,
1635 2186 2095 2277 primogenito
2137 2198 2610 2267 mortuorum,
2668 2187 2833 2257 duci
2881 2199 2946 2257 et
2992 2210 3120 2258 au-

565 2273 738 2341 ctori
783 2272 959 2342 vitae
1002 2294 1184 2374 quae
1228 2286 1329 2347 est
1375 2296 1456 2344 ex
1505 2279 1661 2356 Deo,
1714 2288 2217 2346 concesserant:
2273 2287 2653 2365 martyrum
2703 2278 2938 2358 etiam,
2992 2278 3121 2363 qui

555 2361 703 2451 jam
754 2361 841 2431 ad
891 2361 1238 2434 Christum
1270 2383 1352 2434 ex
1385 2364 1513 2433 hac
1550 2364 1860 2454 corporis
1906 2364 2220 2434 custodia
2269 2365 2776 2455 migravissent,
2818 2386 2943 2434 nos
2979 2387 3123 2435 non

438 2527 464 2548 j
564 2463 839 2542 gravate
860 2451 933 2521 in
960 2451 1367 2523 memoriam
1404 2450 1839 2545 redegerunt,
1877 2452 2365 2541 dixeruntque:
2403 2476 2438 2521 «
2462 2452 2570 2523 Illi
2591 2453 2739 2544 jam
2772 2474 2925 2524 vere
2957 2468 3125 2527 sunt

565 2553 937 2631 martyre5‚
998 2563 1173 2629 quos
1222 2541 1536 2614 Christus
1583 2555 1862 2634 propter
1907 2541 2070 2612 fidei
2119 2540 2619 2612 confessionem
2669 2543 2758 2612 ad
2823 2565 2894 2614 se
2942 2545 3122 2614 reci-

564 2651 725 2719 pere
787 2629 1115 2721 dignatus
1178 2641 1326 2711 est,
1378 2644 1443 2701 et
1507 2653 1806 2719 quorum
1878 2631 2292 2720 martyrium
2342 2633 2494 2722 ipso
2542 2633 2895 2722 praeclaro
2943 2633 3127 2703 vitae

561 2720 770 2799 exitu,
826 2731 961 2789 tam
1016 2740 1179 2791 uam
1244 2719 1478 2811 sigillo
1522 2709 1907 2790 certissimo
1953 2720 2368 2811 obsignavit:
2424 2741 2550 2790 nos
2598 2732 2827 2789 autem
2879 2733 3128 2800 tenues

561 2807 789 2877 solum
837 2820 903 2877 et
948 2829 984 2876 a
1028 2808 1195 2898 jecti
1243 2808 1493 2879 Christi
1541 2808 1847 2879 nominis
1872 2807 2322 2879 consessores:
2363 2821 2628 2897 »atque
2657 2808 2900 2880 fratres
2923 2810 3127 2881 obse-

562 2896 850 2966 crabant
907 2918 1070 2966 cum
1132 2896 1507 2987 lacrymis,
1584 2911 1663 2968 ut
1725 2918 1963 2988 preces
2023 2919 2147 2987 pro
2196 2896 2338 2966 illis
2384 2897 2707 2968 ardenter
2754 2910 2820 2967 et
2866 2897 3125 2968 obnixe

563 2988 695 3054 Deo
742 2982 1134 3064 funderent,
1185 3006 1346 3085 quo,
1401 2988 1554 3078 ipso
1601 2987 1917 3057 discessu
1962 3006 2002 3055 e
2047 2986 2206 3067 vita,
2261 3008 2466 3076 opuS,
2520 2986 2706 3075 quod
2757 2992 2936 3057 Deus
2976 2998 3124 3057 tam

561 3072 860 3163 benigne
893 3073 962 3141 in
1018 3073 1156 3143 illis
1203 3076 1597 3166 incepisset,
1635 3074 1991 3146 cumulate
2029 3075 2444 3165 expleretur.

637 3164 687 3319 Ξ
733 3165 885 3234 19.
941 3165 1019 3230 Εῑ
1049 3163 1368 3249 quamvis
1418 3185 1555 3234 non
1593 3162 1798 3234 modo
1848 3162 2067 3232 libera
2101 3185 2433 3254 responsa
2465 3163 2844 3255 gentilibus
2886 3162 3125 3235 dando

563 3272 635 3320 se
730 3248 938 3318 etiam
987 3250 1340 3340 patientia,
1397 3251 1993 3342 magnanimitate,
2029 3251 2271 3323 fidenti
2319 3253 2540 3323 animi
2586 3253 2830 3323 robore
2877 3265 3126 3324 contra

561 3359 803 3409 omnes
848 3339 1198 3409 cruciatus
1246 3361 1319 3411 se
1365 3361 1734 3431 generosos
1767 3362 1847 3410 ac
1880 3352 2198 3411 strenuos
2229 3341 2458 3432 palam
2490 3340 2941 3422 ostendendo,
2977 3341 3123 3411 vim

561 3440 627 3497 et
674 3428 994 3498 virtutem
1045 3429 1358 3517 martyrii
1410 3429 1775 3520 perspicue
1839 3428 2352 3511 declarassent,
2407 3441 2634 3500 tamen
2693 3431 2939 3500 timore
3002 3431 3125 3499 Dei

562 3514 813 3598 referti,
869 3528 1251 3606 martyrum
1303 3517 1864 3609 appellationem,
1904 3540 2044 3606 qua
2090 3517 2334 3590 fratres
2374 3518 2531 3591 illos
2564 3519 2821 3589 donare
2859 3517 3124 3589 voluis-

562 3617 736 3685 sent,
790 3605 877 3675 ab
925 3628 997 3677 se
1042 3606 1373 3696 repellere
1420 3607 1813 3678 studebant.
1861 3611 1938 3676 Et
1977 3609 2224 3678 iterum
2251 3663 2266 3689 ,
2305 3609 2546 3698 paucis
2576 3608 2802 3678 verbis
2840 3607 3124 3697 interje-

561 3693 713 3773 ctis,
770 3706 1159 3795 sequuntur
1205 3695 1376 3765 ista:
1442 3696 1999 3767 Humiliaverunt
2045 3718 2118 3766 se
2165 3697 2296 3766 sub
2354 3718 2570 3767 manu
2619 3696 2926 3787 potenti,
2980 3718 3126 3782 qua

553 3782 701 3871 jam
753 3796 920 3853 satis
964 3783 1235 3854 exaltati
1270 3797 1454 3855 sunt.
1493 3789 1668 3856 Dum
1719 3786 1790 3855 in
1834 3785 1970 3854 vita
2014 3785 2411 3866 manebant,
2449 3785 2816 3856 defendere
2845 3805 3115 3865 omnes,

564 3870 915 3942 neminem
963 3894 1315 3954 accusare,
1348 3895 1589 3943 omnes
1635 3896 1673 3943 e
1722 3873 2020 3945 vinculis
2067 3875 2356 3965 eripere,
2391 3874 2719 3966 colligare
2768 3874 3124 3944 neminem

563 3961 1013 4032 conabantur.
1050 3967 1176 4032 Pro
1206 3961 1370 4042 illis,
1405 3963 1527 4049 qui
1561 3963 1911 4064 supplicia
1942 3984 2182 4033 eorum
2231 3963 2642 4054 corporibus
2690 3962 3113 4042 inflixerant,

563 4051 957 4140 exemplum
1028 4051 1358 4142 Stephani
1438 4052 1718 4141 perfecti
1792 4052 2110 4140 martyris
2182 4052 2453 4135 imitati,
2525 4053 2826 4142 benigne
2896 4072 3120 4130 orare,

616 4173 830 4214 ”Mance
856 4176 1066 4214 Antistio
1093 4173 1216 4222 (vide
1244 4173 1345 4214 Vol.
1376 4174 1414 4218 Ι,
1441 4183 1485 4223 p.
1515 4172 1580 4224 4);
1609 4176 1736 4216 hunc
1767 4176 1982 4226 intellige
2019 4184 2127 4215 cum
2154 4183 2322 4223 passos
2361 4157 2478 4226 legis
2500 4177 2589 4217 sub
2611 4177 2828 4215 Antonino
2855 4174 3124 4218 verm-nam

565 4226 614 4266 et
632 4225 705 4267 his
728 4228 1000 4269 nominibus
1019 4228 1322 4276 appellitatus
1341 4231 1429 4268 est.

620 4281 673 4307 *⁸¹
702 4281 758 4321 In
784 4281 926 4322 Libro
957 4282 1000 4321 S.
1033 4282 1170 4331 Greg.
1198 4283 1371 4322 Turon.
1398 4283 1464 4321 De
1491 4283 1645 4320 Gloria
1677 4282 1944 4333 Martyrum.
1973 4281 2189 4331 legimus,
2224 4281 2303 4322 88.
2336 4282 2422 4321 hos
2456 4282 2688 4331 Martyres
2727 4281 2869 4321 noctu
2899 4277 3127 4317 fidelibus

564 4335 836 4384 apparuisse
864 4335 916 4375 tn
942 4335 1047 4376 loco
1074 4335 1197 4384 apud
1223 4336 1510 4385 Lugdunum
1536 4335 1775 4376 Athenaeo
1804 4337 1995 4380 dictum.
2025 4333 2106 4374 ubi
2136 4333 2330 4375 cremati
2361 4335 2565 4381 fuerunt,
2592 4336 2858 4375 monentes·
2872 4335 2924 4371 ut
2960 4340 3125 4371 sacros

563 4389 747 4430 cineres
773 4398 1069 4440 nequaquam
1097 4389 1339 4439 dispersos
1367 4387 1413 4429 in
1442 4390 1637 4430 flumine
1657 4389 1948 4440 colligerent.
1977 4389 2159 4437 Quibus
2180 4387 2433 4430 christiani
2455 4390 2685 4431 laetanter
2704 4388 2856 4438 potiti,
2877 4384 3122 4426 aedificata

563 4440 771 4488 basilici,
788 4443 878 4484 sub
902 4442 1005 4492 ejus
1024 4441 1164 4484 altari
1184 4452 1239 4484 ea
1258 4444 1588 4492 reposuerunt.
