3357 4995
249 354 460 419 JUNII
514 353 594 417 ⁴2
1075 370 1152 416 nn
1204 371 1257 417 s.
1315 369 1634 417 nomn-*ruo
1684 371 1954 416 naemu
2578 354 2707 418 277

247 457 568 548 panibus,
595 466 659 523 et
690 453 959 523 modico
992 476 1210 541 aquae
1244 454 1329 523 ad
1360 468 1669 524 nostrum
1705 455 1937 523 cibum
1967 467 2030 524 et
2062 467 2297 545 potum
2326 477 2547 542 usque
2574 456 2659 524 ad
2689 478 2796 525 se-

298 561 430 616 tem
459 544 631 623 dies,
657 544 1088 613 recessimus.
1123 547 1288 612 Cum
1323 566 1480 613 vero
1518 545 2070 634 pervenissemus
2105 546 2280 612 intra
2314 544 2786 626 solitudinem,

276 636 512 705 uimus
565 634 629 701 in
667 632 936 710 ecstasi,
990 644 1054 699 et
1102 632 1406 702 vidimus
1454 644 1612 701 ante
1669 655 1794 701 nos
1853 632 2078 708 virum
2134 632 2353 721 gloria
2415 633 2790 723 insignem,

243 724 363 810 qui
398 744 523 790 nos
565 721 1034 811 apprehensos
1067 721 1390 790 manibus
1421 721 1706 790 deduxit
1739 721 1807 789 in
1841 721 2029 790 hunc
2085 720 2337 801 locum,
2394 735 2459 790 et
2502 744 2625 793 nos
2667 736 2799 791 tra-

246 812 423 880 didit
455 812 597 880 viro
649 809 844 877 valde
892 822 1244 896 provectae
1277 812 1538 890 aetatiS‚
1584 811 1706 896 qui
1757 814 1886 879 Deo
1937 811 2291 878 serviebat.
2346 815 2512 879 Ecce
2566 817 2795 880 autem

247 901 357 970 hic
398 902 544 986 jam
608 898 1070 967 habitavimus
1132 921 1245 966 sex
1293 922 1536 978 annos,
1585 899 1972 967 mansimus
2033 915 2186 966 vero
2234 920 2391 966 cum
2443 921 2521 967 eo
2577 921 2797 986 usque

247 990 331 1059 ad
366 1009 589 1059 unum
623 1009 911 1065 annum,
940 988 1026 1056 ab
1056 987 1170 1056 illo
1201 986 1382 1057 docti
1416 986 2004 1074 quemadmodum
2036 986 2318 1055 Domino
2347 988 2790 1057 serviremus,

247 1079 538 1168 Impleto
588 1088 813 1146 autem
869 1076 985 1145 illo
1033 1098 1238 1154 anno,
1294 1087 1819 1147 consummatus
1868 1087 1968 1144 est
2016 1074 2127 1144 hic
2162 1089 2375 1165 pater,
2429 1087 2493 1145 et
2532 1099 2611 1145 ex
2679 1076 2799 1145 illo

251 1182 551 1256 tempore
587 1167 697 1234 hic
748 1165 876 1234 soli
912 1187 1180 1235 sumus.
1236 1172 1403 1235 Ecce
1451 1177 1703 1242 autem,
1750 1164 1956 1233 frater
1988 1164 2257 1244 dilecte,
2316 1187 2439 1235 nos
2485 1165 2603 1234 tibi
2638 1188 2799 1233 con-

248 1256 544 1325 fitemur.
587 1254 816 1344 Spatio
875 1276 986 1324 sex
1035 1275 1401 1334 annorum,
1459 1267 1537 1323 ut
1585 1253 1913 1332 diximuS,
1974 1253 2039 1320 in
2095 1254 2401 1322 hocloco
2446 1253 2791 1354 degimus.

249 1350 499 1413 Panem
553 1365 685 1412 non
739 1343 1194 1432 gustavimus,
1249 1365 1373 1412 nec
1423 1344 1634 1411 alium
1691 1343 1925 1411 cibum
1999 1342 2454 1432 sumpsimuS,
2503 1345 2635 1413 nisi
2688 1366 2793 1412 so-

253 1431 607 1512 lummodo
654 1432 737 1500 de
772 1431 1110 1501 fructibus
1153 1433 1399 1502 harum
1453 1432 1805 1502 arborum.
1863 1431 1977 1498 Sin
2035 1430 2168 1501 ulis
2216 1453 2371 1500 vero
2420 1431 2798 1500 hebdoma-

251 1521 357 1590 dis
407 1521 615 1592 semel
654 1533 917 1591 tantum
957 1542 1080 1591 nos
1134 1522 1443 1614 videmus
1494 1521 1811 1589 invicem.
1867 1523 1940 1586 ln
2044 1542 2122 1588 oc
2171 1521 2355 1588 enim
2411 1520 2556 1590 loco
2613 1521 2799 1588 inve-

254 1611 513 1689 nimur,
562 1621 626 1680 et
676 1611 875 1679 nobis
908 1609 1199 1679 invicem
1247 1611 1681 1679 occurrimus
1716 1607 1998 1677 sabbato
2033 1621 2097 1677 et
2146 1623 2376 1678 sancta
2419 1609 2794 1678 Dominica.

252 1704 405 1768 Post
454 1699 580 1767 hos
611 1711 839 1768 autem
889 1698 1064 1768 duos
1111 1699 1258 1770 dies
1306 1699 1791 1784 unusquisque
1843 1709 2155 1766 nostrum
2217 1699 2398 1766 venit
2447 1699 2516 1766 in
2572 1698 2802 1767 locum

253 1787 639 1878 proprium,
678 1801 741 1856 et
789 1786 973 1877 apud
1029 1810 1098 1857 se
1143 1788 1402 1878 degit.»
1433 1788 1574 1878 Ipsi
1612 1809 1766 1855 vero
1803 1808 2046 1855 rursus
2096 1787 2361 1856 fructus
2392 1787 2795 1867 attulerunt,

250 1890 314 1945 et
362 1877 824 1946 communiter
871 1877 1107 1945 cibum
1160 1877 1616 1966 sumpsimus.
1669 1881 1976 1960 Cumque
2030 1889 2258 1964 postea
2306 1877 2565 1966 egressi
2628 1876 2800 1945 fuis-

252 1987 510 2044 semuS‚
565 1964 771 2033 simul
824 1966 1287 2054 processimus
1335 1966 1608 2035 circiter
1654 1964 1967 2051 quinque
2016 1964 2340 2034 milliaria
2388 1971 2506 2054 pei·
2554 1964 2797 2036 solitu-

251 2055 511 2123 dinem.
568 2059 735 2123 Cum
771 2067 999 2123 autem
1027 2055 1127 2123 eis
1178 2055 1322 2123 vale
1357 2055 1682 2134 dicerem,
1723 2053 1956 2142 rogavi
2004 2075 2119 2122 eos
2168 2066 2243 2122 ut
2291 2052 2597 2124 dicerent
2634 2053 2807 2121 mihi

252 2166 378 2212 sua
431 2144 736 2211 nomina.
772 2147 847 2211 Et
878 2143 1147 2233 primus
1193 2144 1473 2231 quidem
1507 2143 1700 2221 dixit,
1754 2143 2096 2213 Joannes:
2147 2143 2494 2212 secundus
2545 2155 2800 2223 autem,

251 2231 600 2300 Andreas:
657 2233 896 2302 tertius
940 2253 1117 2312 ver0,
1154 2232 1652 2302 Heraclambon
1685 2255 1696 2298 :
1732 2243 2046 2317 quartuS,
2094 2231 2554 2329 Theophilus:
2615 2253 2808 2319 prae-

251 2321 588 2408 cipientes
637 2321 808 2388 mihi
857 2319 1083 2389 dicere
1147 2322 1427 2389 nomina
1477 2343 1604 2390 sua
1654 2319 1982 2388 fratribus
2030 2320 2110 2387 ad
2191 2342 2300 2389 sui
2366 2320 2797 2387 memoriam.

253 2414 397 2499 Ego
445 2430 600 2477 vero
647 2430 762 2477 eos
811 2410 1069 2499 rogavi,
1128 2422 1201 2478 ut
1253 2410 1385 2478 mei
1438 2410 1941 2478 meminissent.

343 2501 379 2585 ξ
426 2502 577 2570 10.
634 2503 800 2567 Cum
859 2512 1086 2568 autem
1140 2499 1225 2567 ab
1284 2500 1383 2567 eis
1431 2499 1940 2576 discessissem,
2013 2509 2076 2564 et
2137 2518 2272 2566 non
2343 2496 2640 2565 viderem
2691 2518 2809 2565 eos

263 2586 594 2676 amplius,
649 2586 998 2656 ambulavi
1041 2588 1287 2668 tristis,
1343 2587 1713 2658 recordans
1767 2599 1832 2655 et
1879 2608 1958 2654 ea
2006 2586 2386 2669 admirans.
2442 2606 2621 2672 quae
2668 2585 2810 2653 vidi

253 2676 427 2744 meis
475 2675 720 2743 oculis.
775 2681 1042 2746 Rursus
1077 2699 1231 2745 vero
1279 2676 1463 2766 apud
1510 2698 1617 2744 me
1668 2696 1994 2765 magnam
2037 2674 2396 2764 capiebam
2448 2673 2803 2754 laetitiam,

253 2763 611 2832 admirans
646 2778 709 2833 et
758 2765 1128 2834 recordans
1176 2787 1442 2844 earum,
1497 2787 1669 2850 quas
1736 2774 2151 2833 consecutus
2212 2762 2337 2842 sui,
2388 2761 2810 2831 benedictio-

254 2875 425 2922 num
477 2875 516 2920 a
557 2853 1181 2923 sanctis‘Eremitis
1229 2865 1294 2922 et
1343 2866 1578 2922 sancto
1628 2852 1904 2943 AngelO.
1963 2856 2129 2921 Cum
2188 2864 2416 2920 autem
2468 2851 2808 2922 venissem

255 2942 324 3009 in
367 2946 750 3031 Aegyptum
803 2942 1045 3010 itinere
1095 2944 1305 3011 trium
1382 2942 1698 3023 dierum,
1769 2942 1944 3011 inter
2004 2939 2511 3010 ambulandum
2579 2937 2809 3008 inveni

253 3029 430 3100 duos
480 3030 722 3100 fratres
773 3036 985 3100 Deum
1024 3031 1364 3100 timentes.
1417 3030 1609 3121 Apud
1662 3032 1852 3120 ipsos
1899 3044 2125 3099 autem
2160 3030 2388 3116 quievi
2437 3028 2523 3097 ad
2571 3029 2810 3100 decem

254 3118 423 3198 dies,
479 3120 919 3188 annuncians
968 3120 1066 3189 eis
1107 3120 1227 3188 illa
1273 3142 1450 3205 quae
1502 3118 1662 3197 vidi,
1718 3134 1783 3187 et
1829 3141 1907 3188 ea
1940 3140 2117 3205 quae
2154 3118 2325 3186 mihi
2376 3118 2801 3187 acciderunt.

259 3207 402 3296 Ipsi
435 3229 590 3276 vero
642 3208 815 3275 mihi
863 3207 1380 3298 respondentes,
1436 3208 1758 3277 dixerunt
1805 3230 1964 3277 cum
2000 3208 2193 3276 omni
2243 3207 2531 3294 gaudio:
2573 3212 2804 3284 «Vere,

259 3294 468 3363 frater
508 3296 875 3385 Paphnuti,
942 3312 1262 3386 magnam
1306 3298 1598 3386 gratiam
1641 3319 1716 3365 es
1763 3309 2208 3376 consecutuS,
2265 3297 2382 3382 qui
2431 3296 2690 3385 dignus
2739 3317 2813 3362 es

257 3383 561 3464 habitus,
617 3397 689 3453 ut
738 3385 1003 3454 videres
1055 3407 1343 3475 magnos
1378 3399 1441 3455 et
1482 3385 1817 3476 perfectos
1866 3386 1982 3453 Dei
2032 3407 2333 3453 servos.»
2385 3386 2523 3473 Ipsi
2576 3396 2811 3452 autern

262 3471 536 3542 fratres.
579 3473 863 3563 benigni
922 3487 986 3542 et
1033 3473 1427 3555 clementes,
1505 3474 1888 3564 diligebant
1955 3478 2167 3543 Deum
2216 3495 2294 3543 ex
2357 3485 2495 3541 tota
2550 3472 2806 3540 anima.

258 3562 663 3631 Nominatur
709 3576 939 3632 autem
990 3562 1186 3632 locus
1240 3584 1478 3632 eorum
1531 3563 1769 3633 Scites.
1816 3567 1981 3631 Cum
2044 3582 2198 3631 vero
2246 3561 2675 3631 audivissent
2733 3582 2814 3628 ea

261 3670 438 3736 quae
484 3672 611 3739 ego
658 3650 798 3719 illis
835 3653 1149 3731 narravi,
1208 3674 1287 3720 ea
1326 3651 1694 3741 diligenter
1741 3651 2326 3741 conscripserunt,
2381 3661 2447 3719 et
2504 3649 2815 3718 celeriter

257 3754 635 3821 currentes,
675 3739 995 3809 obierunt
1044 3751 1251 3810 totam
1304 3741 1551 3810 Scitem
1599 3741 1657 3821 ⁴⁸,
1715 3739 2005 3809 ferentes
2056 3740 2339 3818 librum,
2393 3760 2599 3824 quem
2641 3760 2813 3807 con-

260 3827 690 3917 scripserunt
735 3830 815 3897 dx
858 3850 1009 3898 mea
1059 3829 1473 3898 narratione.
1530 3833 1605 3898 Et
1642 3841 2006 3918 postquam
2053 3850 2134 3897 ea
2183 3827 2508 3917 legissent
2557 3827 2815 3896 sanctis

257 3917 597 4005 patribuS,
642 3931 1056 4008 acceperunt
1100 3940 1259 3988 eum
1312 3919 1384 3986 in
1433 3918 1820 3998 ecclesiam,
1866 3938 2069 4003 quem
2129 3916 2410 4004 quidem
2462 3914 2604 3984 illic
2657 3915 2815 3984 reli-

253 4017 554 4091 querunt
601 4005 689 4075 ad
746 4006 1019 4076 lucrum
1068 4019 1133 4075 et
1195 4006 1518 4075 laetitiam
1570 4007 1656 4075 iis
1703 4007 1842 4092 ·qui
1891 4005 2184 4076 credunt
2235 4018 2299 4074 et
2354 4027 2435 4074 ea
2484 4003 2863 4075 audiunt..

255 4098 424 4162 Nam
465 4116 604 4180 qua
651 4095 823 4164 hora
869 4094 1209 4164 voluerint
1246 4096 1416 4164 haec
1458 4094 1800 4174 meditari,
1855 4094 2078 4185 magis
2124 4094 2547 4164 benedicunt
2598 4097 2814 4162 Deum

251 4194 322 4250 et
371 4196 643 4252 sanctos
678 4184 850 4273 ejus,
888 4183 1076 4273 pleni
1126 4184 1382 4253 laetitia
1410 4197 1476 4253 et
1508 4183 1950 4264 exultatione,
1998 4204 2159 4253 cum
2186 4183 2644 4270 hilsermones
2676 4182 2817 4250 sint

257 4269 446 4361 pleni
495 4272 1093 4362 contemplatione,
1127 4294 1338 4359 quam
1386 4294 1512 4364 ego
1553 4272 1892 4342 minimus
1924 4293 2164 4342 servus
2195 4272 2653 4362 PaphnutiuS,
2696 4268 2814 4337 Dei

258 4360 691 4449 providentia
738 4360 1066 4452 dignatus
1115 4384 1271 4432 sum
1321 4362 1621 4450 assequi.

308 4480 333 4503 ⁴⁹
362 4481 471 4523 Sive
490 4483 742 4534 Scennmde
762 4483 1120 4532 eamv01.1,p.
1143 4484 1205 4523 69.
