3357 4995
218 324 446 390 anll
496 325 583 389 24-
929 342 1007 389 na
1054 341 1433 390 anrrArn
1476 341 1533 388 s.
1583 339 1847 388 mamus
1895 341 2074 388 narr.
2553 324 2695 388 505

313 428 352 514 §
399 431 531 499 n.
586 430 800 508 Quem
846 447 1005 496 cum
1064 447 1146 495 ex
1185 424 1466 495 matrice
1512 425 1583 494 in
1634 425 1916 496 matrice
1977 424 2350 515 aspexisset
2411 431 2763 510 JoanneS,

225 515 561 586 terminos
598 526 888 585 naturae
934 513 1358 595 concutiens,
1404 513 1762 584 exclamat:
1805 513 2016 583 Video
2050 514 2445 594 Dominum,
2497 515 2620 602 qui
2648 539 2770 585 na-

223 617 420 675 turae
453 602 785 693 imposuit
815 603 1167 684 termium,
1198 613 1262 672 et
1312 624 1446 671 non
1488 613 1767 692 expecto
1815 613 2089 693 tempus
2112 602 2466 672 nascendi.
2519 608 2770 674 Novem

224 691 570 761 mensium
629 692 814 761 enim
882 702 1154 781 tempus
1210 690 1279 758 in
1327 703 1524 761 utero
1571 712 1709 761 non
1757 703 1861 761 est
1908 690 2080 760 mihi
2140 691 2633 761 necessarium.
2688 697 2768 762 In

226 802 338 850 me
365 793 467 851 est
502 780 709 857 enim,
746 780 867 865 qui
899 792 1001 848 est
1039 792 1380 848 aeternus,
1417 778 1743 870 Egrediar
1769 801 1851 848 ex
1884 779 2012 849 hoc
2048 780 2403 850 tenebroso
2451 780 2778 851 taberna-

224 869 431 950 culo,
484 890 715 939 rerum
768 868 1287 939 admirabilium
1349 868 1908 957 compendiosam
2009 866 2370 938 raedicabo
2434 869 2772 960 cognitio-

228 979 411 1027 nem.
448 962 611 1028 Sum
644 955 1573 1047 signaculumsignificaho
1620 956 1868 1026 Christi
1906 978 1947 1026 a
2000 968 2301 1026 ventum.
2361 962 2523 1027 Sum
2577 958 2764 1040 tuba,

227 1044 569 1136 proferam
621 1046 743 1114 filii
782 1046 892 1114 Dei
937 1045 1006 1113 in
1048 1066 1255 1115 carne
1300 1045 1795 1115 oeconomiam.
1850 1045 2039 1114 Tuba
2084 1067 2367 1128 canam,
2420 1060 2486 1115 et
2535 1047 2771 1137 eoipso

228 1147 554 1226 paternae
586 1133 866 1224 linguae
912 1133 1337 1214 benedicam,
1398 1147 1465 1203 et
1510 1155 1659 1203 eam
1714 1135 2005 1215 traham,
2058 1147 2136 1204 ut
2183 1133 2526 1222 loquatur.
2580 1136 2771 1206 Tuba

225 1245 500 1303 canam,
552 1235 617 1294 et
664 1235 932 1291 uterum
987 1235 1373 1292 maternum
1408 1222 1790 1293 vivificabo,

313 1314 350 1400 ξ
395 1317 547 1384 1⁷1.
600 1310 822 1392 Vides,
876 1332 914 1380 o
962 1310 1229 1392 dilecte,
1281 1333 1488 1398 quam
1528 1312 1617 1381 sit
1666 1332 1918 1380 novum
1954 1322 2018 1381 et
2068 1311 2478 1381 admirabile
2522 1325 2772 1401 myste-

224 1400 434 1470 rium.
474 1399 789 1470 Nondum
843 1400 1170 1478 nascitur,
1225 1413 1289 1468 et
1336 1399 1626 1471 saltibus
1692 1400 2019 1487 loquitur:
2075 1398 2382 1470 nondum
2448 1406 2761 1491 apparet,

223 1502 291 1558 et
339 1489 565 1558 minas
622 1488 932 1558 intentat.
987 1488 1301 1558 Nondum
1352 1488 1413 1557 ei
1478 1488 1897 1578 permittitur
1943 1487 2265 1569 clamare,
2313 1501 2376 1559 et
2427 1511 2548 1579 per
2594 1489 2771 1560 facta

225 1576 531 1648 auditur.
584 1576 903 1650 Nondum
937 1576 1143 1646 discit
1189 1577 1420 1656 vitam,
1460 1589 1525 1647 et
1573 1583 1785 1646 Deum
1818 1576 2190 1666 praedicat.
2227 1576 2542 1648 Nondum
2582 1579 2770 1669 aspi-

228 1666 323 1736 cit
358 1665 609 1746 lucem,
662 1678 726 1737 et
759 1666 969 1736 solem
1035 1665 1314 1734 indicat.
1370 1666 1683 1735 Nondum
1719 1666 2025 1766 paritur,
2078 1678 2140 1734 et
2207 1678 2525 1756 properat
2571 1689 2771 1757 prae-

232 1777 530 1824 currere.
583 1759 725 1824 Non
776 1753 904 1824 fert
934 1754 1117 1824 enim
1156 1769 1507 1854 praesente
1544 1760 1828 1824 Domino
1875 1754 2244 1833 contineri,
2293 1777 2425 1825 non
2480 1757 2773 1826 sustinet

229 1858 514 1914 naturae
575 1854 928 1933 expectare
978 1856 1347 1913 terminos:
1428 1841 1543 1912 sed
1620 1842 1971 1912 contendit
2035 1864 2355 1933 rumpere
2418 1867 2767 1914 carcerem

225 1933 503 2013 ventri5‚
542 1945 607 2002 et
640 1931 866 2001 studet
914 1931 1470 2022 praesignificare
1521 1931 1897 2000 venientem
1952 1931 2391 2001 Salvatorem.
2446 1934 2763 2013 Accessit,

225 2022 472 2109 inquit,
525 2022 641 2108 qui
693 2019 890 2091 solvit
923 2019 1220 2089 vincula:
1272 2020 1542 2107 etquid
1576 2043 1702 2110 ego
1751 2020 1953 2090 sedeo
1992 2020 2289 2100 vinctus,
2337 2034 2402 2090 et
2443 2022 2762 2103 retineor,

226 2123 304 2179 ut
354 2111 717 2178 maneam?
773 2109 966 2178 Venit
1011 2108 1293 2179 verbum
1324 2164 1339 2189 ,
1390 2122 1467 2178 ut
1512 2109 1744 2179 omnia
1793 2109 2201 2180 constituat:
2255 2120 2320 2177 et
2358 2131 2483 2200 ego
2531 2110 2764 2181 adhuc

227 2219 471 2266 maneo
518 2197 872 2266 detentus?
931 2198 1186 2278 Exib0,
1254 2219 1736 2287 praecurram,
1804 2209 1870 2266 et
1967 2196 2327 2266 raedicabo
2384 2198 2713 2270 omnibus
2746 2255 2761 2280 ,

222 2290 386 2355 Ecce
416 2291 634 2370 Aqnus
662 2289 802 2365 Dei,
820 2287 943 2377 qui
965 2289 1143 2356 tollit
1168 2296 1517 2376 peccatum
1541 2287 1798 2354 mundi.
1827 2291 1903 2355 Et
1981 2307 2097 2355 aec
2128 2285 2402 2373 quidem
2439 2285 2761 2357 Joannes.

312 2375 350 2461 ὃ
397 2379 543 2446 13.
598 2375 945 2444 Elizabetlt
1004 2385 1230 2444 autem
1286 2378 1635 2464 impletum
1683 2385 1777 2444 est
1827 2385 2085 2464 temp-us
2121 2374 2464 2465 pariendi,
2532 2386 2594 2444 et
2649 2399 2772 2467 pe-

221 2465 399 2553 perit
450 2465 699 2553 filium:
746 2474 810 2534 et
862 2464 1223 2533 audierunt
1264 2465 1565 2533 viciniat
1607 2464 1882 2553 coquati
1915 2465 2084 2554 ejus,
2138 2474 2202 2533 et
2242 2465 2774 2554 maculabantur

225 2552 314 2622 ei.
367 2555 499 2620 Cur
545 2565 770 2623 autem
816 2552 1078 2642 peperit
1112 2565 1177 2622 et
1206 2554 1492 2642 genuit?
1529 2552 1720 2635 Quod
1756 2551 1925 2621 illud
1963 2552 2243 2639 quidem
2285 2565 2386 2619 est
2427 2574 2604 2641 opus
2653 2576 2773 2622 na-

225 2650 444 2721 turae,
502 2642 627 2709 hoc
675 2663 833 2710 vero
867 2663 1078 2731 supra
1127 2654 1493 2710 naturam:
1532 2639 1810 2728 quando
1834 2641 2113 2727 quidem
2162 2640 2424 2731 peperit
2455 2641 2763 2728 quidem,

225 2741 305 2799 ut
352 2729 649 2799 mulier:
703 2729 820 2798 sed
872 2729 1267 2829 supervenit
1305 2730 1521 2819 gratia
1556 2728 1774 2799 sancti
1816 2728 2134 2818 Spiritus,
2176 2740 2240 2798 et
2288 2730 2525 2819 genuit
2557 2753 2772 2821 supra

227 2830 573 2887 naturam.
627 2818 823 2888 Aliud
874 2840 1056 2886 enim
1100 2830 1201 2888 est
1242 2834 1525 2886 naturae
1556 2838 1757 2907 opuS,
1805 2816 1992 2886 aliud
2043 2818 2325 2908 gratiae.
2381 2823 2536 2889 Erat
2582 2819 2769 2888 enim

228 2906 672 2988 miraculum,
716 2907 898 2994 quod
935 2906 1139 2976 fiebat
1169 2906 1255 2975 ab
1301 2912 1587 2988 Joanne‚
1619 2919 1686 2975 et
1709 2927 1839 2975 non
1875 2918 2141 2976 tantum
2177 2906 2475 2977 habebat
2506 2907 2771 2996 paterni

226 2995 522 3083 generis,
578 3009 914 3082 quantum
970 2996 1089 3064 Dei
1134 2995 1341 3065 verbi.
1379 2999 1518 3065 Hoc
1556 3006 1784 3064 autem
1823 2994 2262 3085 significabat
2299 2996 2771 3087 Archangelus

226 3082 522 3164 Gabriel,
576 3084 816 3153 dicens
863 3084 1265 3153 Zachariae:
1319 3088 1488 3153 Ecce
1536 3105 1708 3152 uxor
1758 3094 1869 3152 tua
1927 3085 2141 3173 pariet
2207 3083 2458 3164 filium,
2515 3096 2578 3154 et
2615 3088 2773 3176 Spi-

222 3174 365 3240 ritu
404 3175 645 3242 Sancto
698 3174 1067 3262 replebitur
1128 3195 1219 3241 ea>
1267 3182 1455 3242 utero
1502 3175 1740 3241 matn's
1801 3194 1988 3245 suae.
2045 3183 2109 3242 et
2158 3175 2404 3242 multos
2470 3176 2770 3263 filiorum

224 3264 443 3330 Israel
488 3271 829 3331 convertet.
844 3262 936 3330 ad
976 3263 1329 3331 Dominum
1360 3266 1563 3330 Deum
1593 3263 1917 3352 ipsorum.-
1950 3266 2032 3332 Et
2067 3264 2096 3330 z·
2136 3283 2206 3331 se
2226 3262 2579 3352 praecedet
2615 3273 2773 3333 ante

226 3351 429 3419 illum
456 3352 525 3419 in
571 3352 819 3439 spiritu
843 3360 907 3418 et
933 3352 1182 3420 virtute
1206 3351 1397 3420 Eliae
1423 3351 1669 3439 (Lucae
1711 3373 1757 3430 1,
1797 3354 1879 3419 45
1906 3360 1967 3419 et
1996 3355 2078 3420 ⁴6
2118 3405 2131 3419 .

315 3440 353 3526 ξ
399 3442 538 3510 14.
593 3438 930 3521 Quoniam
973 3460 1135 3530 ergo
1180 3451 1280 3508 est
1327 3436 1759 3508 admirabilis
1793 3449 2078 3508 naturae
2126 3451 2315 3509 ortus
2356 3437 2662 3521 infantis,
2708 3450 2773 3509 et

227 3527 585 3597 Zacharias
630 3526 910 3613 quidem
966 3549 1099 3598 non
1158 3526 1470 3608 credidit,
1526 3527 1870 3596 Elizabeth
1925 3540 2152 3597 autem
2207 3549 2341 3597 non
2393 3526 2759 3610 dubitavit,

227 3615 418 3686 tarde
449 3617 760 3707 genitum
812 3629 1080 3708 praeter
1124 3638 1313 3706 spem
1365 3615 1628 3685 habens
1691 3613 1942 3695 filium,
1997 3638 2075 3685 ea
2133 3615 2218 3685 de
2254 3638 2466 3686 causa
2513 3615 2775 3688 dicitur

229 3708 467 3795 parere
514 3718 580 3776 et
607 3706 931 3797 gignere:
968 3704 1142 3775 illud
1176 3703 1456 3792 quidem
1509 3715 1787 3794 propter
1840 3716 2185 3786 naturam,
2239 3704 2368 3775 hoc
2404 3725 2559 3773 vero
2613 3727 2773 3805 pro-

229 3806 378 3882 pter
423 3792 655 3863 fidem.
696 3794 826 3877 Qui
873 3793 1058 3863 enim
1092 3792 1336 3895 gignit,
1367 3794 1547 3862 sicut
1587 3791 1781 3882 prius
1820 3791 1986 3873 dixi,
2018 3793 2241 3885 gignit
2269 3815 2424 3864 cum
2480 3791 2764 3863 laetitia:

229 3901 404 3967 quae
434 3893 662 3952 autem
716 3883 914 3972 parit,
960 3897 1140 3974 parit
1184 3904 1253 3951 ιη
1287 3880 1665 3951 doloribus.
1707 3885 2058 3963 Quaenam
2107 3904 2264 3951 vero
2313 3881 2590 3951 tristitia
2643 3881 2773 3953 fuit

235 3968 307 4036 in
356 3970 720 4052 Elizabeth,
775 3971 897 4041 ubi
942 3971 1179 4041 aderat
1247 3983 1528 4040 sanctus
1578 3970 1925 4060 Spiritus?
1977 3992 2111 4041 non
2179 3982 2323 4040 erat
2369 3979 2597 4038 autem
2648 3971 2772 4041 ob—

231 4058 524 4128 stetricis
569 4060 1162 4141 circumcursatio,
1198 4080 1325 4128 nec
1354 4059 1613 4160 gratiae
1646 4070 1877 4128 tumor
1906 4080 2086 4129 onus
2114 4058 2510 4138 extendenS,
2560 4060 2767 4130 mise·

232 4143 519 4215 rabilem
565 4146 906 4219 efficiebat
942 4148 1271 4228 laborem,
1322 4169 1380 4217 si
1417 4146 1814 4217 conteratur
1849 4169 2010 4217 cum
2060 4147 2340 4217 laetitia.
2387 4151 2532 4216 Non
2581 4148 2767 4217 enim

235 4245 596 4323 postquam
655 4234 786 4306 fuit
834 4248 1073 4317 natus,
1126 4249 1193 4307 et
1238 4235 1324 4305 ad
1373 4235 1638 4305 virilem
1718 4236 2026 4325 pervenit
2085 4248 2415 4314 aetatem,
2471 4237 2767 4324 gratiam

230 4323 497 4413 accepit
521 4323 838 4396 Joannes':
892 4324 1010 4395 sed
1048 4347 1128 4395 ex
1155 4326 1304 4416 ipso
1339 4337 1645 4395 materno
1675 4336 1870 4393 utero
1917 4324 2213 4395 amictus
2247 4335 2427 4394 veste
2461 4324 2769 4394 sanctifi-

230 4412 548 4494 cationis,
575 4427 839 4503 praeter
861 4414 1257 4504 opinionem
1280 4413 1611 4505 procedit,
1641 4424 1972 4500 tanquam
1995 4413 2217 4496 miles,
2239 4410 2764 4483 admirabiliter:
