3357 4995
253 333 468 403 luxu
522 340 601 403 ’14
2591 344 2718 408 315

534 480 640 557 IN
678 480 752 559 S.
801 480 1448 560 PROPHETAM
1488 483 1954 564 ELISEUM
1995 484 2521 564 LAUDATIO

833 706 1196 805 BASILll
1269 706 1827 808 SELEUmE
1920 710 2223 811 EPlSC.

974 915 1257 959 HABETUR
1313 916 1372 960 ΙΝ
1427 917 1552 960 Sffl.
1612 917 2059 960 METAPHRASTE

1049 1059 1333 1112 Saeculo
1385 1061 1540 1112 ante
1583 1059 1737 1113 Chr.
1789 1059 1998 1112 XXV.

337 1244 375 1316 ἓ
425 1241 500 1307 1.
557 1240 645 1304 Ex
695 1236 1187 1336 prophetarum
1244 1260 1531 1306 numero
1581 1239 1698 1306 alii
1751 1260 2066 1307 sermone
2100 1238 2445 1307 Christum
2488 1259 2796 1338 pronun-

250 1326 545 1403 ‹.·iarunt,
591 1324 708 1392 alii
752 1347 954 1414 opere
986 1348 1064 1394 ac
1116 1327 1309 1396 factis
1358 1327 1506 1413 ejus
1559 1349 1664 1395 res
1714 1327 2132 1399 indicarunt.
2196 1326 2312 1395 alii
2364 1327 2635 1394 divinae
2692 1327 2795 1393 di-

251 1415 708 1502 spensationis
760 1415 1052 1504 figuram
1119 1430 1182 1482 et
1253 1437 1476 1484 rerum
1537 1415 1930 1485 suturarum
1993 1416 2393 1504 imaginem,
2458 1429 2787 1501 tanquam

163 1589 168 1592 ι
248 1503 773 1571 adumbratione
812 1503 1108 1589 quadam
1151 1518 1808 1592 praemonstrarunt.
1863 1510 2186 1572 Sermone
2219 1504 2560 1572 Christum
2598 1526 2791 1592 prae-

250 1591 934 1670 nunciaruntlsaiaS,
988 1594 1366 1676 serenitas„
1387 1594 1715 1673 Ezechiel,
1769 1606 1832 1661 et
1863 1615 1998 1661 una
2051 1592 2383 1661 cumillis
2423 1593 2787 1661 duodecim

244 1680 361 1747 alii
416 1679 804 1768 prophetae.
865 1681 1083 1750 Factis
1125 1680 1319 1748 illum
1376 1682 1773 1750 indicarunt
1832 1681 1970 1749 Elia
2016 1682 2368 1750 Thesbites
2416 1694 2478 1749 et
2530 1681 2793 1750 Eliseus

245 1771 394 1852 ejus
444 1768 857 1857 discipulus,
917 1770 1162 1858 Figura
1219 1770 1439 1858 ipsius
1501 1772 1895 1860 sepulturae
1969 1770 2094 1837 fuit
2139 1771 2359 1838 Jonas
2428 1770 2786 1856 Propheta.

246 1860 434 1924 Sicut
465 1860 661 1936 enim,
702 1858 926 1943 inquit
977 1859 1120 1946 ipse
1166 1859 1492 1926 Dominus
1543 1860 1610 1926 in
1667 1859 2052 1946 Evangelio,
2111 1862 2243 1945 suit
2278 1858 2490 1926 Jonas
2542 1862 2791 1926 inven-

249 1957 347 2013 tre
398 1949 528 2013 ceti
559 1947 768 2014 tribus
816 1948 1043 2014 diebus
1104 1959 1164 2014 et
1216 1949 1425 2015 eribus
1465 1950 1783 2022 noctibus,
1850 1951 1949 2015 ita
1990 1951 2113 2014 eric
2161 1951 2346 2035 filius
2394 1949 2677 2015 hominis
2727 1951 2789 2014 in

248 2036 440 2101 eorde
473 2046 693 2102 terrae
723 2037 931 2102 eribus
963 2037 1190 2104 dicbus
1231 2047 1290 2103 et
1333 2039 1541 2104 tribus
1573 2039 1868 2104 noctibus
1899 2038 2165 2123 (Halm.
2202 2043 2343 2120 κη).

336 2125 371 2208 ξ
424 2129 510 2192 2.
569 2123 692 2191 Sed
751 2124 1004 2191 interea
1051 2126 1272 2192 Jonae
1333 2140 1395 2192 et
1455 2126 1656 2204 Eliae,
1716 2125 2148 2210 aliorumque
2208 2125 2667 2192 narrationem
2725 2125 2789 2191 in

253 2211 438 2278 aliud
480 2225 749 2301 tempus
799 2213 1223 2292 differamuS‚
1291 2213 1586 2282 Eliseum
1641 2235 1797 2282 vero
1862 2215 1926 2280 in
1974 2213 2275 2281 medium
2343 2214 2782 2301 proferentes.

260 2299 553 2385 primum
605 2323 1046 2386 quaeramus,
1103 2324 1315 2387 quare
1367 2302 1821 2371 Sunamitidis
1872 2301 2092 2369 filium
2150 2324 2279 2369 non
2332 2302 2658 2378 oratione,
2719 2315 2792 2369 ut

257 2393 488 2458 Petrus
534 2389 891 2479 Apostolus
943 2391 1310 2458 Dorcadem
1364 2388 1671 2468 illam,'a
1725 2392 2011 2458 mortuis
2060 2390 2371 2458 excitavit
2417 2391 2601 2477 (Aet.
2659 2389 2783 2475 ix),

250 2475 362 2546 sed
420 2500 626 2567 supra
679 2491 1024 2548 mortuum
1060 2479 1249 2548 illius
1299 2480 1493 2579 pueri
1544 2502 1797 2569 corpus
1846 2480 2148 2569 seipsum
2182 2478 2542 2571 expandit:
2593 2479 2785 2568 pueri

246 2567 430 2634 enim
482 2569 605 2647 ori,
663 2570 768 2636 sui
820 2569 959 2636 oris
991 2570 1450 2657 superficiem,
1488 2590 1688 2638 nares
1725 2570 2032 2647 naribus
2083 2568 2281 2636 fronti
2314 2568 2628 2645 frontem,
2673 2589 2786 2655 pe·

245 2655 453 2724 dibus
503 2656 710 2743 pedes
765 2659 1329 2735 accommodavit,
1389 2672 1626 2747 pectus
1707 2659 1917 2726 ectori
1948 2670 2010 2725 et
2040 2657 2260 2726 oculis
2308 2656 2542 2724 oculos
2593 2655 2788 2723 adhi-

250 2744 415 2821 buit,
470 2759 556 2823 et,
593 2757 667 2813 ut
709 2747 1104 2815 summatim
1141 2747 1393 2825 dicam,
1448 2747 1656 2835 singu
1689 2770 1729 2817 a
1778 2748 1972 2836 pueri
2027 2746 2333 2814 membra
2373 2747 2519 2813 suis
2570 2766 2785 2811 mem-

249 2833 387 2899 bris
459 2833 791 2922 Propheta
858 2837 1286 2923 contingens,
1363 2838 1567 2904 vitam
1628 2836 1761 2924 ipsi
1819 2836 2105 2923 largitus
2152 2848 2273 2901 est.
2334 2840 2518 2915 Quae
2579 2834 2787 2921 igitur

247 2922 372 2989 l‘uit
420 2944 653 3001 causa,
733 2936 806 2991 ut
856 2938 1204 2992 mortuum
1263 2946 1549 3014 puerum
1627 2926 1932 2993 oratione
1997 2945 2127 2991 non
2178 2923 2589 2999 excitaverit,
2668 2921 2783 2990 sed

248 3010 550 3099 seipsum
593 3012 743 3100 ejus
791 3013 1056 3099 corpori
1102 3013 1534 3101 adjunxerit?
1569 3018 1747 3080 Haec
1783 3013 1919 3081 illis
1949 3013 2227 3098 quidem
2258 3013 2323 3079 in
2360 3013 2580 3101 figura
2621 3032 2785 3079 con-

249 3098 548 3187 tigerunt
595 3113 659 3168 et
706 3100 790 3168 ad
837 3115 1137 3169 nostram
1189 3102 1573 3170 doctrinam
1605 3103 1861 3191 scripta
1911 3116 2094 3179 sunt,
2134 3100 2216 3168 ad
2270 3122 2441 3185 quos
2478 3100 2649 3168 fines
2684 3120 2782 3167 se-

246 3188 562 3256 culorum
605 3189 1049 3258 devenerunt.
1098 3196 1465 3259 Narremus
1517 3191 1749 3279 igitur,
1803 3190 2006 3279 cujus
2057 3191 2167 3258 rei.
2202 3189 2425 3277 figura
2474 3188 2601 3257 fuit
2650 3187 2783 3254 Eli-

247 3298 429 3355 seu5‚
483 3290 548 3344 et
595 3280 798 3366 cujus
849 3278 1035 3347 lilius
1086 3279 1537 3348 Sunamitidis
1589 3280 1926 3357 mulieriS‚
1981 3280 2098 3364 qui
2153 3290 2465 3346 mortuus
2526 3277 2777 3355 suerat,

253 3366 620 3454 imaginem
675 3369 1269 3455 praemonstrabat
1301 3370 1350 3434 ⁸.

336 3456 510 3538 §a
566 3454 831 3524 Eliseus
902 3456 1149 3523 Christi
1217 3456 1511 3545 figuram
1563 3456 2041 3545 praeferebat,
2111 3454 2561 3523 Sunamitidis
2628 3475 2783 3521 vero

247 3540 434 3609 lilius
464 3544 768 3631 gentium
807 3544 1142 3633 populum
1181 3544 1562 3633 figurabat:
1603 3546 1713 3613 hic
1746 3545 1929 3613 enim
1982 3568 2035 3612 a*
2074 3556 2347 3632 peccato
2395 3543 2545 3632 ipso
2581 3542 2783 3610 morti

243 3630 594 3718 subjectus
646 3633 884 3700 fuerat.
941 3633 1132 3701 Venit
1182 3634 1392 3722 igitur
1440 3634 1824 3722 spiritualis
1876 3632 2136 3701 Eliseus
2169 3644 2233 3699 et
2274 3633 2423 3720 eJus
2474 3630 2781 3699 membra

241 3720 497 3797 omnia,
552 3743 649 3801 os,
704 3721 963 3800 oculoS‚
1024 3744 1271 3789 manus
1320 3723 1547 3811 ipsaS‚
1605 3722 1857 3811 pedeS,
1923 3734 2137 3790 totum
2187 3721 2485 3806 denique
2532 3740 2783 3808 corpus

241 3820 589 3877 mortuum
639 3810 1110 3899 deprehendit.
1153 3816 1240 3879 Os
1295 3810 1608 3903 videlicet
1657 3824 2008 3878 mortuum
2058 3822 2225 3886 erat,
2285 3809 2467 3895 quod
2512 3830 2640 3877 non
2695 3807 2781 3875 ad

246 3896 352 3962 llei
406 3895 694 3984 gloriam
756 3899 1239 3967 celebrandam
1309 3900 1615 3987 linguam
1667 3899 2042 3977 exercebat,
2098 3898 2212 3967 sed
2269 3900 2451 3987 liquo
2500 3898 2774 3967 (licebat.

247 3990 444 4051 Pater
473 4009 656 4053 meus
690 4010 757 4055 es
809 3999 923 4056 tu:
977 3999 1036 4056 et
1081 3989 1319 4078 lapid-i,
1375 3994 1463 4056 Tu
1496 4012 1595 4055 me
1623 3990 1922 4077 yenuesti
1955 3987 2229 4075 (Jerem.
2285 4011 2356 4065 11,
2412 3986 2547 4071 27).
2586 3986 2786 4074 Ejus-

239 4073 394 4141 dem
431 4075 616 4142 oculi
661 4077 908 4145 mortui
958 4090 1176 4157 erant,
1229 4077 1488 4167 quippe
1537 4077 1653 4163 qui
1707 4099 1842 4147 non
1893 4076 1976 4144 ad
2032 4076 2509 4146 universarum
2554 4095 2783 4142 rerum

182 4164 192 4175 ‘
237 4161 553 4249 opificem
617 4169 826 4233 Deum
880 4165 1344 4265 erigebantur,
1401 4166 1544 4244 sed,
1585 4164 1821 4234 relicto
1857 4170 2187 4243 creatore,
2234 4164 2344 4232 his
2394 4163 2600 4232 rebus
2648 4183 2786 4232 ser-

245 4250 514 4319 viebant
555 4274 729 4338 quae
762 4276 802 4321 a
841 4259 969 4323 Deo
1001 4277 1150 4343 lpso
1198 4268 1463 4325 creatae
1495 4254 1789 4323 fuerant.
1850 4258 2148 4322 Mortuae
2196 4265 2390 4322 erant
2421 4265 2485 4320 et
2538 4272 2787 4320 manus

293 4408 318 4431 '⁸¹
350 4409 639 4450 Narrationis
670 4410 868 4452 biblicae
898 4413 954 4452 dc
984 4411 1288 4453 Sunamitidis
1319 4414 1415 4453 nlto
1444 4423 1527 4463 per
1559 4414 1767 4453 Eliseum
1797 4413 1853 4452 ad
1883 4414 2031 4451 vitam
2060 4414 2279 4451 revocato
2298 4413 2359 4453 (⁴.
2393 4411 2494 4459 Reg.
2528 4410 2590 4455 iv)
2628 4405 2791 4453 mysti-

241 4470 324 4500 cus
345 4472 514 4503 sensus
534 4466 809 4513 explicatur.
1297 4475 1306 4489 ·
