3357 4995
189 353 409 418 JUNII
463 352 543 417 ‘13
927 372 1001 416 nn
1051 372 1105 416 S.
1163 369 1436 419 Amomo
1486 374 1525 417 A
1567 372 1775 418 ramni
1823 372 2004 420 mero
2532 356 2661 419 293

195 455 588 525 Lusitaniae
636 456 838 545 Regis
879 454 1067 525 filius
1100 456 1626 556 primogenituS,
1673 481 1711 524 a
1749 457 2089 527 Maroehio
2120 456 2542 536 adduxisset,
2582 471 2647 526 et
2678 480 2752 526 se

193 544 473 614 illorum
525 545 786 630 meritis
817 569 855 613 a
883 567 1155 636 magnis
1189 546 1515 635 periculis
1557 546 1923 615 liberatum
1962 568 2082 636 per
2108 567 2346 615 omnes
2377 546 2754 636 Hispaniae

192 633 586 723 provincias
634 634 1094 723 divulgasset:
1151 635 1397 705 Christi
1463 657 1702 704 servus
1756 636 2156 704 Fernandus
2216 633 2510 704 audiens
2578 637 2753 704 mira

189 744 370 808 quae
418 744 539 811 per
590 722 742 791 illos
792 723 1069 805 fiebant,
1117 723 1332 792 multo
1359 724 1581 813 coepit
1629 725 1921 824 flagrare
1955 724 2296 793 desiderio
2347 724 2564 792 instar
2602 725 2754 794 illo—

189 834 348 880 rum
385 834 506 900 pro
537 813 801 881 Christo
836 811 1202 880 hauriendi
1253 813 1563 902 martyrii
1613 812 1925 890 calicem,
1972 812 2328 898 factusque
2380 813 2608 902 seipso
2642 834 2753 881 ro-

190 900 484 980 bustior,
538 901 848 969 humano
877 900 1136 970 calcato
1187 901 1448 981 timore,
1500 902 1773 969 divinae
1805 902 2063 990 gratiae
2118 902 2545 970 validissimo
2600 925 2755 992 pro-

191 1000 410 1059 tectus
442 990 707 1089 clypeo,
761 989 1033 1059 dicebat
1080 989 1264 1079 apud
1298 1012 1409 1058 se:
1475 992 1747 1059 Utinam
1792 1012 2085 1059 coronae
2144 1004 2533 1078 martyrum
2588 1013 2749 1059 suo-

192 1101 345 1147 rum
401 1079 806 1167 participem
839 1100 947 1147 me
994 1078 1216 1147 facere
1250 1078 1573 1178 dignetur
1605 1084 1805 1148 Deus,
1854 1080 2119 1148 Utinam
2152 1079 2353 1147 liceat
2406 1101 2524 1168 pro
2559 1080 2754 1147 Chri-

193 1168 279 1236 sti
320 1167 597 1236 nomine
649 1168 817 1235 ssexo
866 1167 1123 1256 poplite
1172 1168 1520 1237 carnificis
1568 1169 1780 1237 ictum
1831 1169 2165 1258 excipere.
2219 1169 2500 1237 Interim
2555 1182 2752 1236 nocte

190 1278 270 1324 ac
318 1255 429 1324 die
466 1258 747 1340 rogabat
778 1257 1228 1325 attentissime
1279 1259 1676 1338 Dominum,
1730 1255 1806 1326 'ut
1842 1258 2053 1325 menti
2084 1256 2306 1346 ipsius
2337 1257 2747 1345 adspiraret,

189 1344 376 1430 quod
427 1358 491 1414 et
525 1345 714 1414 illius
753 1345 1088 1414 voluntati
1138 1347 1423 1434 gratius,
1477 1358 1543 1415 et
1591 1368 1757 1414 suae
1806 1344 2013 1415 saluti
2070 1345 2622 1423 conducibiliuS,
2687 1359 2752 1413 et

191 1434 665 1523 proximorum
716 1434 993 1502 utilitati
1030 1446 1232 1520 atque
1282 1416 1742 1504 aedificatffini
1794 1435 2257 1524 opportunius
2291 1447 2488 1503 esset.

281 1525 317 1607 ξ
363 1528 450 1594 5.
507 1528 663 1591 Erat
705 1546 825 1612 per
875 1523 940 1591 id
995 1536 1265 1612 tempus
1295 1523 1478 1592 baud
1536 1523 1771 1612 procul
1824 1547 1859 1591 a
1907 1523 2299 1591 Conimbria
2330 1544 2407 1590 eo
2460 1523 2526 1590 in
2573 1523 2743 1601 loce,

190 1611 314 1697 qui
352 1615 416 1679 S.
465 1613 799 1682 Antonius
848 1611 1141 1688 dicitur,
1198 1613 1319 1680 ubi
1378 1612 1620 1681 fratres
1669 1626 1865 1680 erant
1915 1613 2227 1681 instituto
2282 1612 2747 1691 Franciscani‚

193 1700 430 1768 literas
477 1700 759 1786 quidem
798 1702 1198 1780 nescientes,
1236 1700 1352 1768 sed
1404 1703 1541 1769 vim
1592 1713 1794 1786 atque
1842 1701 2164 1769 virtutem
2218 1701 2450 1769 literae
2507 1702 2642 1769 vita
2689 1714 2754 1769 et

194 1789 569 1859 virtutibus
616 1790 1098 1878 exprimentes:
1146 1790 1371 1876 quiex
1449 1792 1821 1879 raescripto
1873 1790 2151 1880 regulae
2183 1804 2247 1858 et
2297 1788 2748 1879 professionis

195 1900 363 1946 suae
411 1877 919 1967 eleemosynam
976 1879 1270 1967 petituri,
1332 1901 1367 1946 a
1480 1879 1975 1947 monasterium
2032 1879 2158 1946 viri
2214 1879 2323 1946 Dei
2378 1900 2581 1967 saepe
2645 1901 2751 1943 ve-

193 1967 346 2033 nire
373 1966 705 2036 solebant.
747 1967 836 2034 Ad
867 1985 1038 2052 quos
1087 1989 1209 2056 pro
1261 1989 1384 2037 suo
1436 1989 1621 2036 more
1655 1968 1765 2035 die
1814 1967 2114 2053 quodam
2156 1967 2480 2036 visitandi
2527 1967 2747 2066 gratia

195 2054 377 2122 clam
415 2055 770 2135 accedens,
812 2057 988 2124 inter
1022 2069 1285 2124 caetera
1326 2057 1420 2124 ait
1451 2057 1533 2124 ad
1567 2057 1757 2125 illos:
1800 2081 1835 2121 «
1858 2056 2134 2124 Ordinis
2170 2057 2372 2144 vestri
2404 2056 2746 2132 habitum,
2780 2105 2789 2112 -

192 2142 439 2211 fratres
486 2144 903 2225 charissimi,
959 2145 1224 2213 ardenti
1264 2146 1499 2213 animo
1532 2146 1740 2233 cupio
1788 2145 2123 2234 accipere,
2189 2145 2392 2214 modo
2456 2144 2748 2212 id⁰mil1i

194 2231 511 2320 polliceri
569 2234 813 2313 velitiS,
870 2233 1288 2320 simulatque
1340 2233 1534 2302 illum
1591 2234 1878 2303 induero
1931 2235 2267 2302 missuros
2341 2255 2449 2302 me
2498 2255 2614 2300 vos
2665 2232 2745 2300 ad

195 2319 513 2408 regiones
562 2327 1083 2402 Saracenorum,
1140 2334 1214 2390 ut
1262 2344 1420 2391 cum
1502 2324 1758 2391 sanctis
1831 2322 2254 2410 martyribus
2305 2342 2570 2389 merear
2624 2342 2750 2409 ego

190 2411 924 2503 quoquesanguinem
979 2410 1310 2490 fundere,
1364 2423 1428 2478 et
1467 2432 1616 2479 esse
1663 2432 1955 2480 coronae
2005 2411 2283 2479 illorum
2324 2411 2753 2500 particeps.»

190 2496 304 2565 Illi
347 2497 454 2567 bis
491 2501 767 2578 auditiS,
826 2520 961 2568 non
1018 2499 1450 2569 mediocriter
1502 2502 1668 2568 tanti
1713 2501 1836 2568 viri
1888 2500 2326 2569 sermonibus
2360 2497 2745 2576 exhilarati,

191 2586 380 2654 diem
431 2590 809 2656 crastinum
864 2591 1013 2678 ejus
1073 2588 1408 2677 explendo
1469 2588 1811 2657 desiderio
1868 2588 2255 2677 designant.
2318 2594 2461 2656 Mox
2515 2587 2755 2655 beatus

191 2676 527 2745 Antonius
570 2677 890 2746 Abbatem
944 2699 1151 2747 suum
1205 2700 1326 2766 pro
1376 2678 1750 2746 obtinenda
1798 2677 2100 2745 abeundi
2150 2677 2474 2745 facultate
2526 2676 2749 2765 preci-

188 2764 323 2831 bus
358 2764 608 2852 pulsat,
647 2769 862 2852 eaque
893 2766 997 2834 vix
1046 2779 1329 2844 extorta,
1381 2766 1622 2835 fratres
1657 2766 2096 2834 Eranciscani
2135 2787 2268 2833 non
2314 2766 2753 2833 immemores

192 2852 708 2941 pollicitationis
759 2878 946 2933 suae,
1005 2877 1202 2922 mane
1254 2854 1565 2935 redeunt,
1601 2855 1912 2923 habitum
1953 2877 2117 2924 suae
2167 2853 2616 2944 professionis
2649 2852 2748 2920 illi

190 2941 496 3010 tradunt.
553 2947 697 3024 Quo
747 2966 903 3012 cum
958 2943 1072 3011 ille
1124 2944 1424 3012 indutus
1481 2956 1681 3023 esset,
1739 2943 2022 3028 quidam
2075 2966 2153 3011 ex
2205 2943 2570 3011 Canonicis
2605 2964 2750 3009 mo-

190 3031 471 3100 nasterii
522 3032 719 3118 ejus,
776 3032 1021 3101 acerbo
1071 3034 1327 3111 animO,
1384 3032 1555 3100 dixit
1606 3033 1691 3101 ad
1744 3054 1953 3100 eum:
2010 3037 2176 3111 EaS‚
2251 3032 2412 3101 eas:
2469 3030 2751 3100 forsitan

193 3130 479 3188 sanctus
528 3120 688 3189 eris.
743 3121 834 3188 Ad
887 3143 1092 3205 quem
1136 3120 1250 3189 ille
1297 3143 1695 3198 conversus„
1742 3119 1990 3190 humili
2046 3128 2206 3190 voce
2254 3120 2463 3188 dixit:
2526 3147 2548 3180 α
2582 3124 2747 3187 Cum

189 3227 302 3274 me
353 3207 421 3275 in
465 3221 739 3277 sanctos
791 3209 1077 3277 relatum
1131 3209 1458 3290 audieris,
1523 3209 1822 3300 profecto
1878 3214 2082 3277 Deum
2140 3208 2551 3278 laudabis.»
2595 3212 2750 3275 Pos-

191 3316 441 3364 sumus
489 3320 566 3365 ex
597 3298 707 3368 his
742 3297 1085 3388 colligere,
1126 3320 1333 3384 quam
1437 3311 1625 3367 ratus
1660 3299 1774 3367 ille
1806 3297 2134 3366 fratribus
2177 3299 2322 3368 suis
2371 3297 2599 3371 fuerit,
2638 3298 2751 3364 cui

191 3406 321 3452 nec
373 3385 722 3454 Praelatus
782 3388 914 3455 nisi
965 3385 1344 3455 admodum
1439 3385 1758 3456 ifficulter
1806 3386 2211 3455 discedendi
2265 3387 2474 3454 voluit
2536 3384 2755 3453 facere

189 3484 621 3571 potestatem,
663 3495 787 3543 nec
845 3474 1087 3544 fratres
1138 3475 1263 3543 hac
1317 3475 1383 3543 in
1441 3498 1508 3544 re
1558 3498 1683 3544 suo
1732 3496 1893 3543 eum
1946 3475 2174 3544 fovere
2226 3474 2561 3550 consilio,
2632 3495 2753 3540 nec

190 3559 331 3641 1lle,
385 3583 590 3649 quem
645 3562 988 3643 diximus,
1048 3562 1255 3631 frater
1318 3564 1469 3653 ejus
1520 3564 1903 3633 absentiam
1976 3585 2197 3650 aequo
2248 3563 2467 3654 potuit
2514 3562 2754 3631 animo

188 3649 515 3736 perferre.
571 3655 741 3720 Puto
789 3652 1108 3739 equidem
1164 3673 1298 3720 non
1350 3652 1610 3740 absque
1646 3652 1865 3720 multo
1914 3652 2148 3721 dolore
2186 3665 2250 3721 et
2286 3651 2609 3738 lacrymis
2656 3663 2754 3717 ta-

189 3740 324 3807 lem
377 3762 416 3808 a
465 3762 535 3808 se
594 3740 819 3809 virum
873 3740 1027 3809 illos
1089 3738 1462 3819 dimisisse,
1516 3763 1719 3827 quem
1797 3739 1907 3808 sui
1978 3741 2374 3810 monasterii
2425 3740 2751 3808 idoneum

190 3849 343 3896 sese
390 3827 813 3916 praefectum
867 3830 1053 3898 brevi
1106 3829 1461 3898 habituros
1527 3841 1907 3918 sperarent.
1967 3835 2171 3899 Porro
2232 3843 2459 3899 autem
2511 3827 2754 3896 fratres

188 3918 633 3985 Franciscani
671 3940 830 3986 cum
870 3940 1043 3986 novo
1071 3918 1257 3987 socio
1284 3940 1410 3987 suo
1435 3917 1723 3987 domum
1754 3920 2147 4007 properant,
2188 3940 2486 4003 eumque
2515 3939 2758 3985 aman-

187 4019 291 4073 ter
335 4007 481 4074 acci
539 4006 710 4075 iunt.
767 4006 893 4075 Sed
944 4007 1110 4093 quia
1160 4006 1576 4075 formidabat
1610 4007 1713 4075 vir
1747 4006 1885 4087 Dei,
1946 4030 2029 4076 ne
2076 4018 2391 4096 parentes
2441 4006 2748 4092 aliquam

187 4094 326 4184 ipsi
362 4115 472 4163 mo
503 4094 744 4164 estiam
780 4093 1214 4176 facesserent,
1251 4108 1327 4165 ut
1364 4096 1676 4185 ipsorum
1709 4095 2205 4181 inquirentium
2250 4118 2488 4166 curam
2522 4094 2753 4163 elude·

184 4194 313 4261 ret,
361 4194 625 4252 mutato
655 4184 957 4263 nomine,
997 4185 1367 4254 Antonium
1403 4206 1474 4253 se
1522 4184 1661 4252 dici
1714 4184 1951 4252 voluit.

285 4273 319 4358 ξ
368 4276 463 4342 6.
517 4271 852 4341 Paulatim
890 4285 1118 4342 autem
1168 4274 1518 4343 erescebat
1568 4274 1635 4341 in
1676 4294 1757 4341 eo
1797 4272 1948 4341 sitis
1977 4272 2316 4361 martyrii,
2356 4285 2420 4341 et
2452 4272 2639 4340 zelus
2674 4270 2748 4337 Γι-

183 4359 300 4428 dei
335 4360 560 4450 magis
606 4382 684 4429 ac
735 4361 957 4450 magis
1008 4382 1168 4430 eum
1218 4361 1699 4441 extimulabat‚
1762 4382 1888 4430 nec
1922 4384 2079 4433 eum
2123 4361 2477 4447 quiescere
2538 4360 2750 4449 patie-

189 4450 419 4519 batur.
495 4453 731 4536 Itaque
790 4448 1380 4537 quemadmodum
1453 4473 1526 4520 se
1598 4450 1909 4531 facturos
1977 4462 2426 4540 receperant,
2510 4447 2752 4515 fratres
