<?xml version="1.0" encoding="UTF-8"?>
<!DOCTYPE html PUBLIC "-//W3C//DTD XHTML 1.0 Transitional//EN"
    "http://www.w3.org/TR/xhtml1/DTD/xhtml1-transitional.dtd">
<html xmlns="http://www.w3.org/1999/xhtml" xml:lang="en" lang="en">
 <head>
  <title>
</title>
<meta http-equiv="Content-Type" content="text/html;charset=utf-8" />
  <meta name='ocr-system' content='tesseract 3.04.00' />
  <meta name='ocr-capabilities' content='ocr_page ocr_carea ocr_par ocr_line ocrx_word'/>
</head>
<body>
  <div class='ocr_page' id='page_1' title='image "./historiaeseuvit02lippgoog_0486.png"; bbox 0 0 3357 4995; ppageno 0'>
   <div class='ocr_carea' id='block_1_1' title="bbox 666 316 3112 386">
    <p class='ocr_par' dir='ltr' id='par_1_1' title="bbox 666 316 3112 386">
     <span class='ocr_line' id='line_1_1' title="bbox 666 316 3112 386; baseline -0.002 0"><span class='ocrx_word' id='word_1_1' title='bbox 666 322 794 386; x_wconf 79' lang='lat'>470</span> <span class='ocrx_word' id='word_1_2' title='bbox 1420 338 1496 384; x_wconf 73' lang='lat' dir='ltr'>nn</span> <span class='ocrx_word' id='word_1_3' title='bbox 1545 337 1600 383; x_wconf 82' lang='lat' dir='ltr'>s,</span> <span class='ocrx_word' id='word_1_4' title='bbox 1654 335 1936 383; x_wconf 71' lang='lat' dir='ltr'>unonAro</span> <span class='ocrx_word' id='word_1_5' title='bbox 1984 334 2277 383; x_wconf 65' lang='lat' dir='ltr'>nmscoro</span> <span class='ocrx_word' id='word_1_6' title='bbox 2761 316 2980 381; x_wconf 87' lang='lat' dir='ltr'>JUNII</span> <span class='ocrx_word' id='word_1_7' title='bbox 3031 316 3112 380; x_wconf 72' lang='lat'>⁴9</span> 
     </span>
    </p>
   </div>
   <div class='ocr_carea' id='block_1_2' title="bbox 583 417 3137 4320">
    <p class='ocr_par' dir='ltr' id='par_1_2' title="bbox 583 417 3118 1044">
     <span class='ocr_line' id='line_1_2' title="bbox 583 417 3114 512; baseline -0.002 -18"><span class='ocrx_word' id='word_1_8' title='bbox 583 435 716 494; x_wconf 89' lang='lat' dir='ltr'>tam</span> <span class='ocrx_word' id='word_1_9' title='bbox 756 423 1000 492; x_wconf 90' lang='lat' dir='ltr'>idoneo</span> <span class='ocrx_word' id='word_1_10' title='bbox 1047 422 1368 492; x_wconf 67' lang='lat' dir='ltr'>destituta</span> <span class='ocrx_word' id='word_1_11' title='bbox 1417 422 1875 512; x_wconf 81' lang='lat' dir='ltr'>gubernatore</span> <span class='ocrx_word' id='word_1_12' title='bbox 1912 420 2167 489; x_wconf 87' lang='lat' dir='ltr'>veniret</span> <span class='ocrx_word' id='word_1_13' title='bbox 2221 420 2289 487; x_wconf 87' lang='lat' dir='ltr'>in</span> <span class='ocrx_word' id='word_1_14' title='bbox 2341 419 2736 500; x_wconf 82' lang='lat' dir='ltr'>discrimen,</span> <span class='ocrx_word' id='word_1_15' title='bbox 2775 417 3114 505; x_wconf 85' lang='lat' dir='ltr'>frequenti</span> 
     </span>
     <span class='ocr_line' id='line_1_3' title="bbox 585 506 3109 603; baseline -0.002 -23"><span class='ocrx_word' id='word_1_16' title='bbox 585 513 773 603; x_wconf 84' lang='lat' dir='ltr'>gregi</span> <span class='ocrx_word' id='word_1_17' title='bbox 826 534 974 591; x_wconf 86' lang='lat' dir='ltr'>suc,</span> <span class='ocrx_word' id='word_1_18' title='bbox 1031 511 1164 601; x_wconf 90' lang='lat' dir='ltr'>piis</span> <span class='ocrx_word' id='word_1_19' title='bbox 1210 511 1359 600; x_wconf 86' lang='lat' dir='ltr'>ejus</span> <span class='ocrx_word' id='word_1_20' title='bbox 1409 510 1749 580; x_wconf 90' lang='lat' dir='ltr'>retinendi</span> <span class='ocrx_word' id='word_1_21' title='bbox 1797 513 2009 580; x_wconf 71' lang='lat' dir='ltr'>causa</span> <span class='ocrx_word' id='word_1_22' title='bbox 2056 508 2382 599; x_wconf 83' lang='lat' dir='ltr'>lacrymis</span> <span class='ocrx_word' id='word_1_23' title='bbox 2430 520 2715 589; x_wconf 77' lang='lat' dir='ltr'>armam,</span> <span class='ocrx_word' id='word_1_24' title='bbox 2771 506 3109 589; x_wconf 80' lang='lat' dir='ltr'>valedicit,</span> 
     </span>
     <span class='ocr_line' id='line_1_4' title="bbox 585 596 3115 689; baseline -0.002 -20"><span class='ocrx_word' id='word_1_25' title='bbox 585 613 649 670; x_wconf 90' lang='lat' dir='ltr'>et</span> <span class='ocrx_word' id='word_1_26' title='bbox 694 621 849 669; x_wconf 91' lang='lat' dir='ltr'>cum</span> <span class='ocrx_word' id='word_1_27' title='bbox 884 599 1144 686; x_wconf 82' lang='lat' dir='ltr'>aliquot</span> <span class='ocrx_word' id='word_1_28' title='bbox 1172 599 1483 689; x_wconf 90' lang='lat' dir='ltr'>ejusdem</span> <span class='ocrx_word' id='word_1_29' title='bbox 1523 599 1851 689; x_wconf 77' lang='lat' dir='ltr'>propositi</span> <span class='ocrx_word' id='word_1_30' title='bbox 1902 597 2107 668; x_wconf 89' lang='lat' dir='ltr'>sociis</span> <span class='ocrx_word' id='word_1_31' title='bbox 2141 619 2178 665; x_wconf 94' lang='lat' dir='ltr'>e</span> <span class='ocrx_word' id='word_1_32' title='bbox 2205 596 2602 666; x_wconf 90' lang='lat' dir='ltr'>Nivernensi</span> <span class='ocrx_word' id='word_1_33' title='bbox 2633 596 2890 686; x_wconf 88' lang='lat' dir='ltr'>oppido</span> <span class='ocrx_word' id='word_1_34' title='bbox 2923 617 3115 687; x_wconf 88' lang='lat' dir='ltr'>egre-</span> 
     </span>
     <span class='ocr_line' id='line_1_5' title="bbox 586 684 3118 777; baseline -0.002 -19"><span class='ocrx_word' id='word_1_35' title='bbox 586 690 806 768; x_wconf 82' lang='lat' dir='ltr'>dienS‚</span> <span class='ocrx_word' id='word_1_36' title='bbox 855 688 1316 758; x_wconf 86' lang='lat' dir='ltr'>voluntarium</span> <span class='ocrx_word' id='word_1_37' title='bbox 1369 687 1495 756; x_wconf 91' lang='lat' dir='ltr'>sibi</span> <span class='ocrx_word' id='word_1_38' title='bbox 1547 688 1683 777; x_wconf 86' lang='lat' dir='ltr'>ipsi</span> <span class='ocrx_word' id='word_1_39' title='bbox 1731 710 1766 756; x_wconf 88' lang='lat' dir='ltr'>a</span> <span class='ocrx_word' id='word_1_40' title='bbox 1822 685 2031 756; x_wconf 89' lang='lat' dir='ltr'>natali</span> <span class='ocrx_word' id='word_1_41' title='bbox 2081 685 2224 755; x_wconf 92' lang='lat' dir='ltr'>solo</span> <span class='ocrx_word' id='word_1_42' title='bbox 2272 685 2556 756; x_wconf 83' lang='lat' dir='ltr'>exilium</span> <span class='ocrx_word' id='word_1_43' title='bbox 2606 684 2871 766; x_wconf 82' lang='lat' dir='ltr'>indicit,</span> <span class='ocrx_word' id='word_1_44' title='bbox 2947 685 3118 753; x_wconf 89' lang='lat' dir='ltr'>civis</span> 
     </span>
     <span class='ocr_line' id='line_1_6' title="bbox 587 773 3117 866; baseline -0.001 -21"><span class='ocrx_word' id='word_1_45' title='bbox 587 778 994 866; x_wconf 79' lang='lat' dir='ltr'>Angelorum</span> <span class='ocrx_word' id='word_1_46' title='bbox 1045 790 1111 846; x_wconf 93' lang='lat' dir='ltr'>et</span> <span class='ocrx_word' id='word_1_47' title='bbox 1157 776 1400 845; x_wconf 85' lang='lat' dir='ltr'>Christi</span> <span class='ocrx_word' id='word_1_48' title='bbox 1451 776 1775 846; x_wconf 74' lang='lat' dir='ltr'>cohaeres</span> <span class='ocrx_word' id='word_1_49' title='bbox 1823 776 2122 856; x_wconf 79' lang='lat' dir='ltr'>futuruS,</span> <span class='ocrx_word' id='word_1_50' title='bbox 2181 796 2385 862; x_wconf 89' lang='lat' dir='ltr'>quem</span> <span class='ocrx_word' id='word_1_51' title='bbox 2436 785 2788 863; x_wconf 86' lang='lat' dir='ltr'>expectare</span> <span class='ocrx_word' id='word_1_52' title='bbox 2852 773 3117 843; x_wconf 90' lang='lat' dir='ltr'>volebat</span> 
     </span>
     <span class='ocr_line' id='line_1_7' title="bbox 586 862 3117 955; baseline -0.001 -22"><span class='ocrx_word' id='word_1_53' title='bbox 586 867 657 933; x_wconf 89' lang='lat' dir='ltr'>in</span> <span class='ocrx_word' id='word_1_54' title='bbox 692 865 1058 935; x_wconf 83' lang='lat' dir='ltr'>solitudine</span> <span class='ocrx_word' id='word_1_55' title='bbox 1109 863 1338 933; x_wconf 87' lang='lat' dir='ltr'>salvus</span> <span class='ocrx_word' id='word_1_56' title='bbox 1378 862 1597 934; x_wconf 89' lang='lat' dir='ltr'>factus</span> <span class='ocrx_word' id='word_1_57' title='bbox 1637 889 1673 933; x_wconf 88' lang='lat' dir='ltr'>a</span> <span class='ocrx_word' id='word_1_58' title='bbox 1711 864 2278 955; x_wconf 88' lang='lat' dir='ltr'>pusillanimitate</span> <span class='ocrx_word' id='word_1_59' title='bbox 2309 863 2594 952; x_wconf 89' lang='lat' dir='ltr'>spiritus</span> <span class='ocrx_word' id='word_1_60' title='bbox 2623 876 2687 932; x_wconf 91' lang='lat' dir='ltr'>et</span> <span class='ocrx_word' id='word_1_61' title='bbox 2722 873 3117 952; x_wconf 84' lang='lat' dir='ltr'>tempestate</span> 
     </span>
     <span class='ocr_line' id='line_1_8' title="bbox 590 952 1357 1044; baseline -0.003 -22"><span class='ocrx_word' id='word_1_62' title='bbox 590 952 930 1024; x_wconf 89' lang='lat' dir='ltr'>tumultus</span> <span class='ocrx_word' id='word_1_63' title='bbox 979 954 1357 1044; x_wconf 89' lang='lat' dir='ltr'>popularis.</span> 
     </span>
    </p>

    <p class='ocr_par' dir='ltr' id='par_1_3' title="bbox 585 1038 3137 3611">
     <span class='ocr_line' id='line_1_9' title="bbox 676 1038 3116 1132; baseline -0.002 -20"><span class='ocrx_word' id='word_1_64' title='bbox 676 1045 712 1130; x_wconf 67' lang='grc' dir='ltr'><strong>ξ</strong></span> <span class='ocrx_word' id='word_1_65' title='bbox 758 1047 849 1113; x_wconf 74' lang='lat'>8.</span> <span class='ocrx_word' id='word_1_66' title='bbox 905 1045 1028 1111; x_wconf 87' lang='lat' dir='ltr'>Hic</span> <span class='ocrx_word' id='word_1_67' title='bbox 1069 1044 1213 1132; x_wconf 92' lang='lat' dir='ltr'>jam</span> <span class='ocrx_word' id='word_1_68' title='bbox 1253 1063 1387 1110; x_wconf 90' lang='lat' dir='ltr'>non</span> <span class='ocrx_word' id='word_1_69' title='bbox 1425 1042 1651 1132; x_wconf 90' lang='lat' dir='ltr'>pigeat</span> <span class='ocrx_word' id='word_1_70' title='bbox 1701 1062 1825 1110; x_wconf 88' lang='lat' dir='ltr'>nos</span> <span class='ocrx_word' id='word_1_71' title='bbox 1873 1040 2113 1121; x_wconf 89' lang='lat' dir='ltr'>facere,</span> <span class='ocrx_word' id='word_1_72' title='bbox 2180 1038 2364 1127; x_wconf 91' lang='lat' dir='ltr'>quod</span> <span class='ocrx_word' id='word_1_73' title='bbox 2415 1039 2634 1109; x_wconf 88' lang='lat' dir='ltr'>solent</span> <span class='ocrx_word' id='word_1_74' title='bbox 2683 1038 3116 1108; x_wconf 89' lang='lat' dir='ltr'>metallorum</span> 
     </span>
     <span class='ocr_line' id='line_1_10' title="bbox 588 1126 3119 1217; baseline -0.002 -18"><span class='ocrx_word' id='word_1_75' title='bbox 588 1132 944 1201; x_wconf 82' lang='lat' dir='ltr'>effossores</span> <span class='ocrx_word' id='word_1_76' title='bbox 983 1144 1048 1200; x_wconf 93' lang='lat' dir='ltr'>et</span> <span class='ocrx_word' id='word_1_77' title='bbox 1096 1130 1334 1199; x_wconf 87' lang='lat' dir='ltr'>investi</span> <span class='ocrx_word' id='word_1_78' title='bbox 1389 1144 1651 1201; x_wconf 89' lang='lat' dir='ltr'>atores:</span> <span class='ocrx_word' id='word_1_79' title='bbox 1707 1129 1828 1216; x_wconf 88' lang='lat' dir='ltr'>qui</span> <span class='ocrx_word' id='word_1_80' title='bbox 1877 1129 1933 1197; x_wconf 90' lang='lat' dir='ltr'>si</span> <span class='ocrx_word' id='word_1_81' title='bbox 1983 1151 2223 1198; x_wconf 86' lang='lat' dir='ltr'>venam</span> <span class='ocrx_word' id='word_1_82' title='bbox 2275 1128 2445 1217; x_wconf 80' lang='lat' dir='ltr'>ipsis</span> <span class='ocrx_word' id='word_1_83' title='bbox 2479 1127 2891 1197; x_wconf 87' lang='lat' dir='ltr'>arridentem</span> <span class='ocrx_word' id='word_1_84' title='bbox 2942 1126 3119 1194; x_wconf 88' lang='lat' dir='ltr'>divi·</span> 
     </span>
     <span class='ocr_line' id='line_1_11' title="bbox 592 1216 3122 1307; baseline -0.001 -19"><span class='ocrx_word' id='word_1_85' title='bbox 592 1233 864 1306; x_wconf 91' lang='lat' dir='ltr'>temque</span> <span class='ocrx_word' id='word_1_86' title='bbox 920 1241 1217 1288; x_wconf 89' lang='lat' dir='ltr'>massam</span> <span class='ocrx_word' id='word_1_87' title='bbox 1275 1241 1357 1307; x_wconf 91' lang='lat' dir='ltr'>po</span> <span class='ocrx_word' id='word_1_88' title='bbox 1391 1219 1703 1288; x_wconf 88' lang='lat' dir='ltr'>licentem</span> <span class='ocrx_word' id='word_1_89' title='bbox 1757 1218 2205 1307; x_wconf 85' lang='lat' dir='ltr'>comperiant,</span> <span class='ocrx_word' id='word_1_90' title='bbox 2278 1239 2431 1285; x_wconf 81' lang='lat' dir='ltr'>mox</span> <span class='ocrx_word' id='word_1_91' title='bbox 2483 1217 2728 1285; x_wconf 89' lang='lat' dir='ltr'>marris</span> <span class='ocrx_word' id='word_1_92' title='bbox 2767 1230 2830 1285; x_wconf 95' lang='lat' dir='ltr'>et</span> <span class='ocrx_word' id='word_1_93' title='bbox 2863 1216 3122 1285; x_wconf 87' lang='lat' dir='ltr'>instru-</span> 
     </span>
     <span class='ocr_line' id='line_1_12' title="bbox 594 1305 3115 1394; baseline -0.002 -17"><span class='ocrx_word' id='word_1_94' title='bbox 594 1309 845 1377; x_wconf 87' lang='lat' dir='ltr'>mentis</span> <span class='ocrx_word' id='word_1_95' title='bbox 892 1308 1047 1377; x_wconf 89' lang='lat' dir='ltr'>aliis</span> <span class='ocrx_word' id='word_1_96' title='bbox 1097 1307 1183 1375; x_wconf 90' lang='lat' dir='ltr'>ad</span> <span class='ocrx_word' id='word_1_97' title='bbox 1231 1328 1381 1376; x_wconf 88' lang='lat' dir='ltr'>eam</span> <span class='ocrx_word' id='word_1_98' title='bbox 1433 1330 1572 1377; x_wconf 91' lang='lat' dir='ltr'>rem</span> <span class='ocrx_word' id='word_1_99' title='bbox 1622 1306 2155 1376; x_wconf 88' lang='lat' dir='ltr'>accommodatis</span> <span class='ocrx_word' id='word_1_100' title='bbox 2213 1305 2462 1374; x_wconf 87' lang='lat' dir='ltr'>rudera</span> <span class='ocrx_word' id='word_1_101' title='bbox 2509 1305 2742 1374; x_wconf 88' lang='lat' dir='ltr'>omnia</span> <span class='ocrx_word' id='word_1_102' title='bbox 2788 1307 3115 1394; x_wconf 80' lang='lat' dir='ltr'>egerunt,</span> 
     </span>
     <span class='ocr_line' id='line_1_13' title="bbox 590 1393 3120 1486; baseline -0.002 -21"><span class='ocrx_word' id='word_1_103' title='bbox 590 1397 808 1466; x_wconf 91' lang='lat' dir='ltr'>donec</span> <span class='ocrx_word' id='word_1_104' title='bbox 879 1397 959 1464; x_wconf 88' lang='lat' dir='ltr'>ad</span> <span class='ocrx_word' id='word_1_105' title='bbox 1030 1394 1379 1464; x_wconf 78' lang='lat' dir='ltr'>metallum</span> <span class='ocrx_word' id='word_1_106' title='bbox 1450 1409 1757 1486; x_wconf 87' lang='lat' dir='ltr'>optatum</span> <span class='ocrx_word' id='word_1_107' title='bbox 1829 1396 2249 1486; x_wconf 87' lang='lat' dir='ltr'>pertingant:</span> <span class='ocrx_word' id='word_1_108' title='bbox 2303 1397 2404 1463; x_wconf 90' lang='lat' dir='ltr'>Ita</span> <span class='ocrx_word' id='word_1_109' title='bbox 2460 1407 2524 1463; x_wconf 89' lang='lat' dir='ltr'>et</span> <span class='ocrx_word' id='word_1_110' title='bbox 2579 1416 2701 1463; x_wconf 90' lang='lat' dir='ltr'>nos</span> <span class='ocrx_word' id='word_1_111' title='bbox 2766 1393 2945 1462; x_wconf 86' lang='lat' dir='ltr'>beati</span> <span class='ocrx_word' id='word_1_112' title='bbox 2993 1394 3120 1461; x_wconf 88' lang='lat' dir='ltr'>viri</span> 
     </span>
     <span class='ocr_line' id='line_1_14' title="bbox 590 1482 3121 1574; baseline -0.002 -21"><span class='ocrx_word' id='word_1_113' title='bbox 590 1486 801 1574; x_wconf 74' lang='lat' dir='ltr'>huius</span> <span class='ocrx_word' id='word_1_114' title='bbox 849 1486 1159 1553; x_wconf 88' lang='lat' dir='ltr'>animum</span> <span class='ocrx_word' id='word_1_115' title='bbox 1216 1485 1475 1553; x_wconf 90' lang='lat' dir='ltr'>mundo</span> <span class='ocrx_word' id='word_1_116' title='bbox 1527 1497 1901 1563; x_wconf 91' lang='lat' dir='ltr'>mortuum,</span> <span class='ocrx_word' id='word_1_117' title='bbox 1954 1497 2208 1553; x_wconf 89' lang='lat' dir='ltr'>etcum</span> <span class='ocrx_word' id='word_1_118' title='bbox 2262 1482 2524 1552; x_wconf 87' lang='lat' dir='ltr'>Christo</span> <span class='ocrx_word' id='word_1_119' title='bbox 2558 1482 2627 1550; x_wconf 89' lang='lat' dir='ltr'>in</span> <span class='ocrx_word' id='word_1_120' title='bbox 2666 1488 2796 1552; x_wconf 93' lang='lat' dir='ltr'>Deo</span> <span class='ocrx_word' id='word_1_121' title='bbox 2829 1483 3121 1551; x_wconf 88' lang='lat' dir='ltr'>abscon-</span> 
     </span>
     <span class='ocr_line' id='line_1_15' title="bbox 592 1571 3120 1662; baseline -0.002 -21"><span class='ocrx_word' id='word_1_122' title='bbox 592 1574 839 1655; x_wconf 90' lang='lat' dir='ltr'>ditum,</span> <span class='ocrx_word' id='word_1_123' title='bbox 896 1573 1096 1642; x_wconf 92' lang='lat' dir='ltr'>modo</span> <span class='ocrx_word' id='word_1_124' title='bbox 1140 1571 1204 1640; x_wconf 91' lang='lat' dir='ltr'>id</span> <span class='ocrx_word' id='word_1_125' title='bbox 1255 1572 1404 1641; x_wconf 86' lang='lat' dir='ltr'>fieri</span> <span class='ocrx_word' id='word_1_126' title='bbox 1456 1573 1689 1662; x_wconf 90' lang='lat' dir='ltr'>possit,</span> <span class='ocrx_word' id='word_1_127' title='bbox 1726 1594 1803 1640; x_wconf 82' lang='lat' dir='ltr'>ex</span> <span class='ocrx_word' id='word_1_128' title='bbox 1843 1573 1994 1661; x_wconf 87' lang='lat' dir='ltr'>ejus</span> <span class='ocrx_word' id='word_1_129' title='bbox 2035 1573 2240 1642; x_wconf 90' lang='lat' dir='ltr'>rebus</span> <span class='ocrx_word' id='word_1_130' title='bbox 2271 1572 2479 1660; x_wconf 89' lang='lat' dir='ltr'>gestis</span> <span class='ocrx_word' id='word_1_131' title='bbox 2532 1571 2919 1652; x_wconf 90' lang='lat' dir='ltr'>metiamur,</span> <span class='ocrx_word' id='word_1_132' title='bbox 2956 1592 3120 1660; x_wconf 92' lang='lat' dir='ltr'>pen-</span> 
     </span>
     <span class='ocr_line' id='line_1_16' title="bbox 591 1660 3137 1749; baseline -0.002 -17"><span class='ocrx_word' id='word_1_133' title='bbox 591 1684 848 1743; x_wconf 82' lang='lat' dir='ltr'>semuS,</span> <span class='ocrx_word' id='word_1_134' title='bbox 901 1661 1140 1749; x_wconf 89' lang='lat' dir='ltr'>quanti</span> <span class='ocrx_word' id='word_1_135' title='bbox 1192 1660 1304 1729; x_wconf 88' lang='lat' dir='ltr'>ille</span> <span class='ocrx_word' id='word_1_136' title='bbox 1366 1662 1598 1731; x_wconf 86' lang='lat' dir='ltr'>fecerit</span> <span class='ocrx_word' id='word_1_137' title='bbox 1648 1661 1986 1729; x_wconf 91' lang='lat' dir='ltr'>mundum</span> <span class='ocrx_word' id='word_1_138' title='bbox 2057 1660 2481 1739; x_wconf 89' lang='lat' dir='ltr'>universum,</span> <span class='ocrx_word' id='word_1_139' title='bbox 2557 1660 2671 1729; x_wconf 90' lang='lat' dir='ltr'>cui</span> <span class='ocrx_word' id='word_1_140' title='bbox 2718 1660 2920 1729; x_wconf 88' lang='lat' dir='ltr'>etiam</span> <span class='ocrx_word' id='word_1_141' title='bbox 2977 1665 3137 1727; x_wconf 70' lang='lat' dir='ltr'>tum&#39;</span> 
     </span>
     <span class='ocr_line' id='line_1_17' title="bbox 588 1747 3123 1840; baseline -0 -24"><span class='ocrx_word' id='word_1_142' title='bbox 588 1750 915 1831; x_wconf 85' lang='lat' dir='ltr'>valefecit,</span> <span class='ocrx_word' id='word_1_143' title='bbox 955 1773 1111 1819; x_wconf 89' lang='lat' dir='ltr'>cum</span> <span class='ocrx_word' id='word_1_144' title='bbox 1152 1748 1536 1840; x_wconf 90' lang='lat' dir='ltr'>plurimum</span> <span class='ocrx_word' id='word_1_145' title='bbox 1589 1749 1943 1828; x_wconf 79' lang='lat' dir='ltr'>arrideret,</span> <span class='ocrx_word' id='word_1_146' title='bbox 1999 1749 2194 1835; x_wconf 87' lang='lat' dir='ltr'>sequi</span> <span class='ocrx_word' id='word_1_147' title='bbox 2247 1748 2510 1817; x_wconf 86' lang='lat' dir='ltr'>malens</span> <span class='ocrx_word' id='word_1_148' title='bbox 2557 1748 2646 1817; x_wconf 87' lang='lat' dir='ltr'>ad</span> <span class='ocrx_word' id='word_1_149' title='bbox 2680 1749 2864 1819; x_wconf 89' lang='lat' dir='ltr'>susci</span> <span class='ocrx_word' id='word_1_150' title='bbox 2922 1747 3123 1816; x_wconf 87' lang='lat' dir='ltr'>ienda</span> 
     </span>
     <span class='ocr_line' id='line_1_18' title="bbox 594 1836 3114 1928; baseline -0.002 -21"><span class='ocrx_word' id='word_1_151' title='bbox 594 1839 891 1909; x_wconf 88' lang='lat' dir='ltr'>lamenta</span> <span class='ocrx_word' id='word_1_152' title='bbox 924 1839 1207 1928; x_wconf 87' lang='lat' dir='ltr'>spiritus</span> <span class='ocrx_word' id='word_1_153' title='bbox 1255 1839 1694 1908; x_wconf 89' lang='lat' dir='ltr'>contribulati</span> <span class='ocrx_word' id='word_1_154' title='bbox 1743 1851 1808 1907; x_wconf 92' lang='lat' dir='ltr'>et</span> <span class='ocrx_word' id='word_1_155' title='bbox 1853 1838 2125 1907; x_wconf 88' lang='lat' dir='ltr'>contriti</span> <span class='ocrx_word' id='word_1_156' title='bbox 2167 1836 2393 1907; x_wconf 87' lang='lat' dir='ltr'>cordis</span> <span class='ocrx_word' id='word_1_157' title='bbox 2443 1837 2810 1906; x_wconf 90' lang='lat' dir='ltr'>Dominum</span> <span class='ocrx_word' id='word_1_158' title='bbox 2895 1858 3114 1916; x_wconf 91' lang='lat' dir='ltr'>esum,</span> 
     </span>
     <span class='ocr_line' id='line_1_19' title="bbox 588 1924 3120 2017; baseline -0.001 -22"><span class='ocrx_word' id='word_1_159' title='bbox 588 1928 705 2014; x_wconf 91' lang='lat' dir='ltr'>qui</span> <span class='ocrx_word' id='word_1_160' title='bbox 758 1951 842 1997; x_wconf 92' lang='lat' dir='ltr'>ne</span> <span class='ocrx_word' id='word_1_161' title='bbox 892 1950 1013 1997; x_wconf 89' lang='lat' dir='ltr'>nos</span> <span class='ocrx_word' id='word_1_162' title='bbox 1089 1927 1514 2017; x_wconf 88' lang='lat' dir='ltr'>periremus,</span> <span class='ocrx_word' id='word_1_163' title='bbox 1576 1927 1641 1995; x_wconf 92' lang='lat' dir='ltr'>in</span> <span class='ocrx_word' id='word_1_164' title='bbox 1705 1927 1882 1995; x_wconf 90' lang='lat' dir='ltr'>hanc</span> <span class='ocrx_word' id='word_1_165' title='bbox 1934 1926 2396 2015; x_wconf 84' lang='lat' dir='ltr'>lacrymarum</span> <span class='ocrx_word' id='word_1_166' title='bbox 2469 1924 2709 1994; x_wconf 88' lang='lat' dir='ltr'>vallem</span> <span class='ocrx_word' id='word_1_167' title='bbox 2760 1949 2797 1995; x_wconf 92' lang='lat' dir='ltr'>e</span> <span class='ocrx_word' id='word_1_168' title='bbox 2846 1946 3120 1996; x_wconf 91' lang='lat' dir='ltr'>summo</span> 
     </span>
     <span class='ocr_line' id='line_1_20' title="bbox 589 2012 3118 2105; baseline -0.002 -20"><span class='ocrx_word' id='word_1_169' title='bbox 589 2016 776 2085; x_wconf 80' lang='lat' dir='ltr'>coelo</span> <span class='ocrx_word' id='word_1_170' title='bbox 836 2016 1335 2105; x_wconf 90' lang='lat' dir='ltr'>commigravit.</span> <span class='ocrx_word' id='word_1_171' title='bbox 1391 2022 1520 2086; x_wconf 90' lang='lat' dir='ltr'>Nec</span> <span class='ocrx_word' id='word_1_172' title='bbox 1576 2037 1739 2084; x_wconf 86' lang='lat' dir='ltr'>sane</span> <span class='ocrx_word' id='word_1_173' title='bbox 1838 2013 2258 2104; x_wconf 89' lang='lat' dir='ltr'>auperculus</span> <span class='ocrx_word' id='word_1_174' title='bbox 2309 2014 2679 2084; x_wconf 88' lang='lat' dir='ltr'>homuncio</span> <span class='ocrx_word' id='word_1_175' title='bbox 2743 2027 2929 2084; x_wconf 87' lang='lat' dir='ltr'>tanta</span> <span class='ocrx_word' id='word_1_176' title='bbox 2974 2012 3118 2081; x_wconf 88' lang='lat' dir='ltr'>ala-</span> 
     </span>
     <span class='ocr_line' id='line_1_21' title="bbox 589 2103 3108 2193; baseline -0.002 -21"><span class='ocrx_word' id='word_1_177' title='bbox 589 2106 827 2173; x_wconf 86' lang='lat' dir='ltr'>critate</span> <span class='ocrx_word' id='word_1_178' title='bbox 877 2104 1290 2190; x_wconf 77' lang='lat' dir='ltr'>relinqueret</span> <span class='ocrx_word' id='word_1_179' title='bbox 1333 2105 1455 2173; x_wconf 77' lang='lat' dir='ltr'>vite</span> <span class='ocrx_word' id='word_1_180' title='bbox 1507 2104 1779 2193; x_wconf 86' lang='lat' dir='ltr'>tugurio</span> <span class='ocrx_word' id='word_1_181' title='bbox 1811 2126 1954 2184; x_wconf 89' lang='lat' dir='ltr'>um,</span> <span class='ocrx_word' id='word_1_182' title='bbox 1999 2103 2229 2172; x_wconf 88' lang='lat' dir='ltr'>culmo</span> <span class='ocrx_word' id='word_1_183' title='bbox 2276 2114 2339 2171; x_wconf 78' lang='lat' dir='ltr'>et</span> <span class='ocrx_word' id='word_1_184' title='bbox 2368 2103 2665 2192; x_wconf 84' lang='lat' dir='ltr'>caespite</span> <span class='ocrx_word' id='word_1_185' title='bbox 2702 2114 3108 2180; x_wconf 89' lang='lat' dir='ltr'>contectum,</span> 
     </span>
     <span class='ocr_line' id='line_1_22' title="bbox 588 2190 3116 2280; baseline -0.002 -18"><span class='ocrx_word' id='word_1_186' title='bbox 588 2207 845 2280; x_wconf 89' lang='lat' dir='ltr'>quanta</span> <span class='ocrx_word' id='word_1_187' title='bbox 872 2193 985 2261; x_wconf 92' lang='lat' dir='ltr'>hic</span> <span class='ocrx_word' id='word_1_188' title='bbox 1019 2214 1221 2262; x_wconf 87' lang='lat' dir='ltr'>verus</span> <span class='ocrx_word' id='word_1_189' title='bbox 1251 2194 1364 2261; x_wconf 89' lang='lat' dir='ltr'>Dei</span> <span class='ocrx_word' id='word_1_190' title='bbox 1394 2192 1618 2262; x_wconf 87' lang='lat' dir='ltr'>cultor</span> <span class='ocrx_word' id='word_1_191' title='bbox 1650 2193 1889 2261; x_wconf 92' lang='lat' dir='ltr'>urbem</span> <span class='ocrx_word' id='word_1_192' title='bbox 1926 2191 2472 2271; x_wconf 89' lang='lat' dir='ltr'>Nivernensium,</span> <span class='ocrx_word' id='word_1_193' title='bbox 2506 2190 2710 2279; x_wconf 89' lang='lat' dir='ltr'>cujus</span> <span class='ocrx_word' id='word_1_194' title='bbox 2742 2193 2812 2260; x_wconf 92' lang='lat' dir='ltr'>in</span> <span class='ocrx_word' id='word_1_195' title='bbox 2848 2212 3116 2260; x_wconf 87' lang='lat' dir='ltr'>summa</span> 
     </span>
     <span class='ocr_line' id='line_1_23' title="bbox 591 2279 3116 2371; baseline -0.002 -21"><span class='ocrx_word' id='word_1_196' title='bbox 591 2304 819 2351; x_wconf 88' lang='lat' dir='ltr'>rerum</span> <span class='ocrx_word' id='word_1_197' title='bbox 872 2282 1218 2350; x_wconf 85' lang='lat' dir='ltr'>affluentia</span> <span class='ocrx_word' id='word_1_198' title='bbox 1257 2282 1726 2371; x_wconf 87' lang='lat' dir='ltr'>episcopatum</span> <span class='ocrx_word' id='word_1_199' title='bbox 1778 2279 2328 2349; x_wconf 86' lang='lat' dir='ltr'>administrabat.</span> <span class='ocrx_word' id='word_1_200' title='bbox 2385 2279 2506 2348; x_wconf 90' lang='lat' dir='ltr'>Sed</span> <span class='ocrx_word' id='word_1_201' title='bbox 2561 2279 2643 2348; x_wconf 87' lang='lat' dir='ltr'>ad</span> <span class='ocrx_word' id='word_1_202' title='bbox 2695 2280 2830 2348; x_wconf 90' lang='lat' dir='ltr'>alia</span> <span class='ocrx_word' id='word_1_203' title='bbox 2881 2300 3116 2369; x_wconf 87' lang='lat' dir='ltr'>perga-</span> 
     </span>
     <span class='ocr_line' id='line_1_24' title="bbox 592 2367 3114 2457; baseline -0.002 -19"><span class='ocrx_word' id='word_1_204' title='bbox 592 2393 773 2440; x_wconf 92' lang='lat' dir='ltr'>mus.</span> <span class='ocrx_word' id='word_1_205' title='bbox 826 2370 1008 2439; x_wconf 87' lang='lat' dir='ltr'>Beati</span> <span class='ocrx_word' id='word_1_206' title='bbox 1058 2383 1312 2451; x_wconf 89' lang='lat' dir='ltr'>autem,</span> <span class='ocrx_word' id='word_1_207' title='bbox 1353 2372 1566 2439; x_wconf 91' lang='lat' dir='ltr'>immo</span> <span class='ocrx_word' id='word_1_208' title='bbox 1615 2383 1848 2455; x_wconf 91' lang='lat' dir='ltr'>terque</span> <span class='ocrx_word' id='word_1_209' title='bbox 1895 2383 2270 2456; x_wconf 88' lang='lat' dir='ltr'>quaterque</span> <span class='ocrx_word' id='word_1_210' title='bbox 2301 2368 2476 2437; x_wconf 89' lang='lat' dir='ltr'>beati</span> <span class='ocrx_word' id='word_1_211' title='bbox 2530 2369 2678 2449; x_wconf 87' lang='lat' dir='ltr'>viri,</span> <span class='ocrx_word' id='word_1_212' title='bbox 2716 2367 3114 2457; x_wconf 91' lang='lat' dir='ltr'>centuplum</span> 
     </span>
     <span class='ocr_line' id='line_1_25' title="bbox 590 2456 3119 2548; baseline -0.001 -20"><span class='ocrx_word' id='word_1_213' title='bbox 590 2482 629 2528; x_wconf 90' lang='lat' dir='ltr'>a</span> <span class='ocrx_word' id='word_1_214' title='bbox 696 2460 961 2530; x_wconf 87' lang='lat' dir='ltr'>Christo</span> <span class='ocrx_word' id='word_1_215' title='bbox 1008 2472 1072 2528; x_wconf 90' lang='lat' dir='ltr'>et</span> <span class='ocrx_word' id='word_1_216' title='bbox 1119 2459 1326 2528; x_wconf 88' lang='lat' dir='ltr'>vitam</span> <span class='ocrx_word' id='word_1_217' title='bbox 1398 2471 1742 2528; x_wconf 88' lang='lat' dir='ltr'>aeternam</span> <span class='ocrx_word' id='word_1_218' title='bbox 1818 2456 2226 2548; x_wconf 82' lang='lat' dir='ltr'>percepturi,</span> <span class='ocrx_word' id='word_1_219' title='bbox 2285 2478 2445 2546; x_wconf 87' lang='lat' dir='ltr'>prae</span> <span class='ocrx_word' id='word_1_220' title='bbox 2493 2458 2780 2527; x_wconf 91' lang='lat' dir='ltr'>caeteris</span> <span class='ocrx_word' id='word_1_221' title='bbox 2823 2456 3119 2547; x_wconf 87' lang='lat' dir='ltr'>comites</span> 
     </span>
     <span class='ocr_line' id='line_1_26' title="bbox 590 2546 3114 2639; baseline -0.002 -23"><span class='ocrx_word' id='word_1_222' title='bbox 590 2548 776 2618; x_wconf 86' lang='lat' dir='ltr'>fuere</span> <span class='ocrx_word' id='word_1_223' title='bbox 826 2549 1239 2639; x_wconf 85' lang='lat' dir='ltr'>Arbogastus</span> <span class='ocrx_word' id='word_1_224' title='bbox 1294 2561 1358 2617; x_wconf 89' lang='lat' dir='ltr'>et</span> <span class='ocrx_word' id='word_1_225' title='bbox 1409 2548 1833 2617; x_wconf 85' lang='lat' dir='ltr'>Florentius:</span> <span class='ocrx_word' id='word_1_226' title='bbox 1879 2568 2172 2633; x_wconf 89' lang='lat' dir='ltr'>quorum</span> <span class='ocrx_word' id='word_1_227' title='bbox 2219 2546 2404 2635; x_wconf 87' lang='lat' dir='ltr'>prior</span> <span class='ocrx_word' id='word_1_228' title='bbox 2451 2546 2518 2615; x_wconf 91' lang='lat' dir='ltr'>in</span> <span class='ocrx_word' id='word_1_229' title='bbox 2572 2569 2765 2616; x_wconf 90' lang='lat' dir='ltr'>sacro</span> <span class='ocrx_word' id='word_1_230' title='bbox 2817 2548 3114 2625; x_wconf 78' lang='lat' dir='ltr'>nemore,</span> 
     </span>
     <span class='ocr_line' id='line_1_27' title="bbox 586 2633 3122 2725; baseline -0.002 -19"><span class='ocrx_word' id='word_1_231' title='bbox 586 2637 767 2724; x_wconf 92' lang='lat' dir='ltr'>quod</span> <span class='ocrx_word' id='word_1_232' title='bbox 818 2637 1222 2705; x_wconf 87' lang='lat' dir='ltr'>Germanico</span> <span class='ocrx_word' id='word_1_233' title='bbox 1271 2636 1593 2704; x_wconf 89' lang='lat' dir='ltr'>idiomate</span> <span class='ocrx_word' id='word_1_234' title='bbox 1641 2635 2075 2725; x_wconf 87' lang='lat' dir='ltr'>Heiligesorst</span> <span class='ocrx_word' id='word_1_235' title='bbox 2121 2634 2396 2714; x_wconf 90' lang='lat' dir='ltr'>dicitur,</span> <span class='ocrx_word' id='word_1_236' title='bbox 2453 2636 2874 2704; x_wconf 88' lang='lat' dir='ltr'>eremiticam</span> <span class='ocrx_word' id='word_1_237' title='bbox 2928 2633 3122 2702; x_wconf 80' lang='lat' dir='ltr'>duxit</span> 
     </span>
     <span class='ocr_line' id='line_1_28' title="bbox 585 2723 3114 2815; baseline -0.002 -24"><span class='ocrx_word' id='word_1_238' title='bbox 585 2727 818 2806; x_wconf 86' lang='lat' dir='ltr'>vitam,</span> <span class='ocrx_word' id='word_1_239' title='bbox 854 2739 918 2794; x_wconf 88' lang='lat' dir='ltr'>et</span> <span class='ocrx_word' id='word_1_240' title='bbox 944 2724 1103 2793; x_wconf 89' lang='lat' dir='ltr'>inde</span> <span class='ocrx_word' id='word_1_241' title='bbox 1136 2724 1221 2794; x_wconf 89' lang='lat' dir='ltr'>ad</span> <span class='ocrx_word' id='word_1_242' title='bbox 1255 2725 1769 2815; x_wconf 79' lang='lat' dir='ltr'>Argentinensis</span> <span class='ocrx_word' id='word_1_243' title='bbox 1819 2723 2154 2794; x_wconf 85' lang='lat' dir='ltr'>Ecclesiae</span> <span class='ocrx_word' id='word_1_244' title='bbox 2205 2723 2672 2813; x_wconf 88' lang='lat' dir='ltr'>praesulatum</span> <span class='ocrx_word' id='word_1_245' title='bbox 2710 2736 2944 2813; x_wconf 88' lang='lat' dir='ltr'>raptus</span> <span class='ocrx_word' id='word_1_246' title='bbox 2973 2734 3114 2789; x_wconf 86' lang='lat' dir='ltr'>est:</span> 
     </span>
     <span class='ocr_line' id='line_1_29' title="bbox 588 2810 3117 2895; baseline -0.002 -12"><span class='ocrx_word' id='word_1_247' title='bbox 588 2816 699 2883; x_wconf 93' lang='lat' dir='ltr'>cui</span> <span class='ocrx_word' id='word_1_248' title='bbox 726 2814 1108 2895; x_wconf 86' lang='lat' dir='ltr'>decedenti,</span> <span class='ocrx_word' id='word_1_249' title='bbox 1145 2815 1303 2881; x_wconf 88' lang='lat' dir='ltr'>item</span> <span class='ocrx_word' id='word_1_250' title='bbox 1340 2836 1381 2881; x_wconf 90' lang='lat' dir='ltr'>a</span> <span class='ocrx_word' id='word_1_251' title='bbox 1406 2811 1779 2882; x_wconf 87' lang='lat' dir='ltr'>solitudine</span> <span class='ocrx_word' id='word_1_252' title='bbox 1807 2812 2053 2882; x_wconf 87' lang='lat' dir='ltr'>Hasale</span> <span class='ocrx_word' id='word_1_253' title='bbox 2085 2812 2471 2881; x_wconf 88' lang='lat' dir='ltr'>abstractus</span> <span class='ocrx_word' id='word_1_254' title='bbox 2508 2810 2884 2881; x_wconf 85' lang='lat' dir='ltr'>Florentius</span> <span class='ocrx_word' id='word_1_255' title='bbox 2912 2810 3117 2878; x_wconf 85' lang='lat' dir='ltr'>datus</span> 
     </span>
     <span class='ocr_line' id='line_1_30' title="bbox 585 2895 3119 2991; baseline -0.002 -21"><span class='ocrx_word' id='word_1_256' title='bbox 585 2915 685 2973; x_wconf 88' lang='lat' dir='ltr'>est</span> <span class='ocrx_word' id='word_1_257' title='bbox 720 2924 1094 2973; x_wconf 89' lang='lat' dir='ltr'>successor.</span> <span class='ocrx_word' id='word_1_258' title='bbox 1136 2908 1499 2988; x_wconf 90' lang='lat' dir='ltr'>Postquam</span> <span class='ocrx_word' id='word_1_259' title='bbox 1551 2914 1777 2969; x_wconf 90' lang='lat' dir='ltr'>autem</span> <span class='ocrx_word' id='word_1_260' title='bbox 1832 2902 2035 2970; x_wconf 90' lang='lat' dir='ltr'>ambo</span> <span class='ocrx_word' id='word_1_261' title='bbox 2085 2900 2385 2991; x_wconf 88' lang='lat' dir='ltr'>plurima</span> <span class='ocrx_word' id='word_1_262' title='bbox 2436 2899 2762 2969; x_wconf 89' lang='lat' dir='ltr'>virtutum</span> <span class='ocrx_word' id='word_1_263' title='bbox 2805 2895 3119 2986; x_wconf 83' lang='lat' dir='ltr'>exempla</span> 
     </span>
     <span class='ocr_line' id='line_1_31' title="bbox 585 2985 3114 3081; baseline -0.002 -22"><span class='ocrx_word' id='word_1_264' title='bbox 585 2991 669 3059; x_wconf 86' lang='lat' dir='ltr'>de</span> <span class='ocrx_word' id='word_1_265' title='bbox 719 3014 789 3061; x_wconf 92' lang='lat' dir='ltr'>se</span> <span class='ocrx_word' id='word_1_266' title='bbox 839 2991 1235 3081; x_wconf 86' lang='lat' dir='ltr'>praebuere,</span> <span class='ocrx_word' id='word_1_267' title='bbox 1292 2989 1506 3059; x_wconf 88' lang='lat' dir='ltr'>vocati</span> <span class='ocrx_word' id='word_1_268' title='bbox 1558 3012 1595 3057; x_wconf 87' lang='lat' dir='ltr'>a</span> <span class='ocrx_word' id='word_1_269' title='bbox 1642 2990 1948 3067; x_wconf 89' lang='lat' dir='ltr'>Domin0,</span> <span class='ocrx_word' id='word_1_270' title='bbox 1989 2989 2074 3057; x_wconf 83' lang='lat' dir='ltr'>ad</span> <span class='ocrx_word' id='word_1_271' title='bbox 2124 2989 2349 3058; x_wconf 89' lang='lat' dir='ltr'>coelos</span> <span class='ocrx_word' id='word_1_272' title='bbox 2400 2987 2782 3079; x_wconf 89' lang='lat' dir='ltr'>migrarunt</span> <span class='ocrx_word' id='word_1_273' title='bbox 2839 2985 3114 3076; x_wconf 90' lang='lat' dir='ltr'>spiritu,</span> 
     </span>
     <span class='ocr_line' id='line_1_32' title="bbox 590 3075 3117 3168; baseline -0.001 -21"><span class='ocrx_word' id='word_1_274' title='bbox 590 3101 871 3168; x_wconf 89' lang='lat' dir='ltr'>corpore</span> <span class='ocrx_word' id='word_1_275' title='bbox 942 3080 1010 3148; x_wconf 91' lang='lat' dir='ltr'>in</span> <span class='ocrx_word' id='word_1_276' title='bbox 1088 3078 1255 3147; x_wconf 88' lang='lat' dir='ltr'>locis</span> <span class='ocrx_word' id='word_1_277' title='bbox 1323 3078 1741 3167; x_wconf 88' lang='lat' dir='ltr'>supradictis</span> <span class='ocrx_word' id='word_1_278' title='bbox 1790 3078 2179 3165; x_wconf 90' lang='lat' dir='ltr'>quiescunt.</span> <span class='ocrx_word' id='word_1_279' title='bbox 2235 3082 2504 3146; x_wconf 87' lang='lat' dir='ltr'>Praeter</span> <span class='ocrx_word' id='word_1_280' title='bbox 2552 3077 2677 3147; x_wconf 91' lang='lat' dir='ltr'>hos</span> <span class='ocrx_word' id='word_1_281' title='bbox 2723 3075 2911 3146; x_wconf 80' lang='lat' dir='ltr'>fuere</span> <span class='ocrx_word' id='word_1_282' title='bbox 2959 3098 3117 3144; x_wconf 89' lang='lat' dir='ltr'>cum</span> 
     </span>
     <span class='ocr_line' id='line_1_33' title="bbox 592 3165 3121 3257; baseline -0 -22"><span class='ocrx_word' id='word_1_283' title='bbox 592 3168 883 3236; x_wconf 88' lang='lat' dir='ltr'>Deodato</span> <span class='ocrx_word' id='word_1_284' title='bbox 930 3167 1362 3257; x_wconf 80' lang='lat' dir='ltr'>WilligoduS,</span> <span class='ocrx_word' id='word_1_285' title='bbox 1402 3167 1777 3237; x_wconf 89' lang='lat' dir='ltr'>Domnolus</span> <span class='ocrx_word' id='word_1_286' title='bbox 1808 3179 1871 3237; x_wconf 89' lang='lat' dir='ltr'>et</span> <span class='ocrx_word' id='word_1_287' title='bbox 1902 3166 2208 3253; x_wconf 89' lang='lat' dir='ltr'>ejusdem</span> <span class='ocrx_word' id='word_1_288' title='bbox 2251 3188 2407 3234; x_wconf 89' lang='lat' dir='ltr'>cum</span> <span class='ocrx_word' id='word_1_289' title='bbox 2464 3165 2580 3235; x_wconf 90' lang='lat' dir='ltr'>illo</span> <span class='ocrx_word' id='word_1_290' title='bbox 2633 3165 2933 3234; x_wconf 87' lang='lat' dir='ltr'>nominis</span> <span class='ocrx_word' id='word_1_291' title='bbox 2963 3167 3121 3234; x_wconf 79' lang='lat' dir='ltr'>Deo-</span> 
     </span>
     <span class='ocr_line' id='line_1_34' title="bbox 587 3252 3119 3343; baseline -0.002 -19"><span class='ocrx_word' id='word_1_292' title='bbox 587 3256 813 3333; x_wconf 86' lang='lat' dir='ltr'>datus,</span> <span class='ocrx_word' id='word_1_293' title='bbox 853 3277 1024 3342; x_wconf 92' lang='lat' dir='ltr'>quos</span> <span class='ocrx_word' id='word_1_294' title='bbox 1061 3255 1296 3324; x_wconf 92' lang='lat' dir='ltr'>nullus</span> <span class='ocrx_word' id='word_1_295' title='bbox 1346 3256 1537 3324; x_wconf 88' lang='lat' dir='ltr'>labor</span> <span class='ocrx_word' id='word_1_296' title='bbox 1566 3257 1653 3325; x_wconf 89' lang='lat' dir='ltr'>ab</span> <span class='ocrx_word' id='word_1_297' title='bbox 1702 3278 1780 3325; x_wconf 90' lang='lat' dir='ltr'>eo</span> <span class='ocrx_word' id='word_1_298' title='bbox 1831 3276 2147 3340; x_wconf 86' lang='lat' dir='ltr'>separare</span> <span class='ocrx_word' id='word_1_299' title='bbox 2199 3255 2437 3343; x_wconf 89' lang='lat' dir='ltr'>potuit,</span> <span class='ocrx_word' id='word_1_300' title='bbox 2478 3255 2644 3341; x_wconf 88' lang='lat' dir='ltr'>quin</span> <span class='ocrx_word' id='word_1_301' title='bbox 2681 3254 2988 3324; x_wconf 85' lang='lat' dir='ltr'>certatim</span> <span class='ocrx_word' id='word_1_302' title='bbox 3021 3252 3119 3320; x_wconf 91' lang='lat' dir='ltr'>illi</span> 
     </span>
     <span class='ocr_line' id='line_1_35' title="bbox 588 3342 3116 3434; baseline -0 -23"><span class='ocrx_word' id='word_1_303' title='bbox 588 3343 888 3413; x_wconf 83' lang='lat' dir='ltr'>officiose</span> <span class='ocrx_word' id='word_1_304' title='bbox 936 3344 1369 3423; x_wconf 77' lang='lat' dir='ltr'>inservirent,</span> <span class='ocrx_word' id='word_1_305' title='bbox 1411 3356 1475 3413; x_wconf 89' lang='lat' dir='ltr'>et</span> <span class='ocrx_word' id='word_1_306' title='bbox 1523 3345 1673 3434; x_wconf 85' lang='lat' dir='ltr'>ejus</span> <span class='ocrx_word' id='word_1_307' title='bbox 1711 3346 2022 3434; x_wconf 83' lang='lat' dir='ltr'>parerent</span> <span class='ocrx_word' id='word_1_308' title='bbox 2046 3343 2289 3433; x_wconf 81' lang='lat' dir='ltr'>jussiS‚</span> <span class='ocrx_word' id='word_1_309' title='bbox 2345 3342 2561 3413; x_wconf 88' lang='lat' dir='ltr'>satius</span> <span class='ocrx_word' id='word_1_310' title='bbox 2609 3342 2935 3413; x_wconf 90' lang='lat' dir='ltr'>ducentes</span> <span class='ocrx_word' id='word_1_311' title='bbox 2960 3364 3116 3412; x_wconf 88' lang='lat' dir='ltr'>cum</span> 
     </span>
     <span class='ocr_line' id='line_1_36' title="bbox 588 3431 3119 3523; baseline -0.001 -23"><span class='ocrx_word' id='word_1_312' title='bbox 588 3433 706 3501; x_wconf 87' lang='lat' dir='ltr'>illo</span> <span class='ocrx_word' id='word_1_313' title='bbox 746 3433 921 3501; x_wconf 82' lang='lat' dir='ltr'>inter</span> <span class='ocrx_word' id='word_1_314' title='bbox 959 3433 1227 3522; x_wconf 85' lang='lat' dir='ltr'>ignotos</span> <span class='ocrx_word' id='word_1_315' title='bbox 1276 3432 1512 3523; x_wconf 86' lang='lat' dir='ltr'>affligi,</span> <span class='ocrx_word' id='word_1_316' title='bbox 1556 3455 1762 3519; x_wconf 89' lang='lat' dir='ltr'>quam</span> <span class='ocrx_word' id='word_1_317' title='bbox 1800 3432 1981 3523; x_wconf 88' lang='lat' dir='ltr'>apud</span> <span class='ocrx_word' id='word_1_318' title='bbox 2022 3443 2214 3502; x_wconf 91' lang='lat' dir='ltr'>notos</span> <span class='ocrx_word' id='word_1_319' title='bbox 2248 3431 2318 3500; x_wconf 92' lang='lat' dir='ltr'>in</span> <span class='ocrx_word' id='word_1_320' title='bbox 2373 3431 2590 3521; x_wconf 88' lang='lat' dir='ltr'>patria</span> <span class='ocrx_word' id='word_1_321' title='bbox 2631 3431 2837 3500; x_wconf 89' lang='lat' dir='ltr'>rebus</span> <span class='ocrx_word' id='word_1_322' title='bbox 2865 3431 3119 3521; x_wconf 87' lang='lat' dir='ltr'>jucun-</span> 
     </span>
     <span class='ocr_line' id='line_1_37' title="bbox 590 3520 1027 3611; baseline -0.005 -22"><span class='ocrx_word' id='word_1_323' title='bbox 590 3521 698 3590; x_wconf 91' lang='lat' dir='ltr'>dis</span> <span class='ocrx_word' id='word_1_324' title='bbox 749 3520 1027 3611; x_wconf 85' lang='lat' dir='ltr'>perfrui.</span> 
     </span>
    </p>

    <p class='ocr_par' dir='ltr' id='par_1_4' title="bbox 586 3607 3126 4320">
     <span class='ocr_line' id='line_1_38' title="bbox 676 3607 3124 3696; baseline -0.004 -14"><span class='ocrx_word' id='word_1_325' title='bbox 676 3611 712 3696; x_wconf 67' lang='grc' dir='ltr'><strong>ξ</strong></span> <span class='ocrx_word' id='word_1_326' title='bbox 760 3615 844 3682; x_wconf 73' lang='grc'>4.</span> <span class='ocrx_word' id='word_1_327' title='bbox 899 3609 1334 3680; x_wconf 88' lang='lat' dir='ltr'>Praesidebat</span> <span class='ocrx_word' id='word_1_328' title='bbox 1381 3622 1525 3678; x_wconf 89' lang='lat' dir='ltr'>tum</span> <span class='ocrx_word' id='word_1_329' title='bbox 1593 3607 1898 3677; x_wconf 89' lang='lat' dir='ltr'>Tullensi</span> <span class='ocrx_word' id='word_1_330' title='bbox 1963 3607 2302 3678; x_wconf 89' lang='lat' dir='ltr'>Ecclesiae</span> <span class='ocrx_word' id='word_1_331' title='bbox 2353 3607 2721 3677; x_wconf 89' lang='lat' dir='ltr'>Gribaldus</span> <span class='ocrx_word' id='word_1_332' title='bbox 2752 3607 2787 3642; x_wconf 73' lang='lat'>&#39;⁴‘</span> <span class='ocrx_word' id='word_1_333' title='bbox 2821 3607 2921 3674; x_wconf 89' lang='lat' dir='ltr'>vir</span> <span class='ocrx_word' id='word_1_334' title='bbox 2968 3627 3124 3674; x_wconf 87' lang='lat' dir='ltr'>san·</span> 
     </span>
     <span class='ocr_line' id='line_1_39' title="bbox 589 3694 3123 3785; baseline -0.001 -21"><span class='ocrx_word' id='word_1_335' title='bbox 589 3697 965 3780; x_wconf 82' lang='lat' dir='ltr'>ctissimuS,</span> <span class='ocrx_word' id='word_1_336' title='bbox 1018 3697 1295 3784; x_wconf 90' lang='lat' dir='ltr'>quando</span> <span class='ocrx_word' id='word_1_337' title='bbox 1345 3697 1569 3766; x_wconf 80' lang='lat' dir='ltr'>fidelis</span> <span class='ocrx_word' id='word_1_338' title='bbox 1618 3696 1865 3767; x_wconf 87' lang='lat' dir='ltr'>Christi</span> <span class='ocrx_word' id='word_1_339' title='bbox 1916 3718 2153 3765; x_wconf 90' lang='lat' dir='ltr'>servus</span> <span class='ocrx_word' id='word_1_340' title='bbox 2186 3696 2549 3777; x_wconf 79' lang='lat' dir='ltr'>DeodatuS,</span> <span class='ocrx_word' id='word_1_341' title='bbox 2608 3694 2968 3785; x_wconf 89' lang='lat' dir='ltr'>repudiato</span> <span class='ocrx_word' id='word_1_342' title='bbox 3017 3715 3123 3763; x_wconf 92' lang='lat' dir='ltr'>se-</span> 
     </span>
     <span class='ocr_line' id='line_1_40' title="bbox 588 3783 3120 3876; baseline -0.001 -23"><span class='ocrx_word' id='word_1_343' title='bbox 588 3785 769 3868; x_wconf 80' lang='lat' dir='ltr'>culO,</span> <span class='ocrx_word' id='word_1_344' title='bbox 833 3786 902 3856; x_wconf 88' lang='lat' dir='ltr'>in</span> <span class='ocrx_word' id='word_1_345' title='bbox 954 3787 1194 3876; x_wconf 89' lang='lat' dir='ltr'>Vosagi</span> <span class='ocrx_word' id='word_1_346' title='bbox 1244 3786 1422 3855; x_wconf 89' lang='lat' dir='ltr'>saltu</span> <span class='ocrx_word' id='word_1_347' title='bbox 1474 3785 1604 3854; x_wconf 91' lang='lat' dir='ltr'>sibi</span> <span class='ocrx_word' id='word_1_348' title='bbox 1663 3784 1891 3854; x_wconf 91' lang='lat' dir='ltr'>sedem</span> <span class='ocrx_word' id='word_1_349' title='bbox 1958 3784 2250 3876; x_wconf 88' lang='lat' dir='ltr'>delegit;</span> <span class='ocrx_word' id='word_1_350' title='bbox 2302 3806 2601 3871; x_wconf 86' lang='lat' dir='ltr'>cumque</span> <span class='ocrx_word' id='word_1_351' title='bbox 2648 3783 2923 3853; x_wconf 86' lang='lat' dir='ltr'>tandem</span> <span class='ocrx_word' id='word_1_352' title='bbox 2965 3804 3120 3851; x_wconf 92' lang='lat' dir='ltr'>cum</span> 
     </span>
     <span class='ocr_line' id='line_1_41' title="bbox 588 3872 3125 3964; baseline -0.001 -22"><span class='ocrx_word' id='word_1_353' title='bbox 588 3875 790 3943; x_wconf 87' lang='lat' dir='ltr'>sociis</span> <span class='ocrx_word' id='word_1_354' title='bbox 840 3876 1131 3945; x_wconf 88' lang='lat' dir='ltr'>venisset</span> <span class='ocrx_word' id='word_1_355' title='bbox 1197 3874 1279 3942; x_wconf 90' lang='lat' dir='ltr'>ad</span> <span class='ocrx_word' id='word_1_356' title='bbox 1334 3879 1718 3943; x_wconf 89' lang='lat' dir='ltr'>Romanum</span> <span class='ocrx_word' id='word_1_357' title='bbox 1775 3873 2130 3964; x_wconf 90' lang='lat' dir='ltr'>praedium</span> <span class='ocrx_word' id='word_1_358' title='bbox 2165 3929 2179 3955; x_wconf 99' lang='lat'>,</span> <span class='ocrx_word' id='word_1_359' title='bbox 2234 3873 2417 3959; x_wconf 92' lang='lat' dir='ltr'>quod</span> <span class='ocrx_word' id='word_1_360' title='bbox 2479 3884 2621 3941; x_wconf 75' lang='lat' dir='ltr'>turn</span> <span class='ocrx_word' id='word_1_361' title='bbox 2674 3872 2811 3941; x_wconf 92' lang='lat' dir='ltr'>duo</span> <span class='ocrx_word' id='word_1_362' title='bbox 2882 3872 3125 3940; x_wconf 86' lang='lat' dir='ltr'>fratres</span> 
     </span>
     <span class='ocr_line' id='line_1_42' title="bbox 592 3960 3117 4062; baseline -0.001 -31"><span class='ocrx_word' id='word_1_363' title='bbox 592 3964 766 4032; x_wconf 87' lang='lat' dir='ltr'>inter</span> <span class='ocrx_word' id='word_1_364' title='bbox 806 3964 1399 4055; x_wconf 82' lang='lat' dir='ltr'>se-partiebantur,</span> <span class='ocrx_word' id='word_1_365' title='bbox 1426 3962 1628 4062; x_wconf 79' lang='lat' dir='ltr'>cujus</span> <span class='ocrx_word' id='word_1_366' title='bbox 1676 3976 1853 4031; x_wconf 87' lang='lat' dir='ltr'>esset</span> <span class='ocrx_word' id='word_1_367' title='bbox 1887 3962 2135 4043; x_wconf 90' lang='lat' dir='ltr'>meriti,</span> <span class='ocrx_word' id='word_1_368' title='bbox 2175 3963 2286 4030; x_wconf 90' lang='lat' dir='ltr'>Dei</span> <span class='ocrx_word' id='word_1_369' title='bbox 2324 3973 2498 4031; x_wconf 91' lang='lat' dir='ltr'>nutu</span> <span class='ocrx_word' id='word_1_370' title='bbox 2538 3960 2963 4031; x_wconf 90' lang='lat' dir='ltr'>declaratum</span> <span class='ocrx_word' id='word_1_371' title='bbox 2995 3973 3117 4029; x_wconf 84' lang='lat' dir='ltr'>est.</span> 
     </span>
     <span class='ocr_line' id='line_1_43' title="bbox 586 4048 3119 4132; baseline -0.002 -12"><span class='ocrx_word' id='word_1_372' title='bbox 586 4053 816 4122; x_wconf 79' lang='lat' dir='ltr'>Asclas</span> <span class='ocrx_word' id='word_1_373' title='bbox 863 4054 1074 4130; x_wconf 89' lang='lat' dir='ltr'>enim,</span> <span class='ocrx_word' id='word_1_374' title='bbox 1127 4073 1313 4119; x_wconf 90' lang='lat' dir='ltr'>unus</span> <span class='ocrx_word' id='word_1_375' title='bbox 1361 4072 1440 4120; x_wconf 84' lang='lat' dir='ltr'>ex</span> <span class='ocrx_word' id='word_1_376' title='bbox 1490 4052 1574 4119; x_wconf 80' lang='lat' dir='ltr'>iis</span> <span class='ocrx_word' id='word_1_377' title='bbox 1633 4050 1984 4132; x_wconf 84' lang='lat' dir='ltr'>fratribus,</span> <span class='ocrx_word' id='word_1_378' title='bbox 2041 4072 2250 4119; x_wconf 89' lang='lat' dir='ltr'>novas</span> <span class='ocrx_word' id='word_1_379' title='bbox 2299 4049 2442 4119; x_wconf 92' lang='lat' dir='ltr'>illic</span> <span class='ocrx_word' id='word_1_380' title='bbox 2475 4050 2822 4119; x_wconf 82' lang='lat' dir='ltr'>extruebat</span> <span class='ocrx_word' id='word_1_381' title='bbox 2874 4048 3119 4117; x_wconf 89' lang='lat' dir='ltr'>aedes:</span> 
     </span>
     <span class='ocr_line' id='line_1_44' title="bbox 588 4132 3126 4229; baseline -0.001 -21"><span class='ocrx_word' id='word_1_382' title='bbox 588 4139 672 4208; x_wconf 90' lang='lat' dir='ltr'>ad</span> <span class='ocrx_word' id='word_1_383' title='bbox 708 4140 908 4229; x_wconf 89' lang='lat' dir='ltr'>cujus</span> <span class='ocrx_word' id='word_1_384' title='bbox 977 4139 1251 4229; x_wconf 84' lang='lat' dir='ltr'>fastigia</span> <span class='ocrx_word' id='word_1_385' title='bbox 1304 4161 1461 4208; x_wconf 89' lang='lat' dir='ltr'>cum</span> <span class='ocrx_word' id='word_1_386' title='bbox 1500 4152 1778 4209; x_wconf 87' lang='lat' dir='ltr'>ventum</span> <span class='ocrx_word' id='word_1_387' title='bbox 1828 4152 2026 4217; x_wconf 87' lang='lat' dir='ltr'>esset,</span> <span class='ocrx_word' id='word_1_388' title='bbox 2087 4132 2271 4207; x_wconf 86' lang='lat' dir='ltr'>trabs</span> <span class='ocrx_word' id='word_1_389' title='bbox 2316 4138 2680 4226; x_wconf 87' lang='lat' dir='ltr'>quaedam,</span> <span class='ocrx_word' id='word_1_390' title='bbox 2735 4137 2848 4207; x_wconf 91' lang='lat' dir='ltr'>cui</span> <span class='ocrx_word' id='word_1_391' title='bbox 2896 4137 3126 4206; x_wconf 90' lang='lat' dir='ltr'>omnis</span> 
     </span>
     <span class='ocr_line' id='line_1_45' title="bbox 587 4224 3125 4320; baseline -0.002 -22"><span class='ocrx_word' id='word_1_392' title='bbox 587 4228 1009 4320; x_wconf 90' lang='lat' dir='ltr'>contignatio</span> <span class='ocrx_word' id='word_1_393' title='bbox 1059 4228 1260 4296; x_wconf 82' lang='lat' dir='ltr'>inniti</span> <span class='ocrx_word' id='word_1_394' title='bbox 1310 4227 1622 4308; x_wconf 88' lang='lat' dir='ltr'>debebat,</span> <span class='ocrx_word' id='word_1_395' title='bbox 1674 4227 1872 4297; x_wconf 88' lang='lat' dir='ltr'>nulla</span> <span class='ocrx_word' id='word_1_396' title='bbox 1918 4241 2060 4297; x_wconf 88' lang='lat' dir='ltr'>arte</span> <span class='ocrx_word' id='word_1_397' title='bbox 2097 4226 2199 4295; x_wconf 89' lang='lat' dir='ltr'>vel</span> <span class='ocrx_word' id='word_1_398' title='bbox 2251 4227 2592 4297; x_wconf 67' lang='lat' dir='ltr'>industria</span> <span class='ocrx_word' id='word_1_399' title='bbox 2642 4248 2762 4316; x_wconf 91' lang='lat' dir='ltr'>per</span> <span class='ocrx_word' id='word_1_400' title='bbox 2812 4224 3125 4296; x_wconf 89' lang='lat' dir='ltr'>triduum</span> 
     </span>
    </p>
   </div>
   <div class='ocr_carea' id='block_1_3' title="bbox 585 4383 3128 4481">
    <p class='ocr_par' dir='ltr' id='par_1_5' title="bbox 585 4383 3128 4481">
     <span class='ocr_line' id='line_1_46' title="bbox 638 4383 3128 4438; baseline -0.002 -11"><span class='ocrx_word' id='word_1_401' title='bbox 638 4387 665 4414; x_wconf 75' lang='grc'>*</span> <span class='ocrx_word' id='word_1_402' title='bbox 694 4388 736 4427; x_wconf 83' lang='lat' dir='ltr'>S.</span> <span class='ocrx_word' id='word_1_403' title='bbox 767 4386 944 4427; x_wconf 83' lang='lat' dir='ltr'>Bodum</span> <span class='ocrx_word' id='word_1_404' title='bbox 963 4386 1067 4434; x_wconf 91' lang='lat' dir='ltr'>(col.</span> <span class='ocrx_word' id='word_1_405' title='bbox 1086 4396 1131 4425; x_wconf 78' lang='lat' dir='ltr'>xi</span> <span class='ocrx_word' id='word_1_406' title='bbox 1154 4383 1296 4438; x_wconf 69' lang='lat' dir='ltr'>sepe.)</span> <span class='ocrx_word' id='word_1_407' title='bbox 1318 4384 1707 4427; x_wconf 74' lang='lat' dir='ltr'>substituendum</span> <span class='ocrx_word' id='word_1_408' title='bbox 1728 4386 1898 4434; x_wconf 69' lang='lat' dir='ltr'>putant</span> <span class='ocrx_word' id='word_1_409' title='bbox 1917 4385 2225 4431; x_wconf 68' lang='lat' dir='ltr'>Bollandiani.</span> <span class='ocrx_word' id='word_1_410' title='bbox 2244 4386 2490 4426; x_wconf 63' lang='lat' dir='ltr'>amandato</span> <span class='ocrx_word' id='word_1_411' title='bbox 2512 4386 2567 4426; x_wconf 77' lang='lat' dir='ltr'>ad</span> <span class='ocrx_word' id='word_1_412' title='bbox 2584 4386 2860 4435; x_wconf 74' lang='lat' dir='ltr'>sequentem</span> <span class='ocrx_word' id='word_1_413' title='bbox 2881 4385 3128 4424; x_wconf 66' lang='lat' dir='ltr'>saeculum</span> 
     </span>
     <span class='ocr_line' id='line_1_47' title="bbox 585 4437 1169 4481; baseline -0.005 0"><span class='ocrx_word' id='word_1_414' title='bbox 585 4437 807 4481; x_wconf 74' lang='lat' dir='ltr'>Gribaldo</span> <span class='ocrx_word' id='word_1_415' title='bbox 827 4449 912 4480; x_wconf 82' lang='lat' dir='ltr'>seu</span> <span class='ocrx_word' id='word_1_416' title='bbox 930 4439 1169 4479; x_wconf 74' lang='lat' dir='ltr'>Gli-baldo.</span> 
     </span>
    </p>
   </div>
  </div>
 </body>
</html>
