3357 4995
258 319 477 388 JUNII
531 319 612 383 13
995 338 1072 383 nr.
1121 338 1176 384 s.
1231 336 1506 384 amomo
1553 337 1593 382 A
1643 336 1852 382 raom
1904 335 2084 384 mero
2598 320 2729 384 299

346 420 384 505 ἓ
429 423 581 492 ¹⁸.
642 421 688 486 Ε
738 417 1094 487 Provincia
1142 417 1495 503 trajiciens
1544 415 1847 487 secundo
1896 416 1965 485 in
2018 417 2315 496 ltaliam:
2380 418 2446 485 in
2501 417 2810 487 Siciliam

261 506 466 585 venit,
521 506 645 576 ubi
697 505 1076 596 Cephaludi
1132 519 1196 575 et
1248 507 1316 575 in
1368 507 1711 575 Leontinis
1769 506 2106 575 Coenobia
2154 507 2265 577 sui
2320 506 2597 578 Ordinis
2649 506 2812 578 fun-

256 596 463 664 davit.
521 601 595 664 In
648 596 820 664 urbe
869 616 1025 664 vero
1088 601 1449 664 Pactarum
1498 594 1816 684 (textum
1869 596 2202 684 Anonymi
2258 595 2457 664 liceat
2507 596 2618 665 hic
2669 598 2813 665 exi-

259 685 378 752 mii
433 683 798 774 Waddingi
836 683 1356 756 narratiuncula
1399 683 1863 773 interpolare),
1900 683 2143 773 obtigit
2175 684 2235 751 ei
2279 684 2452 752 illud
2510 686 2811 754 miracu-

258 772 431 854 lum,
484 772 667 860 quod
702 795 864 841 cum
899 772 1183 859 quidam
1235 772 1392 841 odio
1442 773 1722 841 haberet
1751 784 2069 842 sanctum
2110 773 2371 841 virum:
2413 773 2810 860 doleretque

255 863 326 930 in
381 862 597 953 pretio
635 861 871 931 haberi
923 862 1007 930 ab
1043 861 1401 952 Episcopo,
1438 862 1675 931 stravit
1705 860 1993 929 insidias
2042 863 2191 951 ejus
2244 862 2509 931 honori.
2556 863 2810 932 Invita-

256 952 350 1019 vit
398 973 555 1020 eum
608 964 685 1019 ut
733 972 967 1020 secum
1018 951 1384 1038 pranderet
1432 951 1542 1018 die
1591 949 1900 1029 Veneris;
1957 950 2385 1019 recumbenti
2427 963 2653 1020 autem
2707 951 2810 1020 al-

257 1039 446 1108 tilem
492 1040 816 1129 apposuit
865 1061 1222 1128 caponem,
1277 1039 1538 1116 dicens,
1599 1038 2083 1127 Evangelicum
2135 1061 2282 1108 esse
2336 1053 2803 1129 praeceptum:

253 1129 650 1198 Manducace
683 1151 857 1218 quae
883 1139 1315 1218 apponuntur
1338 1130 1540 1206 vobis;
1578 1150 1698 1195 nec
1737 1128 1799 1195 id
1841 1126 2045 1196 licere
2075 1128 2363 1197 Antonio
2386 1129 2797 1218 transgredi,
2876 1141 2887 1154 ·

149 1287 168 1299 Ι
252 1240 333 1286 ac
387 1217 672 1306 proinde
705 1215 902 1286 illum
953 1218 1403 1302 quantumvis
1468 1228 1647 1286 sexta
1701 1216 1866 1284 seria
1921 1217 2169 1285 debere
2217 1218 2545 1287 carnibus
2592 1218 2798 1288 vesci.

263 1305 380 1374 llle
438 1305 774 1396 explicato
839 1304 1187 1394 Evangelii
1241 1319 1445 1382 textu,
1505 1319 1780 1395 propter
1835 1305 2093 1373 infirmi
2146 1307 2455 1394 corporis
2489 1307 2804 1376 debilita-

260 1409 416 1472 tem,
459 1416 648 1464 avem
701 1395 1022 1464 comedit.
1061 1394 1245 1463 Clam
1283 1396 1530 1482 hospes
1579 1395 1807 1462 statim
1843 1416 2000 1462 cum
2038 1395 2183 1463 suis
2232 1396 2457 1483 coepit
2493 1417 2808 1464 murmu-

260 1506 430 1562 rare,
477 1497 541 1552 et
580 1484 662 1551 ad
717 1483 1132 1572 Episcopum
1187 1485 1502 1572 perrexit,
1541 1482 1765 1571 ipsius
1814 1483 2100 1571 caponis
2148 1484 2424 1553 ossibus
2455 1483 2659 1552 fidem
2709 1483 2809 1551 fa-

254 1586 519 1651 cturus,
558 1593 692 1640 non
722 1573 892 1640 adeo
925 1584 1241 1646 sanctum
1292 1594 1441 1641 esse
1493 1572 1840 1640 hominem
1886 1571 2069 1640 velut
2105 1572 2407 1662 populus
2433 1573 2803 1661 cogitabat;

258 1662 608 1747 versisque
638 1675 867 1730 autem
920 1661 1144 1732 statim
1206 1662 1480 1730 ossibus
1531 1661 1597 1728 in
1652 1662 1891 1750 spinas
1936 1661 2258 1750 piscium,
2317 1661 2520 1729 homo
2570 1662 2809 1731 obstu-

259 1751 431 1839 puit,
488 1752 895 1836 veniamque
946 1750 1279 1838 poposcit.

340 1842 380 1924 ἓ
428 1843 559 1911 12.
616 1844 690 1907 In
743 1839 861 1907 illo
896 1837 1199 1926 generali
1262 1839 1594 1927 capitulo,
1654 1861 1791 1923 quo
1848 1838 2355 1915 sacratissimae
2424 1839 2805 1908 beatissimi

257 1929 475 2016 patris
525 1929 736 1996 nostri
797 1928 1141 1997 Francisci
1193 1927 1543 2014 reliquiae,
1597 1927 1683 1995 ad
1742 1948 1901 1996 eum
1953 1926 2205 2004 locum,
2273 1929 2341 1995 in
2392 1949 2529 2013 quo
2591 1951 2799 2006 nunc,

251 2039 411 2085 cum
485 2039 566 2086 ea
612 2039 746 2102 qua
821 2033 941 2104 par
994 2029 1116 2094 est,
1183 2018 1614 2086 veneratione
1676 2028 2156 2092 asservantur,
2215 2017 2583 2085 translatae
2641 2029 2805 2086 sunt

249 2106 461 2259 {anno
495 2105 791 2192 mccxxx),
836 2105 955 2191 qui
987 2104 1114 2172 fuit
1144 2127 1372 2174 annus
1407 2107 1762 2194 proximus
1789 2118 1945 2172 ante.
1972 2104 2237 2173 obitum
2275 2106 2447 2205 ejus,
2493 2106 2580 2172 ab
2612 2106 2800 2174 omni

283 2206 537 2263 ratrum
587 2194 918 2284 regimine
954 2214 1233 2283 prorsus
1267 2195 1627 2265 absolutus
1660 2206 1763 2261 est
1799 2194 2039 2261 beatus
2078 2199 2436 2272 Antonius,
2492 2194 2804 2279 factaque

257 2283 318 2348 ei
367 2296 466 2349 est
495 2282 832 2370 generalis
863 2295 1158 2370 potestas
1201 2283 1482 2352 verbum
1547 2283 1659 2350 Dei
1709 2282 2135 2367 ubicumque
2168 2282 2365 2350 vellet
2401 2282 2803 2370 praedican—

256 2369 464 2458 dim).
491 2376 654 2440 Cum
680 2371 892 2460 igitur
911 2390 990 2438 eo
1016 2383 1343 2459 tempore,
1380 2394 1517 2459 quo
1551 2371 1918 2440 conciones
1941 2391 2324 2455 suaS,quas
2360 2371 2798 2458 de'l'empore

255 2471 514 2541 vocant,
564 2460 1008 2550 conscripsit,
1069 2459 1333 2529 Paduae
1378 2473 1684 2531 moratus
1716 2459 1980 2539 fuisset,
2043 2458 2471 2546 multamque
2516 2481 2675 2549 erga
2728 2481 2800 2527 se

251 2549 507 2618 civium
552 2548 758 2618 fidem
793 2563 856 2617 et
888 2549 1428 2619 benevolentiam
1478 2562 1656 2619 esset
1704 2561 2047 2638 expertuS,
2106 2550 2277 2618 mira
2328 2572 2489 2638 erga
2520 2572 2635 2616 eos
2678 2548 2796 2615 de-

255 2638 522 2706 votione
570 2638 877 2718 affectuS,
935 2640 1156 2728 primo
1217 2638 1548 2708 libertatis
1597 2660 1762 2706 suae
1810 2658 2024 2707 cursu
2063 2637 2147 2705 ad
2202 2659 2317 2706 eos
2369 2660 2438 2708 se
2489 2636 2801 2706 conferre

250 2725 570 2796 decrevit.
615 2731 920 2813 Cumque
951 2750 1030 2796 eo
1068 2728 1508 2815 pervenisset,
1552 2728 1885 2814 Ostiensis
1935 2727 2318 2815 Episcopus
2368 2749 2527 2795 eum
2569 2726 2800 2794 horta-

250 2829 360 2884 tus
407 2829 530 2886 est.
578 2828 655 2883 ut
686 2818 1053 2884 conciones
1084 2815 1168 2884 de
1209 2818 1474 2885 Sanctis
1507 2838 1781 2902 quoque
1816 2814 2207 2884 conficeret.
2256 2821 2490 2900 Itaque
2526 2815 2626 2882 illi
2661 2838 2803 2883 mo—

253 2925 393 2972 rem
444 2917 789 2993 gesturus,
839 2905 1107 2973 Paduae
1159 2905 1369 2974 voluit
1419 2908 1485 2974 in
1524 2905 1696 2973 illud
1751 2926 1928 2993 opus
1992 2905 2391 2974 incumbere
2421 2905 2473 2971 ⁸¹.
2516 2904 2641 2972 Sed
2689 2927 2800 2972 sa-

248 3014 366 3060 cro
429 2992 1009 3083 Quadragesimae
1058 2994 1463 3062 adventante
1523 3007 1874 3082 tempore,
1929 2992 2170 3062 videns
2233 2994 2335 3061 vir
2392 2993 2505 3060 Dei
2559 2992 2801 3061 adesse

253 3097 525 3170 tempus
571 3082 988 3171 acceptabile
1021 3095 1086 3151 et
1124 3082 1272 3152 dies
1322 3083 1589 3161 salutis,
1649 3082 1823 3151 illud
1866 3103 2042 3170 opus
2094 3082 2484 3161 intermisit,
2548 3094 2800 3150 totum-

248 3191 382 3255 que
430 3192 501 3239 se
549 3170 633 3239 ad
669 3170 1055 3240 docendum
1098 3194 1218 3259 pro
1248 3172 1577 3240 concione
1609 3170 1970 3260 populum,
2026 3171 2175 3259 ejus
2225 3192 2579 3240 sermones
2613 3170 2802 3238 miri-

249 3259 378 3327 fice
407 3259 774 3338 sitientem,
811 3259 1170 3349 applicuit,
1220 3260 1493 3347 illisque
1522 3259 1981 3349 quadraginta
2019 3258 2266 3328 diebus
2296 3259 2603 3345 quotidie
2631 3280 2798 3327 con-

249 3348 561 3416 cionatus
607 3360 730 3423 est,
786 3370 919 3416 non
971 3349 1118 3416 sine
1171 3350 1547 3418 multorum
1580 3348 2061 3416 admiratione.
2118 3353 2274 3416 Erat
2321 3349 2506 3416 enim
2555 3349 2797 3415 natura

251 3436 722 3525 corpulentuS,
749 3451 910 3505 etea
936 3441 1145 3506 causa
1178 3452 1503 3527 perpetuo
1533 3437 1887 3506 laborabat
1915 3436 2347 3505 incommoda
2379 3436 2790 3505 valetudine:

249 3537 317 3592 at
357 3537 582 3592 tamen
620 3548 778 3614 prae
827 3524 1240 3615 infatigabili
1289 3524 1887 3603 animarumzelo,
1932 3525 2420 3613 praedicando,
2456 3524 2790 3602 docendo,

246 3612 713 3683 consessiones
758 3614 1239 3694 auscultand0‚
1305 3615 1708 3704 saepissime
1761 3636 1981 3699 usque
2046 3614 2130 3681 ad
2184 3613 2349 3682 solis
2397 3613 2796 3682 occubitum

235 3702 525 3791 jejunus
569 3704 1042 3793 permanebat.

336 3794 371 3877 ξ
419 3793 553 3863 18.
613 3791 790 3860 Vidit
839 3793 964 3860 hoc
997 3806 1062 3860 et
1111 3791 1354 3860 invidit
1407 3790 1757 3880 malignus
1796 3790 2115 3869 daemon,
2175 3806 2547 3880 perpetuus
2584 3793 2809 3881 bono-³

249 3891 402 3947 rum
442 3879 832 3949 studiorum
864 3880 1099 3961 liostiS,
1134 3895 1199 3949 et
1238 3892 1312 3949 ut
1340 3881 1561 3947 virum
1616 3894 1931 3949 sanctum
1964 3902 2002 3948 a
2037 3902 2165 3948 suo
2199 3880 2548 3969 proposito
2575 3878 2796 3948 deter-

249 3970 447 4046 reret,
502 3969 862 4038 nocturnis
911 3969 1354 4049 illusionibus
1404 3967 1694 4039 infestus
1743 3968 1804 4036 ei
1839 3966 1991 4037 fuit.
2052 3973 2215 4037 Rem
2270 3990 2407 4037 non
2444 3989 2797 4037 commen-

247 4057 465 4126 titiam
511 4057 748 4135 refero‚
784 4079 991 4144 quam
1047 4059 1190 4148 ipse
1239 4059 1343 4126 vir
1391 4058 1501 4126 Dei
1537 4077 1696 4125 cum
1732 4055 1960 4126 adhuc
1995 4058 2265 4136 viveret,
2299 4057 2577 4127 cuidam
2610 4056 2800 4126 fratri

295 4236 360 4288 (a)
390 4239 520 4278 'runc
550 4238 778 4279 Antonius
810 4240 1102 4287 paupertati-1
1131 4237 1505 4286 humilitatisque
1525 4236 1718 4279 zelator,
1738 4246 1894 4276 coram
1913 4238 2104 4277 Summo
2125 4235 2349 4277 Pontifico
2374 4240 2535 4286 aperte
2563 4239 2610 4276 tn
2632 4239 2798 4278 faciem

243 4292 488 4332 restiterat
517 4294 660 4337 Eliae,
689 4302 870 4341 nupero
901 4294 957 4331 ab
985 4293 1118 4332 obitu
1149 4293 1189 4331 8.
1221 4288 1459 4330 Francisci
1489 4288 1709 4329 Ministro
1738 4289 1971 4335 Gener-ali,
1996 4292 2219 4330 Ordinem
2254 4292 2487 4330 Minox-um
2511 4293 2675 4330 contra
2700 4292 2805 4329 bea-

242 4342 420 4386 tissimi
446 4344 688 4386 Assiatatis
720 4346 939 4395 spiritum
970 4348 1017 4385 et
1046 4346 1269 4385 instituta
1288 4344 1598 4385 subvertenti.
1619 4342 1741 4384 Male
1765 4343 2015 4384 odmodum
2039 4355 2149 4394 ergo
2171 4345 2372 4385 Sanctus
2394 4346 2450 4384 de
2478 4346 2633 4384 Padus
2658 4356 2683 4382 a
2702 4342 2801 4392 qui-

241 4399 444 4439 busdam
465 4400 617 4439 atrata
638 4401 992 4439 conventualium
1011 4401 1140 4439 vente
1162 4397 1363 4439 amictus
1384 4398 1638 4446 effingitur.

303 4453 328 4479 ⁶
360 4453 424 4491 De
446 4454 550 4500 ejus
573 4453 763 4501 seriptis
784 4454 890 4492 vide
911 4454 1076 4492 Notum
1097 4453 1143 4491 in
1164 4454 1293 4491 culce
1315 4452 1454 4491 Vitae.
