3357 4995
660 316 786 379 256
1402 331 1480 377 DE
1530 332 1584 378 s.
1639 331 1932 377 BARNABA
1981 329 2297 378 Arosrom
2758 283 2989 379 JUNII
3044 315 3116 376 Μ

567 419 912 487 Barnabas
960 437 1115 485 vero
1173 414 1258 483 ad
1311 414 1810 484 humanitatem
1864 416 2270 504 propensior
2315 427 2511 486 erat:
2566 416 3021 501 quamobrem
3063 427 3132 485 et

572 512 873 575 Marcum
925 526 1160 574 secum
1195 504 1479 581 habens,
1537 505 1604 571 in
1658 508 1956 592 Cyprum
2001 504 2365 594 navigavit.

656 599 691 682 ξ
737 598 879 667 14.
935 598 1241 678 Cumque
1272 614 1423 661 eam
1452 591 1757 661 insulam
1793 591 1996 661 totam
2038 597 2493 682 pera'grasset,
2536 593 2831 682 populos
2869 593 3130 662 multos

568 684 650 752 ad
689 682 935 752 Christi
988 681 1191 750 fidem
1228 681 1583 758 convertit,
1619 694 1686 748 et
1713 680 2136 749 Salaminam
2174 683 2377 762 venit,
2417 682 2537 750 ubi
2590 681 2944 771 paulisper
2980 703 3129 751 mo-

569 786 755 840 ratus
803 784 926 850 est,
980 769 1192 839 edens
1245 769 1606 849 miracula,
1643 782 1709 837 et
1756 768 2167 858 praedicans
2213 791 2505 860 regnum
2559 771 2720 839 Dei:
2784 791 2920 855 quo
2972 769 3124 839 loco

568 862 808 930 turbae
870 859 1128 928 multae
1177 858 1262 926 ad
1315 858 1564 928 Christi
1630 856 1839 926 fidem
1912 871 2374 927 accesserunt.
2435 859 2838 948 Disputabat
2888 871 3123 928 autem

567 971 728 1019 cum
761 948 1048 1018 Judaeis
1095 948 1165 1015 in
1203 953 1565 1036 Synagoga
1606 947 1934 1015 omnibus
1967 946 2295 1027 sabbatis,
2333 947 2729 1016 divinarum
2765 946 3122 1016 literarum

571 1037 981 1108 testimoniis
1025 1037 1272 1104 Jesum
1325 1035 1668 1105 Christum
1707 1035 1907 1104 illum
1934 1057 2082 1103 esse
2120 1037 2445 1124 probans,
2481 1058 2685 1123 quem
2742 1040 2918 1105 Deus
2959 1056 3123 1125 pro-

567 1129 870 1197 miserat.
917 1129 1168 1194 Omnes
1221 1137 1448 1193 autem
1512 1126 1893 1193 Barnabam
1950 1125 2433 1194 reverebantur
2482 1138 2758 1214 propter
2806 1123 3116 1192 divinam

567 1214 943 1304 quamdam
994 1215 1441 1291 honestatem,
1487 1234 1664 1299 quae
1713 1213 1783 1280 in
1845 1212 2033 1283 illius
2097 1227 2379 1303 aspectu
2416 1213 2707 1302 vigebat.
2747 1218 2903 1280 Erat
2934 1213 3121 1281 enim

570 1308 709 1374 oris
741 1303 967 1393 specie
1017 1301 1209 1371 valde
1245 1300 1495 1390 gravis,
1551 1302 1792 1370 habitu
1826 1324 1904 1370 ac
1956 1313 2134 1370 veste
2182 1302 2558 1370 admodum
2611 1303 2824 1381 tenui,
2881 1302 3122 1402 cujus-

572 1393 757 1464 modi
807 1392 1089 1460 illorum
1120 1404 1243 1468 est,
1267 1390 1411 1477 qui,
1458 1389 1741 1460 delicias
1772 1390 2195 1476 abjicientes,
2230 1393 2297 1457 in
2339 1391 2609 1459 virtutis
2639 1391 3125 1459 exercitatlone

571 1494 953 1551 versantur.
1010 1484 1162 1547 Erat
1198 1478 1588 1567 superciliis
1648 1478 2037 1557 contractiS,
2085 1493 2149 1546 et
2198 1480 2421 1549 oculis
2471 1479 2884 1547 hilaritatem
2953 1500 3120 1567 prae

572 1593 644 1640 se
695 1569 1093 1649 ferentibuS,
1149 1590 1284 1636 non
1319 1581 1586 1636 torvum
1637 1567 1926 1653 aliquid,
1982 1566 2099 1637 sed
2131 1589 2336 1657 grave
2382 1568 2719 1654 quiddam
2765 1568 2834 1634 in
2890 1590 2962 1635 se
3002 1568 3130 1635 ha-

571 1659 931 1736 bentibuS,
985 1668 1050 1724 et
1099 1669 1480 1725 reverenter
1544 1656 1923 1725 admodum
2000 1656 2325 1725 deorsum
2402 1655 2899 1756 spectantibus.
2977 1655 3132 1724 Oris

577 1749 898 1816 honestas
946 1758 1011 1814 et
1052 1745 1242 1815 labra
1282 1745 1554 1824 decora,
1589 1743 1815 1813 mellis
1847 1744 2251 1814 suavitatem
2300 1743 2731 1825 distillantia,
2779 1745 2847 1812 in
2887 1743 3130 1813 eodem

577 1836 697 1905 illo
747 1836 1037 1903 inerant.
1094 1839 1232 1903 Non
1285 1835 1472 1902 enim
1521 1832 1784 1918 aliquid
1823 1855 2130 1918 unquam
2168 1834 2693 1923 pronunciabat,
2735 1833 2916 1918 quod
2966 1832 3135 1901 foret

578 1943 1192 2014 supervacaneum.
1234 1923 1396 2012 Ejus
1423 1922 1737 1991 incessus
1779 1923 2228 2011 composituS,
2264 1933 2329 1990 et
2354 1923 2439 1991 ab
2480 1921 2933 1992 ostentatione
2959 1920 3130 1990 alie—

580 2036 737 2090 nus,
787 2024 964 2081 totus
1004 2011 1300 2098 denique
1349 2010 1539 2078 omni
1587 2032 1664 2079 ex
1765 2024 1907 2078 arte
1960 2011 2319 2099 Apostolus
2369 2012 2717 2080 Barnabas
2776 2021 2922 2079 erat
2978 2023 3128 2078 tan-

579 2125 792 2190 quam
843 2114 1023 2169 recta
1072 2101 1410 2186 quaedam
1466 2099 1580 2167 Dei
1627 2121 1710 2169 co
1743 2121 1978 2180 umna,
2033 2101 2346 2167 omnium
2383 2098 3133 2188 virtutumsplendore

579 2190 892 2259 illustris.
2175 2189 2185 2199 ’

665 2281 883 2365 ξίὸ.
941 2278 1064 2346 Hic
1098 2298 1255 2346 cum
1328 2279 1397 2344 in
1449 2277 1621 2345 urbe
1672 2275 2019 2344 Salamina
2069 2277 2317 2345 Christi
2375 2276 2953 2365 praedicationem
3007 2274 3131 2343 do-

590 2380 791 2446 ceret,
842 2380 1174 2434 venerunt
1224 2387 1260 2433 e
1309 2365 1504 2453 Syria
1551 2364 1806 2433 Judaei
1866 2365 2177 2450 quidam,
2232 2364 2348 2451 qui
2406 2364 2767 2434 maledicta
2819 2365 2887 2431 in
2969 2384 3130 2432 eum

585 2455 1052 2545 conjicientes,
1106 2473 1419 2542 quaeque
1476 2454 1563 2523 ab
1623 2453 1741 2522 illo
1790 2453 2197 2523 dicebantur
2260 2475 2298 2522 o
2355 2466 2765 2544 pugnantes,
2849 2453 3130 2524 turbam

585 2561 822 2615 contra
869 2546 1103 2634 ipsum
1153 2544 1638 2621 excitaverunt,
1680 2544 2127 2612 criminantes
2158 2543 2308 2612 nihi
2383 2545 2522 2611 veri
2558 2543 2644 2611 ab
2684 2565 2762 2612 eo
2812 2542 2975 2611 dici:
3014 2542 3132 2613 sed

583 2656 787 2721 quem
826 2635 972 2723 ipse
1001 2634 1243 2701 Jesum
1283 2633 1625 2701 Christum
1657 2631 1869 2700 fuisse
1893 2632 2188 2719 diceret„
2216 2654 2371 2700 eum
2408 2632 2722 2701 fallacem
2757 2630 3133 2718 quemdam

583 2724 963 2801 hominem,
998 2735 1063 2790 et
1096 2726 1226 2790 Deo
1277 2721 1409 2811 ipsi
1457 2722 1880 2790 contrarium
1918 2719 2151 2801 fuisse,
2189 2721 2430 2809 legem,
2469 2721 2835 2810 prophetas
2885 2733 2950 2787 et
2983 2718 3137 2788 sab-

581 2813 720 2880 bati
765 2811 1272 2879 observantiam
1324 2810 1827 2899 reprobantem.
1904 2809 2113 2878 {idem
2158 2822 2221 2877 et
2270 2810 2615 2879 Barnabae
2667 2806 3132 2877 interficiendi

581 2923 668 2989 op
723 2899 1166 2969 ortunitatem
1207 2899 1685 2968 observabant.
1727 2903 2016 2967 Sanctus
2075 2921 2229 2966 vero
2283 2898 2527 2967 Christi
2577 2897 2936 2986 Apostolus
2972 2901 3132 2964 Bar-

587 3012 674 3056 na
729 3011 832 3069 aS,
883 3010 1044 3057 cum
1094 3009 1333 3055 omnes
1384 2987 1624 3055 fratres
1683 3000 2210 3075 congregasset:
2285 3014 2309 3049 α
2348 2992 2519 3065 VOS,
2576 2987 2840 3073 inquit,
2895 2985 3086 3054 scitis
3117 3040 3132 3065 ,

583 3076 928 3163 quomodo
977 3097 1118 3144 una
1175 3076 1531 3144 vobiscum
1587 3076 1778 3143 omni
1841 3088 2145 3164 tempore
2218 3088 2522 3144 versatus
2584 3075 2857 3153 fuerim,
2914 3096 3137 3143 unum

586 3185 930 3251 quemque
965 3163 1348 3232 admonens
1377 3175 1443 3232 et
1480 3164 1790 3242 hortans,
1837 3178 1913 3231 ut
1943 3163 2010 3231 in
2050 3164 2269 3251 gratia
2302 3177 2367 3231 et
2402 3164 2670 3232 Domini
2721 3162 2931 3232 nostri
2966 3163 3139 3231 Jesu

587 3254 834 3322 Christi
884 3252 1019 3321 fide
1059 3264 1449 3321 constanter
1489 3253 1975 3338 permaneatis,
2020 3268 2083 3321 et
2127 3254 2278 3340 ejus
2331 3265 2690 3342 praecepta
2739 3252 3134 3329 observetis,

584 3356 647 3410 et
696 3342 781 3410 ab
830 3341 1019 3409 omni
1071 3361 1277 3429 pravo
1349 3360 1552 3429 opere
1621 3353 1924 3409 mentem
1963 3355 2027 3409 et
2076 3363 2327 3421 manus
2374 3341 2780 3410 cohibeatis,
2833 3344 3140 3425 Namque

587 3442 840 3521 oportet
893 3452 1113 3498 omnes
1157 3453 1271 3497 nos
1296 3431 1446 3496 sisti
1471 3438 1624 3497 ante
1675 3428 1974 3497 tribunal
2008 3431 2277 3509 Christi,
2334 3442 2407 3497 ut
2462 3432 2742 3519 recipiat
2784 3430 3140 3519 unusquis—

588 3544 714 3609 que
739 3521 1020 3609 propria
1069 3519 1360 3608 corporis
1385 3520 1514 3593 sui,
1550 3538 1729 3602 quae
1776 3517 2031 3598 fecerit,
2088 3520 2227 3586 sive
2260 3521 2461 3597 bona,
2500 3518 2638 3586 sive
2690 3518 2894 3586 mala:
2943 3540 3141 3606 prae-

589 3612 742 3676 terit
781 3609 956 3676 enim
1010 3609 1237 3695 fiyura
1278 3607 1516 3673 mundi
1563 3606 1766 3695 hujus
1793 3607 1889 3693 (2.
1934 3611 2077 3675 Cor.
2140 3611 2253 3689 v),
2308 3620 2370 3675 et
2420 3608 2753 3676 Dominus
2813 3618 3140 3674 venturus

587 3709 688 3764 est
720 3696 806 3765 de
852 3695 1040 3764 coelo
1079 3694 1395 3785 Judicare
1448 3694 1632 3765 vivos
1677 3707 1742 3763 et
1792 3708 2121 3765 mortuos.
2180 3695 2393 3764 Nolite
2457 3696 2668 3785 igitur
2718 3694 3142 3784 negligentes
3198 3701 3205 3715 ’

589 3806 762 3863 esse,
820 3784 1137 3861 scientes,
1193 3783 1374 3870 quod
1429 3805 1564 3869 qua
1615 3784 1785 3853 hora
1832 3806 1969 3852 non
2033 3784 2313 3874 putatiS,
2372 3785 2705 3854 Dominus
2757 3795 2986 3853 noster
3035 3804 3145 3851 ve-

590 3873 752 3941 niet.
801 3877 1186 3943 Aerumnas
1242 3884 1306 3941 et
1368 3872 1635 3942 labores
1696 3872 1988 3941 libenter
2038 3871 2418 3963 perferatiS,
2474 3872 2681 3942 corda
2755 3884 2973 3941 vestra
3023 3893 3144 3959 spe

587 3962 1107 4042 confirmanteS,
1162 3961 1346 4047 quod
1379 3961 1712 4031 adventus
1749 3962 2019 4031 Domini
2055 3983 2266 4051 prope
2308 3963 2415 4030 sit.
2454 3961 2932 4031 Recordemini
2966 3981 3145 4048 quae

589 4051 783 4119 vobis
838 4071 1040 4138 saepe
1106 4049 1270 4129 dixi,
1328 4051 1706 4138 praesentis
1755 4051 1930 4119 vitae
1991 4073 2118 4130 reS,
2175 4052 2314 4119 sive
2367 4072 2757 4140 prosperae,
2819 4050 2963 4119 sive
3023 4048 3145 4116 ad-

599 4159 831 4207 versae
871 4136 1030 4207 illae
1081 4138 1237 4218 sint,
1288 4138 1524 4207 breves
1571 4151 1636 4206 et
1664 4138 1965 4208 caducas
2014 4161 2184 4220 esse,
2218 4140 2588 4226 omniaque
2639 4139 2805 4207 baec
2837 4137 3148 4207 celeriter

599 4226 1014 4316 praeterire:
1072 4225 1288 4297 futuri
1338 4249 1496 4297 vero
1527 4227 1719 4296 illius
1754 4227 1965 4297 seculi
2009 4228 2187 4296 bona
2237 4249 2508 4327 semper
2556 4230 2625 4296 in
2676 4226 2912 4297 eodem
2967 4239 3149 4296 statu

592 4335 1024 4406 permanere,
1084 4327 1360 4385 aeterna
1407 4329 1471 4385 et
1519 4316 1730 4385 finem
1784 4314 2054 4385 nullum
2124 4316 2471 4387 habentia.
2526 4322 2754 4404 Neque
2801 4316 2986 4384 enim
3049 4337 3150 4383 rc—

593 4426 808 4493 gnum
887 4405 1240 4476 coelorum
1314 4405 1691 4493 aliquando
1768 4406 2136 4495 praeterire
2189 4406 2467 4494 poterit:
2526 4426 2748 4492 neque
2797 4403 3148 4492 ‚judicium
