3357 4995
306 237 521 303 JUNII
576 237 657 301 lO
1016 253 1160 301 vrrA
1209 254 1264 301 s.
1319 252 1723 301 maneamus
1773 251 1915 300 aas.
1969 250 2141 300 scor.
2637 199 2765 301 '247

392 343 428 426 ξ
471 343 550 410 θ’.
606 337 892 421 Quando
940 350 1167 408 autem
1202 338 1321 407 illa
1369 339 1453 407 de
1502 338 1719 409 salute
1754 339 2026 405 animae
2063 336 2480 406 confessario
2511 359 2638 407 suo
2668 349 2731 408 et
2771 338 2857 408 de

291 430 765 517 sempiternae
814 429 987 497 vitae
1033 427 1401 497 dulcedine
1464 426 1893 513 loquebatur,
1949 425 2152 494 verba
2211 426 2360 512 ejus
2413 426 2613 515 plena
2661 423 2856 497 erarit

308 517 535 586 omnis
634 518 884 586 ratiae:
938 529 1346 603 tantumque
1394 516 1570 585 inter
1620 515 2040 601 loquendum
2105 515 2727 604 compungebatur,
2779 530 2857 586 ut

310 617 445 674 tota
480 606 545 673 in
625 627 944 694 acrymas
993 605 1391 676 resolvenda
1441 615 1819 695 putaretur.
1884 608 1959 671 In
2017 602 2306 672 ecclesia
2360 625 2560 673 nemo
2610 604 2727 673 illa
2763 606 2856 674 si—

309 693 511 762 lendo
541 695 857 780 quietior,
897 715 1098 763 nemo
1136 693 1396 763 orando
1426 694 1769 763 attentior.
1816 691 1992 762 Nihil
2027 712 2338 777 unquam
2391 692 2702 763 seculare
2750 695 2854 763 vel

309 782 745 853 mundanum
801 782 942 851 illic
1003 782 1224 869 loqui,
1261 781 1433 851 nihil
1499 795 1845 851 terrenum
1897 802 2119 872 agere,
2174 779 2290 848 sed
2345 791 2610 850 tantum
2662 804 2857 852 orare

305 883 370 937 et
422 871 764 971 lacrymas
811 872 1101 941 fundere
1149 872 1430 942 solebat.
1498 876 1620 940 Per
1660 870 1946 938 nimiam
1997 881 2226 938 autem
2277 869 2576 938 inediam
2630 883 2693 939 et
2733 873 2857 942 ab·

308 958 704 1029 stinentiam
753 961 819 1028 in
872 960 1359 1047 gravissimum
1396 960 1716 1030 morbum
1772 958 2033 1028 incidit.
2099 956 2278 1027 Nihil
2332 957 2520 1027 illius
2586 973 2854 1049 pectore

309 1047 742 1127 clementius,
823 1049 995 1117 nihil
1072 1071 1232 1139 erga
1281 1052 1534 1149 egenos
1581 1063 1647 1118 et
1696 1049 1936 1137 inopes
1986 1047 2354 1137 benignius
2412 1046 2560 1117 fuit.
2626 1054 2853 1137 Neque

309 1137 490 1203 enim
536 1160 661 1206 sua
693 1139 1070 1217 dumtaxat,
1105 1138 1222 1207 sed
1265 1160 1563 1228 seipsam
1591 1159 1889 1224 quoque,
1947 1136 2005 1205 si
2055 1135 2385 1217 licuisset,
2430 1138 2854 1226 pauperibus

310 1224 600 1294 libenter
671 1226 1156 1316 impendisset:
1228 1238 1432 1313 atque
1495 1228 1769 1295 interim
1827 1225 2153 1295 omnibus
2265 1226 2643 1315 auperibus
2705 1228 2852 1297 suis

306 1326 448 1381 erat
483 1315 634 1404 ipsa
677 1318 1067 1405 pauperior.
1123 1315 1231 1384 Illi
1283 1317 1468 1385 enim
1521 1337 1658 1383 non
1713 1314 2065 1394 habentes,
2122 1247 2373 1385 habere
2434 1315 2845 1403 cupiebant:

308 1401 424 1468 illa
478 1425 632 1472 vero
676 1426 752 1472 ea
800 1426 978 1489 quae
1026 1404 1343 1482 habebat,
1408 1404 1868 1494 dispergebat.
1924 1403 2211 1485 Quando
2247 1402 2565 1494 prodibat
2616 1405 2682 1472 in
2723 1427 2849 1494 pu—

306 1489 593 1570 blicum,
649 1493 1084 1572 miserorum,
1138 1492 1636 1581 orphanorum,
1686 1492 2049 1561 viduarum
2084 1514 2324 1591 greges
2364 1493 2563 1578 quasi
2591 1494 2675 1560 ad
2709 1516 2849 1562 ma-

308 1592 474 1647 trem
528 1581 915 1669 piissimam
965 1582 1444 1650 confluebant:
1502 1603 1623 1650 nec
1671 1580 1860 1650 ullus
1900 1602 1978 1648 ex
2028 1581 2126 1649 eis
2176 1603 2323 1649 stne
2384 1581 2850 1652 consolatione

305 1667 389 1735 ab
439 1667 560 1736 illa
597 1670 973 1739 recedebat.
1030 1670 1383 1740 Interdum
1418 1670 1750 1756 quicquid
1788 1682 1931 1737 erat
1973 1669 2151 1758 regis
2184 1671 2566 1758 proprium,
2613 1673 2849 1760 egenis

303 1758 728 1846 erogandum
779 1759 1095 1828 abstulit:
1135 1781 1344 1846 quam
1395 1759 1666 1848 pietatis
1717 1759 2029 1852 rapinam
2071 1763 2218 1826 ·Rex
2270 1761 2553 1827 omnino
2580 1772 2847 1848 gratam

302 1857 364 1913 et
412 1858 631 1914 ratam
685 1869 959 1936 semper
1007 1848 1271 1924 habuit,
1328 1869 1535 1933 seque
1596 1847 1861 1917 nescire
1916 1848 2290 1916 simulavit.
2348 1853 2575 1933 Neque
2644 1849 2848 1918 modo

353 1935 735 2023 auperibus
781 1936 1152 2025 indigenis,
1207 1937 1651 2006 verumetiam
1706 1937 2020 2005 omnium
2050 1958 2223 2025 pene
2255 1939 2613 2006 nationum
2645 1960 2847 2007 suam

328 2022 776 2092 iberalitatem
827 2039 890 2095 et
954 2026 1498 2095 munificentiam
1551 2025 1929 2115 impendit,
1987 2025 2668 2111 innumerabilesque
2730 2049 2845 2095 ca-

302 2111 522 2199 ptivos
554 2111 711 2180 dato
761 2115 977 2202 pretio
1020 2114 1312 2184 libertati
1365 2115 1682 2192 restituit,
1724 2136 1899 2200 quos
1948 2113 2032 2181 de
2070 2127 2267 2203 gente
2316 2112 2691 2207 Anglorum
2722 2114 2846 2182 ho-

303 2199 481 2269 stilis
532 2206 888 2270 Scotorum
920 2203 1022 2273 vis
1056 2204 1126 2270 in
1156 2204 1548 2273 servitutem
1580 2202 1976 2303 abduxerat.
2033 2204 2349 2272 Occultos
2379 2203 2583 2271 etiam
2616 2203 2846 2293 explo-

296 2301 556 2359 ratores
593 2312 712 2377 per
746 2291 1135 2380 provincias
1184 2293 1393 2372 misit,
1435 2292 1648 2378 utqui
1681 2291 1947 2360 duriori
1983 2305 2461 2380 premerentur
2487 2291 2835 2371 servitute,

297 2390 362 2444 et
409 2378 881 2449 inhumaniter
943 2380 1359 2451 haberentur
1405 2402 1484 2448 ac
1536 2391 2013 2456 tractarentur,
2082 2382 2230 2468 ejus
2282 2380 2687 2448 liberalitate
2736 2403 2841 2449 re-

298 2464 469 2535 dimi
522 2481 822 2556 possent.

379 2559 418 2642 §
465 2559 546 2627 8.
605 2559 934 2627 Eremitas
981 2572 1044 2627 et
1092 2560 1424 2648 separatis
1473 2557 1667 2627 cellis
1707 2557 1968 2645 ubique
2006 2557 2335 2635 incluSOS,
2394 2557 2658 2626 Christo
2699 2580 2840 2627 ser-

298 2645 578 2723 vientes,
635 2647 964 2728 venerari,
1019 2647 1328 2737 diligere,
1383 2669 1508 2716 suo
1559 2648 1859 2715 adventu
1920 2657 1985 2714 et
2031 2646 2333 2732 alloquio
2381 2646 2692 2715 crebrius
2739 2649 2841 2716 vi-

297 2735 498 2802 sitare
546 2736 926 2814 consuevit,
984 2736 1404 2823 illorumque
1452 2757 1525 2806 se
1567 2735 1888 2825 precibus
1935 2735 2457 2814 commendam,
2504 2734 2838 2822 quicquid

293 2823 671 2910 petiissent,
710 2823 948 2893 devota
980 2824 1368 2914 complevit.
1410 2828 1577 2893 Cum
1615 2824 1959 2914 principio
2002 2825 2219 2893 noctis
2253 2824 2614 2913 paululum
2647 2824 2840 2910 quie·

293 2911 520 2991 visset,
573 2912 934 2983 ecclesiam
985 2914 1320 3002 ingressa.
1360 2925 1732 2982 nocturnas
1776 2934 2033 3003 preceS,
2092 2934 2264 2999 quas
2316 2913 2691 2982 matutinas
2726 2935 2838 2983 vo-

293 3013 472 3077 cant,
601 3002 776 3071 rimo
824 3002 908 3069 de
958 3016 1394 3072 sacrosancta
1443 3002 1790 3082 Trinitate,
1856 3001 2106 3070 deinde
2160 3002 2244 3071 de
2302 3016 2537 3070 sancta
2587 3006 2831 3081 cruce,

293 3090 486 3159 tertio
570 3113 606 3158 e
665 3090 1061 3160 beatissima
1111 3092 1319 3158 Maria
1370 3090 1512 3159 sola
1553 3090 1970 3161 absolvebat.
2026 3089 2171 3158 Illis
2235 3091 2473 3169 finitis,
2532 3089 2836 3159 officium

291 3176 774 3248 defunctorum
826 3179 1220 3268 incipiebat,
1275 3201 1354 3248 ac
1403 3179 1653 3248 deinde
1703 3180 2108 3250 Psalterium
2145 3181 2491 3268 integrum
2536 3179 2837 3269 perlege-

290 3266 424 3335 bat.
485 3267 774 3349 Quando
832 3267 1066 3338 Clerus
1118 3269 1284 3338 hora
1331 3289 1637 3358 congrua
1689 3291 1924 3358 preces
1994 3270 2370 3338 Canonicas
2418 3268 2829 3349 celebrabat,

289 3354 409 3424 illa
449 3356 854 3445 psalterium
897 3357 996 3425 vel
1039 3357 1189 3445 jam
1238 3371 1556 3446 coeptum
1594 3358 1901 3437 finiebat,
1941 3356 2037 3425 vel
2076 3359 2299 3447 primo
2349 3356 2689 3436 absolut0‚
2730 3356 2832 3425 al-

293 3454 512 3512 terum
558 3445 945 3514 inchoabat.
1005 3446 1243 3515 Finitis
1291 3457 1521 3515 autem
1575 3447 1895 3545 precibus
1934 3446 2253 3525 horariis,
2310 3447 2378 3513 in
2428 3445 2836 3515 cubiculum

290 3532 589 3614 rediens,
630 3556 746 3603 sex
782 3534 1419 3635 pauperum‘pedes
1459 3535 1642 3613 lavit,
1696 3536 1932 3621 eisque
1983 3536 2348 3625 pecuniam
2403 3535 2549 3603 dari
2593 3534 2829 3621 jussit.

287 3616 542 3691 Deinde
603 3644 977 3713 parumper
1022 3624 1233 3711 quieti
1285 3646 1364 3693 ac
1414 3626 1645 3714 sopori
1706 3624 2017 3695 indulsit.
2075 3629 2266 3694 Mane
2316 3624 2489 3691 sacto
2540 3644 2833 3713 surgens

285 3710 601 3798 piissima
652 3712 913 3801 regina,
965 3734 1205 3791 novem
1257 3712 1634 3782 infantulos
1683 3713 2056 3803 orphanos,
2097 3713 2288 3782 omni
2324 3712 2579 3781 auxilio
2627 3712 2834 3780 desti-

283 3810 490 3880 tutos,
548 3801 774 3890 prima
821 3800 960 3870 diei
1008 3802 1179 3871 hora
1211 3802 1295 3870 ad
1329 3823 1403 3871 se
1452 3800 1878 3872 introductos
1926 3801 2100 3871 cibis
2155 3801 2590 3871 mollioribus
2640 3801 2834 3870 flexis

281 3888 577 3977 genibus
613 3889 982 3972 reficiebat,
1020 3903 1085 3960 et
1131 3890 1324 3960 cibos
1354 3890 1425 3959 in
1451 3912 1571 3961 ora
1600 3911 1841 3960 eorum
1873 3890 2309 3961 immittebat.
2366 3895 2637 3959 Praeter
2663 3890 2833 3959 haec

284 3988 618 4047 trecentos
649 4000 988 4068 pauperes
1037 3980 1108 4047 in
1158 3979 1391 4048 aulam
1427 3979 1857 4051 consuetudo
1883 3992 2029 4049 erat
2066 3979 2438 4059 introduci,
2478 3993 2543 4048 et
2572 3978 2832 4048 clausis

280 4066 475 4135 ostiis
511 4071 646 4136 Rex
694 4067 781 4136 ab
819 4089 957 4137 una
1006 4080 1219 4159 parte,
1274 4069 1674 4159 Reginaque
1706 4069 1796 4138 ab
1843 4068 2080 4151 altera,
2136 4068 2401 4138 Christo
2454 4070 2525 4135 in
2570 4089 2831 4159 paupe-

281 4154 475 4225 ribus
543 4155 973 4237 serviebant,
1048 4158 1241 4227 cibos
1293 4178 1380 4226 ue
1450 4157 1842 4248 specialiter
1904 4170 2348 4248 praeparatos
2425 4157 2823 4226 offerebant.

283 4246 426 4324 Quo
476 4243 675 4325 fact0,
729 4245 969 4335 regina
1014 4246 1098 4315 ad
1151 4267 1266 4316 ecc
1298 4246 1512 4317 esiam
1563 4268 1636 4316 se
1696 4246 2081 4328 conferens,
2145 4248 2433 4337 prolixis
2507 4245 2829 4335 precibus

281 4343 345 4400 et
377 4331 705 4422 lacrymis
753 4345 957 4420 atque
1004 4334 1379 4425 gemitibus
1418 4336 1721 4426 seipsam
1755 4339 1885 4405 Deo
1920 4334 2341 4405 sacrificium
2393 4333 2824 4413 immolabat,
