3357 4995
171 330 386 400 ‚tUNn
434 335 519 400 25
919 355 995 400 ns
1043 354 1097 400 s.
1153 352 1466 401 raosraao
1513 352 1708 402 arisc.
1745 352 2033 400 namnum
2500 340 2614 404 531

174 438 244 506 in
297 437 569 522 Synodo
615 437 888 515 Nicena,
943 449 1249 507 sanctam
1300 437 1695 507 Trinitatem
1745 451 2235 518 asseruerunt,
2287 453 2353 507 et
2398 439 2469 508 in
2523 440 2715 514 Chri-

172 537 276 596 sto
326 529 457 595 Deo
508 547 683 605 ver0,
737 538 892 596 ante
939 525 1325 596 Luciferum
1376 548 1454 596 ex
1503 537 1693 617 patre
1741 525 1992 616 genito,
2059 537 2124 595 et
2171 525 2452 596 homine
2501 528 2710 598 simul

171 615 242 683 in
292 612 429 682 fine
476 613 865 684 seculorum
916 614 1002 684 de
1041 615 1483 684 immaculata
1530 615 1806 706 Virgine
1858 626 2036 694 nato,
2092 615 2267 684 duas
2319 637 2467 687 esse
2515 628 2715 686 natu-

172 725 325 784 raS,
375 701 781 773 certissimis
847 703 1461 794 approbationibus
1507 717 1910 784 asserentes,
1963 703 2345 773 antedictas
2395 704 2712 776 haereses

172 790 624 872 sustulerunt,
677 801 884 878 atque
927 813 1164 863 earum
1215 804 1528 864 auctores
1576 791 1929 883 Eutychen
1979 805 2044 862 et
2091 793 2471 863 Nestorium
2519 794 2711 881 juxta

169 879 734 970 chirographum,
777 893 939 950 tunc
972 880 1057 950 ad
1102 880 1509 951 Martianum
1559 887 2051 972 Imperatorem
2107 881 2424 963 missum,
2458 883 2710 952 unani-

173 970 372 1037 miter
415 967 860 1038 damnarunt.

255 1060 294 1145 ξ
339 1060 430 1128 8.
486 1061 652 1126 Cum
701 1067 955 1136 autem,
1011 1057 1231 1127 victus
1267 1059 1575 1148 eiusdem
1627 1058 1976 1128 Pontificis
1997 1057 2348 1216 (precibus
2395 1059 2485 1129 ali
2542 1082 2709 1129 uan-

165 1145 292 1216 diu
354 1145 608 1215 ibidem
677 1158 1144 1218 commoratus
1188 1159 1416 1227 esset,
1468 1160 1533 1216 et
1583 1148 1814 1217 missis
1861 1146 1946 1216 ad
2046 1148 2304 1218 iversas
2371 1152 2498 1218 Ecc
2529 1148 2708 1219 esias

160 1234 501 1326 epistolis,
549 1233 802 1303 multas
849 1233 1166 1304 haereses
1212 1236 1662 1316 contrivisset,
1720 1235 2021 1306 Pontifex
2052 1258 2352 1326 superne
2384 1237 2702 1307 admoni-

164 1338 300 1405 tus,
356 1323 671 1412 Regiensi
730 1322 1068 1393 Ecclesiae
1117 1323 1311 1393 valde
1350 1324 1796 1394 reluctantem
1826 1379 1846 1405 ‚
1902 1324 2083 1412 quod
2139 1346 2209 1395 se
2257 1336 2443 1394 tanto
2483 1326 2704 1417 impa-

163 1435 304 1481 rem
360 1412 549 1481 oneri
598 1410 873 1492 diceret,
917 1411 1258 1501 praefecit.
1306 1413 1583 1483 Coelesti
1615 1426 1842 1482 autem
1880 1411 2121 1484 beatus
2162 1419 2451 1503 Prosper
2483 1414 2705 1484 victus

163 1501 480 1591 imperio,
533 1499 619 1568 ad
670 1499 1039 1571 Ecclesiam
1088 1500 1222 1570 sibi
1267 1502 1594 1582 creditam
1636 1503 1766 1571 iter
1814 1502 2168 1592 ingressus
2197 1514 2320 1578 est.
2358 1502 2451 1571 Ad
2488 1525 2697 1590 quam

164 1589 329 1658 dum
385 1588 708 1669 tenderet,
755 1591 902 1679 jam
953 1589 1332 1680 Episcopus
1372 1589 1561 1659 illius
1610 1590 1804 1660 senio
1843 1589 2215 1671 confectus,
2246 1603 2311 1659 et
2347 1605 2480 1660 tam
2513 1593 2706 1681 gravi

168 1680 406 1749 morbo
455 1691 832 1768 correptuS,
885 1678 1067 1746 diem
1118 1700 1326 1748 suum
1373 1679 1657 1748 obierat.
1714 1679 1985 1769 Ingenti
2036 1680 2246 1768 igitur
2287 1701 2592 1750 moerore
2618 1681 2705 1749 ob

163 1768 500 1835 amissum
559 1766 936 1836 Antistitem
980 1767 1318 1856 optimum
1371 1768 1608 1836 civitas
1655 1769 1895 1837 aflecta
1942 1781 2064 1836 est.
2146 1773 2334 1837 Tunc
2384 1768 2704 1838 sacerdos

162 1855 476 1942 quidam,
524 1856 696 1924 vitae
743 1854 1115 1924 admodum
1170 1856 1490 1943 probatae
1537 1869 1602 1924 et
1642 1857 1970 1926 omnibus
2012 1855 2442 1938 venerabili5‚
2496 1858 2704 1926 coeli-

167 1957 277 2014 tus
326 1943 747 2023 admonituS‚
802 1965 1073 2012 omnem
1129 1942 1315 2013 illam
1355 1944 1695 2014 tristitiam
1747 1944 2034 2034 depulit,
2080 1966 2394 2014 asserens
2443 1967 2701 2015 novum

162 2033 532 2102 adventare
578 2031 954 2101 Antistitem
995 2088 1009 2112 ‚
1063 2056 1101 2101 a
1152 2037 1284 2101 Deo
1330 2033 1618 2102 electum
1647 2086 1662 2111 ,
1716 2046 1780 2102 et
1826 2034 1911 2103 ab
1951 2035 2102 2121 ejus
2151 2034 2416 2103 vicario
2463 2033 2548 2102 ad
2599 2057 2703 2103 re—

162 2120 458 2212 gendam
515 2121 916 2210 Regiensem
981 2120 1350 2190 Ecclesiam
1402 2123 1490 2191 ab
1537 2122 1708 2191 urbe
1757 2127 1967 2192 Roma
2040 2123 2329 2193 missum
2364 2177 2379 2203 ,
2432 2133 2498 2190 et
2548 2145 2704 2192 mox

161 2209 595 2278 adfuturum.
641 2208 906 2292 Quibus
956 2210 1232 2290 auditis,
1266 2209 1564 2310 populus
1611 2223 1676 2279 et
1725 2209 1958 2280 Clerus
1997 2232 2266 2280 omnem
2322 2232 2700 2279 moerorem

162 2297 520 2387 deposuit,
586 2310 651 2366 et
713 2297 884 2366 miro
934 2320 1092 2366 cum
1147 2299 1487 2369 destderio
1538 2297 1726 2368 illius
1779 2299 2144 2368 adventum
2191 2297 2704 2388 praestolaban-

164 2399 295 2456 tur.
371 2385 686 2467 Quotidie
733 2397 959 2455 autem
1013 2388 1231 2476 magis
1280 2388 1556 2477 vulgata
1615 2387 1699 2454 de
1746 2388 2103 2456 sanctitate
2164 2389 2315 2457 novi
2366 2386 2706 2478 praesulis

161 2473 346 2544 fama
395 2475 764 2545 crescebat.
825 2475 949 2544 Ubi
997 2497 1151 2545 vero
1197 2474 1417 2546 factus
1472 2488 1572 2546 est
1625 2474 1785 2545 urbi
1828 2475 2152 2555 vicinior,
2216 2476 2283 2545 in
2335 2499 2700 2546 occursum

161 2564 354 2633 illius
416 2577 551 2633 tota
600 2565 840 2634 civitas
889 2565 1107 2634 effusa
1161 2579 1285 2643 est,
1345 2576 1409 2634 et
1465 2586 1621 2634 cum
1664 2564 2054 2634 incredibili
2090 2565 2344 2655 gaudio
2385 2579 2698 2636 sanctum

161 2653 539 2724 antistitem
608 2676 811 2722 suum
884 2653 1075 2724 laetis
1121 2651 1739 2723 acclamationibus
1799 2653 2122 2744 suscepit.
2197 2658 2273 2723 In
2324 2654 2699 2743 episcopali

160 2742 414 2811 deinde
460 2741 785 2812 cathedra
824 2742 1219 2823 collocatuS‚
1260 2755 1332 2813 ut
1371 2742 1514 2828 jam
1569 2742 1826 2832 populo
1873 2764 1998 2811 suo
2043 2755 2108 2811 et
2153 2743 2525 2813 commisso
2558 2742 2693 2812 sibi

161 2832 350 2921 gregi
406 2831 686 2901 lucerna
728 2852 934 2921 super
982 2829 1395 2901 candelabro
1441 2853 1589 2901 esse
1639 2830 1968 2920 inciperet
2007 2887 2020 2910 ,
2090 2830 2492 2921 hujusmodi
2539 2853 2693 2900 ora—

163 2919 417 2989 tionem
471 2920 759 2990 habuit:

249 3012 286 3096 ἓ
334 3014 419 3081 4.
474 3033 509 3075 «
548 3007 776 3087 video,
831 3006 1071 3078 fratres
1118 3007 1552 3087 charissimi,
1606 3018 1941 3094 quantum
1995 3008 2165 3077 meis
2233 3006 2701 3078 imbecillibus

162 3096 473 3167 humeris
520 3120 698 3167 onus
745 3096 1142 3187 impositum
1178 3095 1288 3165 sit.
1345 3102 1571 3182 Neque
1626 3097 1809 3165 enim
1875 3096 2118 3186 major,
2172 3118 2383 3183 quam
2433 3096 2699 3165 anima-

162 3207 359 3266 rum,
417 3209 584 3257 cura
632 3185 1034 3255 demandari
1085 3185 1411 3271 cuiquam
1482 3196 1720 3273 potest.
1795 3185 1986 3268 Quod
2035 3185 2317 3273 quidem
2380 3207 2559 3255 onus
2620 3207 2698 3254 eo

162 3287 339 3343 certe
387 3276 667 3365 gravius
715 3287 839 3354 est,
892 3296 1027 3361 quo
1066 3275 1183 3361 qui
1237 3274 1518 3365 regendi
1568 3285 1755 3353 sunt,
1813 3275 2072 3363 majora
2121 3286 2187 3343 et
2237 3273 2478 3364 paucis
2537 3295 2700 3343 con-

161 3383 351 3433 cessa
389 3376 771 3454 expectant.
823 3361 1115 3433 Judiciis
1164 3363 1347 3431 enim
1397 3362 1741 3452 ejusmodi
1788 3375 1853 3432 et
1899 3363 2256 3433 concitatis
2288 3363 2397 3432 sui
2430 3362 2701 3452 opinio-

160 3450 388 3533 nibuS,
442 3474 554 3524 res
606 3451 858 3521 ondere
890 3450 1382 3520 difficillimum
1413 3462 1537 3520 est.
1586 3450 1826 3520 Videre
1871 3451 2100 3521 videor
2129 3507 2145 3529 ,
2181 3451 2349 3538 quid
2391 3462 2701 3540 expecte-

161 3537 268 3618 tis,
305 3553 371 3609 et
401 3542 523 3629 qui
620 3541 705 3609 de
756 3563 864 3610 me
913 3540 1104 3610 vobis
1144 3540 1635 3629 polliceamini.
1668 3544 1892 3622 Quare
1941 3541 2239 3609 dandam
2294 3540 2464 3608 mihi
2505 3540 2701 3608 enixe

159 3647 431 3718 operam
488 3628 820 3719 intelligO,
882 3651 963 3697 ne
1010 3628 1175 3714 quid
1228 3652 1266 3696 a
1304 3651 1409 3697 mc
1453 3629 2052 3717 praetermittatur,
2091 3628 2273 3714 quod
2324 3627 2407 3697 ad
2463 3649 2697 3697 verum

158 3716 550 3788 animarum
605 3731 944 3808 pastorem
1044 3717 1353 3786 ertineat.
1409 3722 1654 3787 Verum
1708 3719 1873 3805 quia
1922 3720 2086 3795 scio,
2125 3728 2384 3802 quanta
2435 3717 2555 3786 fiat
2603 3717 2700 3785 le—

160 3802 302 3870 vior
347 3808 645 3885 sarcina,
685 3829 889 3893 quam
942 3827 985 3895 p
1021 3807 1250 3875 urium
1301 3806 1474 3875 colla
1527 3820 1935 3883 sustentant,
2010 3828 2279 3874 mecum
2330 3806 2483 3885 hoc,
2540 3805 2694 3880 filii.

163 3907 336 3959 onus
372 3894 698 3977 dividite,
762 3906 827 3964 et
873 3907 1189 3964 sanctum
1239 3917 1418 3965 onus
1469 3894 1845 3984 partimini.
1901 3893 2093 3977 Quod
2141 3894 2270 3963 erit
2317 3893 2559 3973 facile,
2641 3894 2701 3963 si

169 3991 419 4050 vestrae
449 3984 714 4064 salutis,
770 3984 830 4055 si
862 3983 1347 4053 mandatorum
1388 3984 1499 4051 Dei
1541 4004 1901 4062 memores,
1947 3995 2258 4052 mutuam
2292 3983 2696 4052 charitatem

166 4066 747 4154 amplexabimini,
802 4072 887 4140 de
933 4094 1093 4159 qua,
1149 4071 1329 4143 velut
1377 4071 1462 4139 de
1511 4071 1860 4141 uberrimo
1895 4070 2099 4151 fonte,
2159 4070 2449 4140 mirifice
2484 4070 2698 4140 virtu-

168 4162 268 4218 tes
312 4163 751 4243 emanabunt,
808 4159 1102 4241 scilicet,
1161 4159 1541 4240 humilitas,
1599 4159 1895 4249 proximi
1942 4159 2263 4240 dilectio,
2318 4182 2448 4250 pax
2513 4172 2696 4229 certa

167 4250 231 4336 et
279 4244 665 4320 animorum
714 4249 1116 4321 concordia:
1171 4250 1426 4337 quibus
1475 4247 1752 4336 quidem
1804 4248 2003 4318 bonis
2052 4248 2113 4317 si
2159 4270 2295 4317 non
2345 4248 2691 4327 carebitiS,

169 4342 345 4397 sicut
375 4355 599 4409 carere
634 4362 750 4409 vos
797 4340 1085 4409 minime
1123 4339 1340 4419 decet,
1397 4360 1527 4408 nus
1578 4359 1741 4406 uam
1777 4359 1816 4406 a
1851 4336 2043 4407 vobis
2092 4337 2400 4406 Christus
2447 4336 2689 4415 aberit,

168 4427 230 4483 et
280 4439 597 4513 prospere
652 4428 842 4498 vobis
893 4428 1126 4498 omnia
1172 4427 1410 4498 cedere
1459 4426 1521 4495 vi
1573 4426 1799 4497 ebitis.
1871 4429 2010 4496 Hoc
2058 4425 2207 4509 erit,
2260 4424 2443 4512 quod
2493 4422 2696 4493 modo
