3357 4995
173 321 389 388 JUNII
433 323 477 388 4
828 338 907 385 na
956 339 1011 384 s.
1064 337 1411 390 raANC1sco
1458 335 1843 390 cAnAcmom
1889 334 2072 385 conr.
2481 291 2618 385 §144

180 425 407 513 aprilis
457 444 646 493 anno
697 421 1068 494 millesimo
1101 421 1712 514 septingentesimo
1746 421 2280 511 quadragesimo
2333 422 2559 512 primo
2608 423 2727 493 de-

180 514 477 593 claravit,
532 511 619 581 de
668 510 1039 581 virtutibus
1089 511 1434 581 Francisci
1483 511 1559 579 in
1605 509 1832 600 gradu
1880 510 2156 580 heroico
2192 524 2533 592 constare;
2564 533 2728 583 cum

182 615 385 672 tamen
430 602 724 671 virtutes
774 600 965 690 ipsae
1002 621 1082 669 ex
1132 600 1420 671 testibus
1469 598 1555 668 de
1603 597 1849 668 auditu
1900 610 2194 679 tantum,
2241 600 2569 689 probatae
2618 623 2725 670 es-

178 703 332 770 sent,
384 689 607 760 simul
655 688 927 758 censuit
978 687 1064 758 ad
1114 690 1266 779 eJus
1315 687 1892 758 beatificationem
1937 708 2075 757 non
2125 699 2475 760 anteesse
2523 689 2727 758 deve—

174 778 525 858 niendum,
550 798 768 866 quam
793 776 1130 847 miracula
1156 776 1443 847 omnino
1467 788 1767 864 quatuor
1792 775 1920 845 rite
1948 775 2431 865 probarentur.
2470 778 2729 849 Deinde

172 890 312 937 cum
363 880 527 938 octo
574 865 915 936 miracula
945 866 1015 934 in
1044 866 1269 937 tribus
1318 866 1668 935 consuetis
1704 886 2063 935 sacrorum
2106 864 2391 935 Rituum
2424 887 2555 936 con
2614 889 2718 936 re·

165 956 560 1048 gationibus
606 953 691 1024 ad
743 976 1028 1025 examen
1075 967 1141 1025 et
1189 953 1758 1055 approbationem
1786 953 2137 1044 proposita
2172 952 2490 1036 fuissent,
2527 954 2550 1024 i
2605 977 2715 1024 em

162 1044 574 1115 Benedictus
622 1047 762 1112 XIV
808 1065 887 1113 ex
935 1044 1253 1114 unanimi
1305 1041 1790 1134 praelaudatae
1838 1041 2401 1134 Congregationis
2437 1055 2724 1114 senten-

161 1135 267 1215 tia,
305 1134 396 1204 de
446 1132 729 1203 duobus
777 1131 1136 1218 miraculis
1182 1143 1496 1202 constare
1542 1130 1940 1212 declaravit,
1983 1131 2316 1201 nimirum
2367 1131 2454 1201 de
2502 1153 2716 1204 sana-

161 1224 338 1294 tione
378 1219 708 1292 Januarii
758 1220 1085 1311 Cappelli‚
1138 1220 1285 1308 qui,
1323 1221 1636 1296 invocato
1662 1219 1779 1289 Dei
1821 1241 2040 1300 servo,
2079 1232 2359 1310 repente
2387 1219 2719 1291 liberatus

154 1311 282 1381 fuit
311 1313 405 1382 ab
456 1297 691 1380 ulcere
739 1330 1182 1389 cancrenoso‚
1228 1330 1353 1399 pro
1400 1310 1605 1399 cujus
1655 1308 1982 1378 tentanda
2031 1307 2391 1379 sanatione
2439 1309 2714 1379 chirur-

155 1423 285 1489 gus
343 1399 465 1469 die
530 1398 843 1484 sequenti
906 1399 1134 1489 ignem
1184 1397 1595 1478 decreverat,
1635 1397 1940 1484 itemque
1978 1397 2064 1467 de
2102 1397 2318 1467 altera
2359 1398 2718 1468 sanatione

159 1487 467 1579 Philippi
517 1486 900 1557 Rubinacci
947 1487 1034 1556 ad
1082 1497 1465 1557 extremum
1506 1485 1788 1556 deducti
1827 1486 1915 1555 ob
1949 1486 2228 1576 lapsum
2271 1485 2358 1555 ab
2383 1487 2715 1557 eminenti

155 1577 299 1647 loco
349 1588 597 1646 secuta
630 1575 891 1650 ossium
944 1575 1291 1646 luxatione
1328 1586 1396 1644 et
1441 1573 1782 1655 fractum,
1836 1574 1959 1662 qui
2008 1575 2094 1643 ad
2139 1575 2314 1645 servi
2366 1576 2481 1645 Dei
2522 1576 2716 1645 invo—

157 1666 508 1735 cationem
556 1663 745 1734 illico
792 1664 1178 1745 sanitatem,
1233 1662 1669 1749 liberumque
1716 1675 1782 1732 et
1842 1663 2238 1753 expeditum
2310 1664 2519 1735 totius
2568 1687 2718 1734 cor·
2785 1743 2789 1750 ,

159 1754 345 1843 poris
398 1765 670 1822 motum
724 1751 1047 1833 obtinuit,
1103 1751 1297 1822 nulla
1352 1752 1663 1824 adhibita
1715 1751 1965 1821 medici
2013 1773 2167 1842 ope,
2232 1763 2353 1822 aut
2398 1752 2714 1844 chirurgi

158 1863 398 1911 manu.
449 1845 828 1910 Consecuta
875 1840 1220 1954 sungalia
1266 1841 1407 1911 duo
1456 1838 1797 1910 miracula
1838 1861 1959 1931 per
1989 1841 2336 1911 Francisci
2387 1841 2719 1913 interces-

158 1930 429 2001 sionem
483 1952 523 1998 a
571 1933 705 2000 Deo
754 1941 1042 2018 patrata,
1080 1951 1256 2017 quae
1306 1929 1457 2029 pari
1507 1929 1772 1998 ratione
1819 1929 2121 1999 examini
2174 1929 2508 2019 subjecta,
2563 1943 2630 2000 et
2678 1955 2718 2000 a

157 2040 523 2089 sacrorum
574 2018 856 2088 Rituum
922 2021 1459 2109 Congregatione
1507 2017 1889 2108 approbata
1938 2018 2093 2108 piae
2144 2019 2516 2088 memoriae
2565 2019 2714 2089 Cle-

156 2128 355 2178 mens
397 2110 556 2176 XIII
606 2106 876 2175 decreto
925 2128 1052 2177 suo
1099 2106 1573 2176 confirmavit:
1627 2127 1925 2193 quorum
1954 2105 2249 2177 alterum
2291 2120 2437 2177 erat
2467 2129 2713 2208 repen·

158 2196 296 2266 tina
347 2195 622 2265 sanatio
672 2194 886 2265 Caroli
936 2195 1021 2264 de
1069 2195 1251 2266 Vivis
1298 2217 1338 2264 a
1388 2195 1666 2295 copioso
1705 2207 1771 2264 et
1819 2195 2192 2264 immodico
2234 2196 2602 2286 sanguinis
2629 2219 2709 2266 ex

156 2307 273 2355 ore
321 2284 590 2354 effluxu
635 2305 715 2353 ac
763 2284 993 2373 pravis
1045 2284 1650 2374 symptomatibus,
1696 2305 1875 2371 quae
1925 2305 2083 2352 eum
2134 2283 2219 2352 ad
2272 2283 2707 2374 deploratum

152 2386 419 2444 statum
474 2372 923 2462 redegerant,
974 2394 1137 2442 cum
1188 2373 1621 2443 instantanea
1694 2382 1758 2442 et
1823 2371 2122 2462 perfecta
2184 2371 2704 2473 deperditarum

159 2461 412 2532 virium
456 2460 928 2552 reparatione:
983 2459 1271 2531 alterum
1326 2461 1684 2553 repentina
1748 2461 2004 2562 pariter
2069 2473 2335 2531 sanatio
2383 2463 2711 2532 Antoniae

156 2551 383 2640 Niglio
447 2550 536 2620 ab
586 2550 1010 2621 immanibus
1058 2551 1417 2621 doloribus
1478 2549 1835 2630 ischiadls,
1874 2562 2135 2619 motum
2187 2571 2461 2619 omnem
2527 2551 2714 2620 inhi-

157 2640 413 2719 bentis,
453 2651 520 2707 et
562 2639 589 2706 i
673 2638 1079 2720 estinorum‚
1133 2639 1463 2727 adjuncta
1560 2639 1700 2708 ravi
1750 2639 2219 2725 continuaque
2266 2637 2463 2719 febri,
2519 2640 2707 2709 aliis—

159 2750 287 2816 que
336 2650 677 2819 gravibfss
725 2728 1331 2827 symptomatibu5‚
1386 2727 1514 2799 viri
1568 2751 1651 2798 us
1701 2727 1886 2797 illico
1938 2726 2297 2797 restitutis

242 2820 279 2903 ξ
312 2821 472 2891 13.
510 2821 816 2898 Quatuor
840 2814 950 2885 h1s
977 2816 1336 2887 miraculis
1369 2816 1463 2886 ita
1495 2816 1824 2917 probatiS‚
1863 2814 1976 2885 fel.
2025 2837 2159 2885 rec.
2200 2814 2511 2886 Clemens
2542 2820 2704 2897 XIV,

165 2907 439 2976 attentis
541 2904 963 2974 eculiaribus
1010 2904 1589 2986 circumstantiis,
1645 2904 2030 2982 concessit,
2102 2916 2178 2974 ut
2224 2903 2312 2973 ad
2362 2904 2714 2974 beatificae

165 2994 415 3064 tionem
516 2992 776 3063 eveniri
826 3006 1100 3082 posset,
1156 2993 1526 3081 literasque
1575 2993 1990 3083 apostolicas
2059 2996 2129 3062 in
2196 2992 2418 3062 forma
2479 2995 2713 3062 Brevis

169 3103 287 3171 pro
336 3082 639 3152 solemni
702 3084 879 3152 servi
930 3083 1044 3151 Dei
1092 3082 1594 3153 beatificatione
1648 3081 2061 3152 celebranda
2118 3081 2427 3172 expediri
2470 3082 2706 3169 jussit.

170 3175 317 3242 Post
363 3170 901 3241 beatificationis
947 3170 1280 3241 solemnia
1331 3193 1408 3241 eo
1450 3172 1603 3272 ipso
1649 3192 1833 3240 anno
1881 3170 1993 3241 die
2057 3171 2226 3240 festo
2289 3170 2710 3241 sanctissimi

170 3261 479 3331 Nominis
528 3264 768 3329 Beatae
817 3260 1067 3330 Mariae
1100 3259 1400 3351 Virginis
1448 3273 1575 3329 mte
1619 3260 1986 3341 celebrata,
2018 3260 2247 3329 statim
2301 3260 2387 3329 de
2433 3259 2710 3330 duobus

173 3347 322 3419 aliis
381 3348 744 3419 miraculis
799 3350 976 3419 beati
1028 3350 1375 3419 Francisci
1425 3349 1915 3421 intercessione
1977 3348 2180 3419 editis
2230 3349 2344 3439 agi
2391 3360 2712 3448 coeptum

171 3450 284 3517 est,
335 3459 522 3525 quae
571 3438 641 3508 in
691 3459 888 3507 sacra
937 3438 1220 3508 Rituum
1272 3438 1810 3528 congregatione
1859 3436 1943 3506 ad
1997 3438 2331 3507 trutinam
2399 3436 2705 3527 legitime

172 3538 502 3607 revocata,
535 3526 1102 3617 approbationem
1127 3527 1599 3606 obtinuerunt;
1633 3548 1934 3617 quorum
1968 3527 2276 3616 primum
2300 3524 2431 3595 fuit
2451 3525 2703 3605 subita,

172 3625 231 3681 et
274 3614 580 3703 perfecta
625 3615 888 3686 sanatio
935 3615 1234 3706 Agathae
1286 3615 1646 3685 Montellae
1696 3620 2045 3684 Romanae
2093 3615 2180 3684 ab
2228 3613 2461 3684 ulcere
2509 3614 2707 3683 fistu-

177 3700 319 3777 loso<
359 3706 431 3772 in
482 3725 727 3775 cavum
780 3705 1076 3795 pectoris
1126 3716 1544 3796 penetrante,
1598 3704 1847 3774 comite
1885 3702 2057 3773 febri
2093 3702 2299 3784 lenta,
2338 3723 2500 3773 cum
2535 3703 2711 3771 inte—

177 3812 290 3879 gra
334 3793 594 3862 virium
641 3795 1200 3884 recuperatione:
1264 3794 1556 3865 alterum
1616 3792 1936 3864 similiter
2002 3789 2361 3882 repentirfa
2407 3795 2710 3881 integra·-

176 3898 297 3965 que
360 3881 631 3951 sanatio
694 3882 989 3973 Angelae
1050 3882 1258 3955 Nardi
1308 3887 1656 3953 Romanae
1705 3903 1744 3950 a
1793 3882 2140 3952 teterrimo
2188 3902 2439 3951 cancro
2490 3880 2559 3948 in
2613 3902 2714 3949 re·

177 3968 368 4055 gione
393 3969 621 4039 lienis
663 3972 1078 4042 Sententiam
1111 3992 1347 4041 sacrae
1387 3970 1949 4061 Congregationis
1976 3982 2257 4042 secutus
2286 3968 2399 4039 fel.
2444 3969 2707 4039 record.

176 4056 332 4154 Pius
378 4064 567 4147 Papa
592 4063 671 4128 v1
723 4060 888 4129 haec
936 4060 1076 4129 duo
1126 4058 1465 4129 miracula
1494 4060 1922 4149 approbavit,
1958 4082 2037 4129 ac
2080 4059 2380 4129 subinde
2405 4050 2717 4149 pronun‘-

179 4146 396 4228 ciavit,
445 4158 590 4215 tuto
637 4148 721 4217 ad
773 4149 1150 4219 solemnem
1186 4147 1367 4218 beati
1408 4148 1753 4217 Francisci
1794 4149 2382 4218 canonizationem
2436 4147 2714 4238 procedi

181 4251 399 4319 posse.
442 4236 631 4315 Quod
680 4259 839 4307 cum
892 4236 1072 4307 idem
1126 4242 1459 4307 Summus
1490 4235 1792 4306 Pontifex
1819 4237 1905 4306 ad
1937 4239 2194 4307 exitum
2241 4249 2518 4326 propter
2547 4250 2714 4306 tem-

182 4341 424 4408 porum
478 4323 944 4395 difficultatem
999 4325 1374 4417 perducere
1435 4346 1571 4395 non
1671 4325 1979 4407 otuisset‚
2035 4327 2196 4397 Pius
2243 4330 2364 4415 Pp.
2409 4330 2548 4405 VII,
2603 4348 2714 4393 ac-

181 4411 329 4483 citis
378 4412 455 4480 in
504 4413 740 4484 urbem
787 4436 866 4484 ex
914 4415 1111 4485 Italia
1143 4414 1468 4506 pluribus
1516 4436 1632 4485 arc
1690 4415 2082 4506 iepiscopiS‚
2118 4426 2184 4485 et
2229 4414 2598 4504 episcopis,
2637 4425 2714 4483 ut
