3357 4995
200 357 364 424 JUNII
406 359 445 422 2
695 374 1037 424 tnmstar.
1092 376 1185 423 SS.
1239 375 1353 423 um.
1411 373 1591 423 parm
1638 373 1715 421 ar
1763 372 2138 421 macetum
2521 358 2603 422 65

207 457 327 544 quid
353 468 717 536 vereretur,
756 469 1011 527 secrete
1045 468 1319 526 mecum
1363 455 1660 537 locutuS‚
1697 476 1997 543 quorum
2027 459 2435 526 Sanctorum
2467 468 2695 528 essent

203 545 499 633 reliquiae,
555 566 834 632 quoque
880 545 1085 615 modo
1146 566 1262 614 eas
1309 544 1554 615 fuisset
1622 542 1941 634 adeptus,
1999 550 2326 631 ‘patenter
2395 546 2688 635 aperuit.

199 636 492 705 Habemus
542 633 704 704 illas
751 633 935 725 apud
974 639 1037 704 S.
1085 633 1487 704 Medardum
1536 634 1606 702 in
1659 632 1806 703 loco
1856 630 2108 702 celebri
2143 631 2521 704 honorifice
2554 636 2696 705 col-

196 724 423 806 locatas,
477 723 606 794 ubi
654 723 741 791 ab
790 724 979 793 omni
1024 723 1282 813 populo
1333 745 1495 793 cum
1538 743 1797 812 magna
1844 721 2277 801 veneratione
2324 721 2690 795 coluntur:

193 812 281 880 sed
320 826 554 884 utrum
587 833 705 881 eas
745 811 946 881 nobis
995 812 1247 881 habere
1296 811 1519 893 liceat,
1559 811 1629 880 in
1683 824 1800 881 tuo
1849 822 2081 879 manet
2129 811 2438 881 arbitri0.

252 904 283 988 ξ
323 908 408 974 8.
464 901 588 971 His
633 899 893 971 auditis
940 900 1339 970 recordatus
1386 921 1543 970 sum
1582 899 1751 986 quid
1804 899 1873 967 in
1924 899 2189 982 itinere,
2219 921 2357 987 quo
2386 902 2697 991 proxime

183 991 248 1058 ad
294 992 622 1080 palatium
666 989 1175 1080 proficiscebar,
1222 1010 1262 1058 a
1308 989 1607 1077 quodam
1657 988 2115 1080 hospite'meo
2164 989 2527 1059 audierim.
2566 991 2699 1073 Qui

182 1080 329 1149 inter
373 1092 637 1151 caetera
692 1099 871 1165 quae
902 1099 1177 1149 mecum
1228 1077 1661 1165 loquebatur,
1698 1083 1850 1148 Nun
1904 1077 2027 1147 uid
2068 1078 2272 1159 nosti,
2312 1078 2430 1160 ait,
2467 1078 2696 1166 qualis

180 1168 248 1236 de
288 1174 395 1239 SS.
455 1168 877 1256 martyribus
925 1166 1321 1237 Marcellino
1386 1177 1451 1236 et
1492 1172 1688 1237 Petro
1724 1188 1843 1257 per
1932 1188 2062 1236 anc
2110 1167 2462 1257 regionem
2511 1167 2698 1237 sama

179 1256 462 1348 dispersa
508 1257 637 1328 sit?
687 1260 993 1343 Cumque
1042 1255 1109 1324 id
1143 1277 1254 1324 me
1302 1256 1570 1326 nescire
1617 1254 2131 1346 responderem,
2187 1268 2334 1326 tum
2384 1255 2523 1337 ille,
2584 1256 2696 1324 Di-

178 1360 343 1427 cunt,
396 1350 466 1417 in
521 1346 645 1428 uit,
698 1344 824 1432 qui
869 1344 955 1414 de
996 1348 1061 1413 S.
1117 1345 1518 1416 Sebastiano
1558 1344 1868 1426 veniunt,
1907 1344 2092 1432 quod
2145 1346 2501 1436 presbyter
2539 1345 2697 1432 qui-

179 1435 316 1504 dam
360 1369 665 1507 nililoini
698 1433 1000 1513 AbbatiS,
1032 1433 1154 1522 qui
1179 1455 1322 1503 una
1368 1454 1530 1534 cum
1580 1434 1848 1503 notario
1882 1445 1996 1503 tuo
2027 1438 2314 1503 Romam
2352 1434 2698 1525 profectus

177 1538 282 1605 est,
329 1546 485 1596 cum
535 1523 699 1592 inde
751 1534 1268 1603 reverterentur,
1302 1536 1470 1593 etin
1521 1522 1827 1609 quodam
1878 1522 2026 1592 loco
2075 1524 2434 1592 communi
2477 1522 2699 1592 diver·
2789 1586 2794 1589 Α

179 1615 336 1684 sorio
365 1624 748 1691 uterentur,
806 1611 944 1682 tuis
974 1611 1303 1682 omnibus
1334 1612 1661 1681 ebrietate
1710 1634 1789 1681 ac
1823 1633 2065 1682 somno
2099 1611 2469 1702 depressis,
2505 1625 2569 1681 et
2598 1612 2692 1693 id,

178 1703 339 1788 quod
385 1702 716 1794 agebatur
764 1700 1039 1790 penitus
1101 1700 1610 1791 ignorantibuS,
1664 1700 1944 1777 scrinia.
1999 1701 2257 1787 quibus
2290 1705 2696 1771 Sanctorum

179 1812 442 1881 corpora
470 1789 1027 1870 continebantur,
1081 1790 1489 1879 aperuisset,
1551 1810 1769 1877 eaque
1816 1787 1979 1857 inde
2027 1788 2444 1868 sustulisset,
2497 1803 2702 1877 atque

180 1878 397 1951 abiens
431 1879 756 1950 Hildoino
795 1876 1174 1959 detulisset,
1228 1889 1294 1947 et
1340 1878 1545 1947 modo
1579 1878 1768 1968 apud
1818 1882 1883 1946 S.
1943 1876 2340 1947 Medardum
2404 1878 2573 1947 sint:
2630 1878 2701 1946 in

182 1970 435 2039 scriniis
471 1991 632 2038 vero
666 1968 803 2037 tuis
835 1988 1083 2057 parum
1117 1966 1451 2054 quiddam
1495 1968 1672 2038 sacri
1710 1966 2011 2057 pulveris
2037 1966 2475 2047 remansisse,
2517 1965 2702 2054 quod

182 2056 253 2124 ad
300 2071 359 2127 te
408 2080 529 2149 per
577 2056 924 2127 notarium
976 2067 1173 2125 tuum
1210 2056 1550 2145 perlatum
1600 2056 1710 2125 sit.
1765 2060 2024 2126 Horum
2076 2055 2555 2135 reminiscens,
2593 2056 2703 2125 e'a—

182 2165 301 2231 que
346 2169 500 2217 cum
560 2147 671 2216 his
730 2165 907 2233 quae
954 2144 1040 2214 ab
1090 2143 1414 2214 Hildoino
1461 2143 1872 2215 dicebantur
1930 2143 2313 2225 conferenS,
2369 2166 2503 2214 non
2555 2166 2703 2213 mo-

183 2233 322 2304 dica
354 2235 602 2307 mentis
633 2233 1145 2325 perturbatione
1178 2245 1567 2303 commotus
1596 2255 1788 2315 sum:
1828 2233 1915 2302 ob
1949 2232 2077 2303 hoc
2106 2234 2498 2324 praecipue,
2537 2234 2704 2319 quia

182 2325 469 2395 nondum
528 2326 887 2394 inventum
940 2321 1280 2392 habebam
1326 2322 1740 2403 consilium,
1809 2344 1946 2410 quo
2008 2322 2200 2391 illam
2249 2321 2703 2398 execrabilem
2795 2334 2800 2341 ’

181 2423 363 2500 atque
399 2413 655 2483 astutia
685 2410 944 2481 diaboli
979 2410 1239 2500 ubique
1285 2410 1716 2502 divulgatam
1750 2411 2007 2480 tamam
2047 2412 2467 2502 extinguere,
2507 2434 2586 2480 ac
2620 2410 2704 2479 de

181 2503 480 2575 cordibus
527 2503 850 2592 deceptae
896 2500 1367 2573 multitudinis
1403 2500 1746 2591 depellere
1781 2501 2182 2591 potuissem.
2240 2501 2421 2570 Illud
2475 2514 2700 2570 tamen

182 2593 496 2681 optimum
536 2589 871 2683 Judicavi,
924 2600 1000 2659 ut
1040 2589 1453 2690 Hildoinum
1480 2605 1796 2681 rogarem
1827 2589 2137 2681 idipsum
2176 2589 2351 2658 mihi
2391 2588 2698 2668 reddere,

182 2680 345 2766 quod
378 2681 461 2750 de
492 2680 664 2751 meis
712 2678 990 2751 scriniis
1029 2679 1409 2761 sublatum,
1461 2692 1527 2750 et
1557 2680 1643 2749 ad
1681 2701 1755 2749 se
1786 2678 2093 2748 delatum
2138 2690 2341 2765 atque
2395 2699 2435 2746 a
2483 2697 2555 2746 se
2603 2698 2707 2746 re-

182 2782 432 2860 ceptum
483 2782 636 2860 post
673 2768 864 2838 illam
905 2779 1355 2857 spontaneam
1390 2767 1893 2839 confessionem
1931 2788 2182 2857 negare
2222 2788 2359 2836 non
2411 2777 2698 2867 poterat.

184 2858 354 2938 Quod
399 2859 602 2930 etiam
663 2867 923 2944 quanta
984 2856 1178 2956 potui
1242 2858 1566 2928 instantia
1635 2855 1860 2926 facere
1924 2855 2202 2926 curavi:
2255 2869 2321 2925 et
2383 2855 2542 2925 licet
2588 2854 2706 2925 ille

187 2947 371 3034 paulo
414 2946 657 3017 durior
684 2968 764 3015 ac
801 2944 1151 3015 difficilior
1195 2965 1407 3032 quam
1454 2956 1845 3037 optaveram
1883 2944 1954 3012 in
1989 2945 2388 3014 assensione
2433 2943 2700 3025 fuisset,

187 3035 385 3106 victus
423 3049 648 3106 tamen
677 3048 779 3105 est
812 3033 1175 3105 sedulitate
1266 3055 1499 3103 recum
1529 3055 1866 3119 mearum,
1904 3034 2245 3122 cessitque
2279 3032 2706 3124 improbitati

188 3143 378 3206 meae,
409 3126 634 3213 quise
664 3123 872 3214 paulo
888 3133 1059 3224 ‚ante
1089 3056 1355 3194 nullius
1377 3123 1707 3213 Jussioni,
1751 3122 1824 3190 in
1862 3122 1988 3191 hac
2028 3122 2433 3214 praesertim
2466 3143 2701 3202 causa,

190 3233 519 3284 cessurum
572 3223 1158 3303 pronuntiaverat.
2205 3233 2206 3236 ¹

261 3303 296 3387 ξ
338 3305 418 3373 4.
462 3308 730 3373 Interea
779 3300 1014 3371 missis
1061 3299 1150 3370 ad
1201 3300 1583 3371 Ratleicum
1631 3310 1696 3370 et
1742 3301 2152 3371 Junisonem
2211 3299 2428 3370 literis
2473 3301 2709 3389 (erant

191 3391 445 3460 enimin
476 3412 557 3461 eo
584 3389 759 3466 loco,
801 3388 923 3460 ubi
953 3391 1661 3480 martyrum'corpora
1690 3387 2050 3479 collocavi)
2085 3388 2315 3477 qualis
2349 3410 2472 3480 per
2498 3400 2709 3459 totam

196 3497 349 3564 pene
378 3480 667 3550 Galliam
714 3479 800 3549 de
847 3477 1092 3547 iisdem
1135 3478 1396 3548 sanctis
1446 3477 1871 3568 martyribus
1901 3478 2088 3548 fama
2125 3491 2324 3557 esset,
2377 3479 2478 3547 eis
2526 3476 2709 3546 indi-

194 3585 326 3637 care
367 3569 640 3640 curavi:
692 3565 1322 3639 commonefaciens
1367 3587 1508 3649 eoS,
1561 3580 1639 3637 ut
1694 3566 2073 3657 cogitarent
2121 3568 2180 3637 si
2241 3566 2505 3654 aliquid
2577 3565 2711 3635 tale

195 3655 277 3750 vel
323 3657 701 3729 simile'his
804 3676 935 3728 uae
969 3654 1339 3728 Hildoinus
1369 3655 1454 3725 de
1492 3655 1668 3726 facto
1718 3654 2101 3746 presbyteri
2164 3655 2272 3727 sui
2334 3655 2705 3735 asserebat,

195 3761 256 3811 ln
289 3745 389 3815 via
431 3767 670 3817 eorum
719 3768 758 3815 a
814 3756 1071 3817 vertere
1119 3743 1221 3814 vel
1276 3744 1634 3815 reminisci
1696 3744 2103 3835 potuissent.
2165 3745 2297 3828 Qui
2344 3744 2573 3814 statim
2623 3743 2710 3813 ad

197 3848 287 3899 me
328 3833 393 3902 in
448 3835 784 3926 palatium
847 3835 1217 3917 venientes,
1281 3832 1479 3903 valde
1536 3832 1891 3924 disparem
1953 3833 2063 3904 his
2112 3854 2291 3920 quae
2342 3832 2713 3904 Hildoinus

199 3915 437 3993 dicebat
480 3923 789 3995 fabulam
838 3921 1254 3995 detulerunt.
1294 3927 1463 3994 Nam
1490 3922 1562 3991 in
1614 3921 1864 4013 primis
1908 3922 2167 4004 omnia,
2205 3943 2382 4010 quae
2431 3921 2713 4012 presby-

201 4017 284 4075 ter
320 4009 431 4082 ille
475 4011 799 4084 Hildoino
846 4012 1197 4094 retulerat,
1249 4010 1424 4082 falsa
1469 4031 1621 4082 esse
1686 4010 1910 4081 testati
1956 4022 2159 4094 sunt,
2213 4032 2436 4099 neque
2491 4010 2713 4081 ullam

201 4111 613 4188 posteaquam
678 4104 894 4173 Roma
954 4100 1288 4182 exierunt,
1342 4099 1444 4171 vel
1514 4098 1620 4169 illi
1668 4099 2067 4191 presbytero
2129 4099 2230 4170 vel
2287 4099 2571 4171 cuilibet
2610 4098 2715 4168 al-

204 4187 304 4254 teri
346 4188 566 4260 datam
629 4189 844 4262 fuisse
896 4188 1371 4271 occasionem,
1446 4210 1568 4280 per
1624 4210 1838 4277 quam
1885 4187 1973 4259 ad
2033 4188 2381 4277 ejusmodi
2442 4188 2714 4259 facinus

207 4278 709 4365 perpetrandum
766 4279 1035 4352 aditum
1097 4277 1348 4348 habere
1394 4278 1752 4369 potuisset.
1801 4276 1931 4348 Sed
1959 4277 2363 4370 hocipsum,
2407 4277 2590 4365 quod
2627 4276 2713 4346 de

209 4366 389 4438 sacris
439 4380 825 4460 martyrum
887 4368 1241 4440 cineribus
1294 4367 1491 4438 aliter
1536 4380 1742 4456 atque
1785 4366 2118 4459 debuerat
2163 4366 2498 4436 accidisse
2544 4388 2709 4436 con-

212 4452 435 4541 stabat,
499 4462 756 4530 Romae
810 4458 883 4528 in
950 4457 1155 4530 domo
1217 4456 1616 4528 Deusdonae
1669 4479 1787 4546 per
1837 4455 2195 4526 avaritiam
2242 4454 2601 4529 Junisonis
2648 4467 2724 4524 et·

349 4566 585 4627 But-ius
628 4600 652 4613 ·
708 4569 866 4630 Vitae
903 4566 1014 4633 SS.
1061 4597 1086 4613 -
1138 4563 1271 4630 Vol.
1314 4564 1411 4628 Vl.
2570 4564 2608 4623 ὅ
