3357 4995
228 285 449 353 JUNII
504 287 585 349 19
645 361 649 366 .
1120 304 1198 348 ns
1246 303 1301 348 s,
1357 299 1585 350 zosmo
1626 302 1918 351 murras
2565 290 2693 354 459

233 389 454 475 sequi,
508 408 701 455 arma
748 384 997 453 bellica
1045 397 1209 455 tunc
1258 387 1528 476 abjecit,
1584 400 1649 456 et
1697 388 1781 456 ad
1835 388 2345 458 sanctissimam
2399 390 2778 460 Ecclesiam

234 474 570 566 confugit,
624 486 688 543 et
737 473 980 543 Christi
1032 474 1167 543 fide
1217 475 1618 556 insiructus‚
1675 477 2214 546 immortalitatis
2263 477 2614 549 lavacrum
2667 501 2777 548 ac-

238 588 316 635 ce
371 566 443 645 it,
496 564 564 632 in
616 563 777 632 fidei
824 586 863 631 o
916 563 1150 633 eribus
1199 577 1263 632 et
1300 564 1631 646 castitate,
1690 565 2064 654 multisque
2103 566 2394 656 jejuniis
2424 580 2489 637 et
2527 569 2777 637 oratio-

237 588 447 723 nibus
495 652 799 741 seipsum
895 652 1211 741 iligenter
1243 654 1620 722 exercebat.

329 745 365 828 ξ
419 746 503 812 2.
563 745 729 810 Cum
775 740 921 809 dies
972 740 1171 809 multi
1220 742 1750 831 praeteriissent,
1796 755 1860 811 et
1912 743 2340 812 Domitianus
2384 755 2560 814 esset
2610 746 2676 813 in
2710 767 2790 813 ea

210 832 433 911 urbe,
469 852 677 916 quam
708 851 916 920 supra
949 829 1276 910 diximuS,
1313 831 1416 899 vir
1445 831 1728 917 quidam
1763 831 1962 900 illum
1995 832 2268 912 adiit,et
2295 832 2637 901 Zosimum
2668 832 2786 902 de-

244 920 486 988 ferens:
525 924 661 998 Est,
701 918 947 1005 inquit,
987 918 1269 1004 quidam
1308 920 1616 988 Zosimus
1660 919 1880 1001 miles,
1916 921 2131 1006 quiet
2167 926 2678 1009 Imperatorem,
2724 935 2789 991 et

242 1021 528 1077 vestram
564 1019 964 1097 potestatem
994 1008 1401 1076 contemnit:
1438 1030 1738 1095 cumque
1769 1031 1962 1077 arma
1994 1008 2337 1099 dejecerit,
2371 1022 2435 1077 et
2464 1009 2784 1079 militiam

238 1096 700 1186 abnegaverit,
735 1097 802 1163 in
841 1118 1049 1182 quam
1084 1098 1169 1166 ab
1205 1102 1623 1186 Imperatore
1656 1097 1952 1184 Trajano
1978 1099 2158 1166 ascri
2214 1113 2322 1167 tus
2350 1097 2590 1179 suerat,
2621 1099 2791 1168 dicit

237 1208 307 1256 se
355 1185 898 1254 Christianorum
952 1184 1352 1277 religionem
1396 1185 1662 1265 sectari,
1724 1208 1845 1275 pro
1898 1186 2113 1255 nihilo
2189 1187 2422 1255 aciens
2462 1187 2626 1256 deos
2663 1210 2787 1257 no-

235 1287 448 1344 stros:
502 1275 881 1359 quinetiam
935 1275 1376 1363 Imperatoris
1422 1275 1949 1344 constitutiones
1980 1289 2357 1356 execratur,
2391 1289 2455 1344 et
2482 1277 2632 1366 ejus
2673 1299 2789 1366 po-

237 1375 540 1431 testatem
592 1362 905 1462 despicit.
985 1368 1152 1432 Tum
1204 1369 1481 1432 Praeses
1531 1364 1741 1432 dixit:
1801 1369 2104 1433 Ducatur
2152 1365 2287 1433 huc
2337 1364 2647 1433 Zosimus
2700 1364 2783 1433 ad

235 1450 562 1521 tribunal.
618 1451 766 1520 Ablt
814 1452 1027 1540 igitur
1072 1453 1338 1532 cohors,
1393 1464 1467 1521 ut
1506 1452 1707 1541 jussa
1755 1451 2027 1532 fuerat,
2082 1466 2145 1522 et
2195 1452 2542 1522 Zosimum
2593 1475 2783 1521 com-

236 1541 681 1639 prehensum,
717 1540 801 1609 ad
855 1540 1156 1609 tribunal
1209 1541 1426 1609 duxit.
1474 1546 1688 1622 Quem
1722 1546 1999 1610 Praeses
2034 1542 2506 1631 interrogans:
2569 1547 2780 1623 Tune,

235 1630 504 1715 inquit,
558 1650 631 1696 es
679 1630 801 1714 qui
851 1630 1161 1698 Zosimus
1210 1628 1634 1719 appellaris?
1684 1630 2098 1730 Respondit:
2155 1654 2191 1696 «
2228 1636 2364 1720 Ego
2437 1630 2584 1718 ipse
2634 1652 2788 1699 sum

237 1718 592 1795 Zosimus,
649 1740 884 1786 servus
945 1719 1216 1787 Domini
1269 1719 1398 1786 mei
1446 1724 1614 1787 Jesu
1682 1719 1955 1787 Christi.
2018 1746 2040 1781 »
2098 1718 2190 1787 Ad
2246 1718 2410 1787 haec
2461 1723 2775 1787 Praeses:

243 1809 473 1875 Fatere
526 1807 742 1895 priuS‚
797 1807 999 1895 cujus
1045 1807 1460 1876 conditionis
1509 1806 1715 1875 homo
1763 1808 1891 1887 siS,
1945 1821 2009 1875 et
2062 1820 2292 1896 postea
2340 1808 2528 1875 dices
2577 1807 2785 1894 cujus

241 1917 481 1964 servus
530 1895 646 1965 sis,
702 1901 869 1963 Tum
924 1895 1080 1964 ille:
1136 1896 1394 1964 «Miles
1442 1919 1477 1963 e
1530 1919 1568 1964 o
1617 1917 1799 1975 sum,
1853 1897 2035 1983 quod
2088 1896 2172 1964 ad
2225 1897 2603 1964 humanam
2639 1918 2789 1965 con-

238 1983 565 2052 ditionem
623 1985 934 2073 pertinet,
987 1986 1107 2070 qui
1157 1999 1412 2053 vestros
1449 1984 1492 2052 il
1527 2007 1602 2053 os
1650 1985 1813 2053 deos
1867 1984 2367 2074 perditissimos
2415 1984 2779 2071 dereliqui,

238 2085 303 2140 et
351 2073 782 2141 Christianus
829 2072 1050 2142 factus
1101 2096 1281 2143 sum.
1322 2102 1345 2138 n
1404 2081 1477 2142 At
1531 2074 1989 2144 Domitianus:
2057 2073 2614 2153 sceleratissime,
2684 2075 2788 2141 in-

239 2160 431 2246 quit,
488 2162 797 2240 zosime,
854 2162 1028 2230 nihil
1080 2163 1203 2231 tibi
1246 2162 1546 2252 proderit
1591 2184 1838 2231 nomen
1892 2163 2100 2233 istud.
2158 2167 2186 2229 I
2238 2184 2469 2238 nunc,
2524 2175 2586 2230 et
2648 2161 2784 2230 diis

234 2248 571 2329 sacrifica,
625 2263 701 2319 ut
736 2266 1089 2340 peccatum
1145 2251 1326 2320 istud
1382 2252 1502 2319 tibi
1551 2251 2002 2330 condonetur,
2033 2250 2238 2336 'quod
2293 2255 2781 2338 Imperatorem

232 2347 297 2404 et
345 2336 705 2407 dominum
758 2351 1073 2409 nostrum
1123 2340 1495 2426 Trajanum
1548 2340 1942 2428 despexisti,
1996 2340 2116 2425 qui
2157 2338 2525 2407 militarem
2579 2360 2781 2406 orna-

236 2438 379 2493 tum
436 2426 556 2494 tibi
607 2429 968 2496 concessit.
1024 2428 1115 2496 Ad
1168 2429 1333 2499 haec
1384 2428 1725 2497 Zosimus:
1782 2428 2133 2496 «Minime
2180 2427 2314 2496 diis
2366 2428 2614 2495 vestris
2666 2448 2791 2517 ego

236 2515 571 2585 sacrifico.
616 2542 641 2579 ι
698 2517 1113 2598 Adducatur‚
1169 2518 1392 2603 inquit
1445 2517 1896 2595 Domitianus,
1954 2518 2019 2585 in
2072 2538 2442 2586 carcerem.

319 2606 355 2689 ξ
403 2610 493 2674 3.
552 2606 856 2673 Crastino
906 2620 1133 2675 autem
1188 2607 1298 2674 die
1338 2606 1549 2693 jussit
1595 2628 1755 2675 eum
1806 2605 1968 2675 duci
2018 2605 2099 2674 ad
2157 2604 2484 2684 tribunal,
2540 2628 2769 2691 quem,

240 2694 563 2762 manibus
614 2707 765 2784 post
815 2708 1002 2785 terga
1050 2695 1423 2786 colligatiS,
1480 2707 1636 2762 ante
1686 2695 2073 2763 Praesidem
2143 2707 2551 2764 statuerunt.
2609 2700 2779 2762 Tum

235 2785 512 2851 Praeses
555 2782 766 2869 jussit
811 2806 968 2851 eum
1022 2784 1089 2851 in
1146 2784 1332 2873 ligno
1381 2783 1750 2873 suspendi;
1789 2784 1902 2851 cui
1936 2805 2276 2873 suspenso
2317 2782 2630 2851 dicebat:
2675 2787 2791 2851 Sa-

234 2869 492 2951 crifica,
550 2871 830 2941 sceleste
861 2873 1142 2953 zosime,
1232 2874 1587 2958 riusquam
1642 2873 1957 2941 membra
2008 2884 2124 2941 tua
2173 2872 2644 2941 destruantur.
2692 2871 2784 2939 Ad

232 2958 399 3027 haec
449 2960 799 3029 Zosimus:
847 2984 880 3025 «
918 2966 1058 3029 Non
1111 2984 1184 3030 so
1220 2984 1334 3030 um
1370 3018 1384 3041 ,
1440 2960 1688 3047 inquit,
1747 2983 1882 3029 non
1933 2961 2184 3041 verbis,
2241 2960 2359 3029 sed
2407 2982 2627 3046 neque
2687 2959 2787 3028 fa-

231 3047 358 3117 ctis
409 3049 661 3138 poteris
711 3050 884 3117 mihi
934 3050 1370 3138 persuadere,
1427 3062 1501 3119 ut
1550 3049 1957 3120 sacrificem.
2012 3073 2045 3115 »
2097 3055 2266 3118 Tum
2323 3050 2781 3117 Domitianus:

232 3136 637 3206 Verberetur
672 3138 1107 3208 vehementer
1154 3162 1205 3207 a·
1246 3139 1547 3208 robustis
1582 3138 1946 3207 militibus.
1985 3144 2290 3224 Cumque
2320 3138 2587 3207 diutius
2626 3139 2785 3207 bea-

235 3235 344 3292 tus
393 3227 702 3295 Zosimus
753 3228 1247 3310 verberaretur,
1302 3227 1473 3296 dixit
1506 3227 1844 3295 Praesidi:
1901 3250 1935 3294 «
2000 3232 2272 3297 Frustra
2328 3227 2629 3296 ministri
2692 3227 2790 3295 tui

235 3311 570 3395 laborant,
633 3317 741 3385 Dei
791 3318 974 3384 enim
1029 3338 1137 3385 me
1187 3315 1696 3386 corroborantis
1744 3315 2091 3384 voluntate
2143 3315 2426 3384 verbera
2478 3328 2593 3384 tua
2651 3337 2784 3383 non

235 3402 526 3471 sentio»
555 3408 721 3474 Cum
758 3405 973 3495 igitur
1006 3417 1139 3473 tam
1179 3405 1301 3475 diu
1334 3405 1729 3474 verberatus
1770 3404 2035 3485 fuisset,
2074 3404 2256 3491 quod
2291 3404 2515 3474 solum
2551 3404 2786 3493 ipsum

232 3493 573 3580 sanguine
623 3493 956 3584 repletum
1009 3507 1208 3574 esset,
1264 3516 1425 3563 voce
1475 3515 1731 3583 magna
1780 3493 2092 3562 clamans
2140 3492 2349 3561 dixit:
2419 3516 2444 3555 «
2505 3491 2792 3561 Domine

232 3583 408 3648 Deus
458 3582 916 3672 omnipotens,
972 3583 1092 3668 qui
1145 3583 1340 3653 sedes
1389 3583 1457 3651 in
1511 3583 1756 3651 throno
1800 3581 2226 3662 firmissimo,
2265 3581 2385 3667 qui
2426 3580 2789 3651 extendisti

232 3667 500 3738 coelum
565 3683 630 3739 et
693 3669 998 3740 fundasti
1052 3684 1298 3740 terram
1335 3727 1350 3753 ,
1419 3673 1539 3758 qui
1608 3693 1826 3757 aquas
1875 3692 2117 3739 omnes
2165 3670 2237 3739 in
2287 3692 2506 3739 unum
2562 3669 2791 3738 locum

231 3756 686 3847 congregasti,
735 3772 830 3840 tu,
899 3773 1130 3829 nostra
1178 3782 1534 3829 servorum
1585 3773 1864 3828 tuorum
1917 3781 2075 3848 spes
2107 3814 2121 3839 ,
2175 3758 2427 3828 exaudi
2478 3781 2608 3839 me,
2664 3759 2792 3844 qui

234 3853 296 3910 te
346 3867 609 3932 precor;
652 3870 871 3935 neque
919 3849 1276 3938 permittas
1326 3849 1543 3936 hujus
1594 3848 1963 3917 Domitiani
2014 3848 2224 3917 minis
2275 3870 2385 3917 me
2435 3847 2782 3938 superari,

234 3941 309 3997 ut
355 3954 592 4005 omnes
640 3939 762 4025 qui
815 3959 1063 4006 nomen
1119 3950 1312 4007 tuum
1369 3960 1502 4007 non
1554 3948 2008 4027 cognoscunt,
2065 3959 2185 4027 per
2234 3958 2342 4005 me
2390 3935 2686 4016 discant,
2733 3949 2794 4004 te

234 4018 456 4118 solum
491 4046 638 4094 esse
679 4031 918 4096 Deum.
962 4050 998 4091 »
1034 4031 1173 4096 Has
1225 4048 1460 4117 preces
1507 4047 1666 4095 cum
1722 4025 2100 4107 habuisset,
2156 4026 2341 4095 venit
2387 4024 2789 4096 voxecoelo

239 4106 511 4179 dicens:
567 4114 850 4196 Zosime,
916 4128 1060 4184 esto
1131 4115 1325 4185 fortis
1371 4128 1437 4185 et
1479 4114 1806 4185 robustus
1838 4171 1852 4195 ,
1908 4136 2035 4205 ego
2083 4115 2268 4184 enim
2332 4128 2552 4183 tecum
2605 4135 2785 4191 sum,

232 4218 458 4283 neque
504 4204 873 4291 quisquam
926 4204 1051 4273 tibi
1099 4204 1338 4273 obesse
1386 4204 1655 4295 poterit.
1716 4208 1884 4273 Cum
1934 4204 2114 4273 hanc
2163 4225 2393 4273 vocem
2464 4203 2788 4272 Domitia-

229 4308 388 4386 nus,
442 4301 508 4358 et
556 4292 838 4376 quidam
890 4292 1035 4375 alii,
1093 4294 1214 4380 qui
1263 4316 1421 4362 cum
1486 4292 1604 4361 illo
1651 4305 1869 4374 erant,
1909 4293 2373 4362 audivissent:
2428 4296 2637 4371 Certe,
2677 4291 2784 4359 in-

227 4387 532 4461 quiunt,
587 4402 833 4470 magus
881 4382 995 4452 hic
1043 4395 1166 4452 est.
1222 4382 1350 4451 Alii
1401 4382 1776 4453 dicebant:
1832 4381 2109 4451 Minime
2158 4403 2404 4473 magus
2450 4393 2605 4463 est,
2663 4378 2786 4448 sed
