3357 4995
210 327 429 394 JUNII
476 329 562 393 29
863 343 941 391 ΒΕ
988 344 1081 391 33.
1133 343 1467 392 ΑΡοετοιι3
1516 343 1712 392 rssrno
1757 344 1833 392 nr
1879 344 2081 393 muro
2524 327 2650 394 647

214 431 521 501 Christus
566 440 920 500 conservet
978 427 1376 499 Ecclesiam.
1441 434 1651 500 Nemo
1698 441 1854 499 ante
1901 452 2043 510 vos,
2115 450 2336 516 neque
2397 441 2548 520 post
2594 451 2736 511 voS,

214 518 370 590 talis
424 517 768 609 apparuit.
822 517 988 600 Quis
1034 517 1218 586 enim
1260 539 1674 598 sermonem,
1744 518 1864 605 qui
1924 518 1990 588 in
2042 518 2350 589 docendo
2401 530 2733 599 versatur,

217 608 628 699 suscipiens,
665 628 881 676 ausus
918 617 1019 675 est
1051 604 1312 692 aliquid
1363 606 1589 676 dicere
1627 607 1887 693 absque
1917 620 2137 677 vestra
2177 607 2580 677 traditione?
2609 610 2739 676 Vos

213 717 454 767 omnes
496 694 816 765 effecistis
875 694 1276 784 magistros:
1331 708 1635 765 nostram
1685 695 1846 765 vicit
1876 695 2270 765 caecitatem
2312 707 2535 766 vestra
2582 695 2745 765 tole-

214 785 472 854 rantia:
507 796 585 854 ut
629 783 751 871 qui
796 783 1120 873 optaretis
1166 805 1316 854 esse
1362 784 1753 865 anathema,
1792 796 1866 854 ut
1895 782 2230 854 mundum
2269 784 2740 854 lucraremini.

215 873 389 956 Quid
424 872 509 942 de
537 886 800 942 caetero
846 870 1039 940 vobis
1086 871 1547 942 retribuemus
1587 894 1711 962 pro
1736 872 2062 943 omnibus
2096 872 2297 943 bonis
2335 894 2512 961 quae
2548 872 2746 943 nobis

216 961 600 1033 tribuistis?
650 960 749 1029 Fit
780 958 987 1030 hodie
1031 961 1595 1032 commemoratio
1644 974 1903 1031 vestrae
1950 961 2454 1033 decertationis,

302 1046 340 1137 ξ
384 1055 461 1121 ⁸².
516 1048 850 1131 GaudeaS‚
904 1053 1116 1128 Petre‚
1170 1049 1282 1119 cui
1350 1048 1585 1120 datum
1644 1063 1769 1131 est,
1822 1063 1898 1121 ut
1954 1050 2143 1142 ligno
2203 1052 2436 1121 Crucis
2499 1050 2749 1121 Christi

216 1138 564 1209 fruereris
600 1142 679 1207 Et
704 1136 790 1207 ad
825 1137 1136 1228 magistri
1181 1138 1460 1227 quidem
1497 1138 2025 1210 similitudinem
2078 1138 2349 1208 voluisti
2399 1139 2741 1229 crucifigi,

218 1249 354 1297 non
406 1240 585 1297 recta
634 1238 858 1296 tamen
892 1226 1140 1327 figura,
1187 1227 1305 1298 sed
1341 1228 1568 1319 potius
1594 1229 1818 1318 capite
1849 1227 2150 1297 demisso
2196 1227 2557 1298 deorsum:
2596 1241 2748 1297 tan-

219 1339 429 1404 quam
477 1315 598 1403 qui
636 1337 678 1385 a
726 1327 904 1384 terra
949 1337 1017 1384 in
1055 1315 1321 1386 coelum
1374 1317 1500 1387 iter
1524 1316 1803 1388 faceres.
1845 1316 2026 1386 Beati
2049 1316 2248 1398 clavi,
2284 1317 2404 1404 qui
2439 1316 2750 1387 membra

221 1420 338 1475 tua
387 1415 834 1495 penetrarunt
873 1404 1042 1474 mihi
1096 1403 1604 1486 desiderabilia,
1655 1418 1721 1476 et
1774 1426 1952 1493 quae
1997 1404 2271 1475 coelesti
2318 1404 2536 1496 gloria
2583 1417 2750 1475 sunt

221 1494 392 1563 mihi
429 1492 947 1583 praestantiora.
985 1498 1083 1562 Tu
1131 1494 1251 1581 qui
1297 1515 1456 1565 cum
1501 1494 1695 1564 omni
1742 1493 1998 1563 fiducia
2054 1494 2124 1562 in
2185 1515 2434 1565 manus
2481 1492 2749 1564 Domini

220 1583 524 1653 animam
560 1581 940 1650 tradidisti:
973 1582 1095 1682 qui
1121 1581 1464 1652 indivulse
1494 1583 1782 1652 Domino
1812 1582 2130 1663 serviisti,
2182 1595 2247 1653 et
2278 1583 2339 1652 ei
2371 1582 2750 1672 desponsae

217 1670 594 1741 Ecclesiae:
648 1670 768 1758 qui
818 1669 1052 1761 diligis
1114 1671 1517 1740 Dominum:
1570 1671 1692 1758 qui
1744 1670 1959 1744 ferves
2007 1671 2292 1762 spiritu:
2346 1671 2469 1758 qui
2499 1692 2572 1740 es
2621 1675 2749 1740 Do-

222 1760 414 1829 mino
462 1758 909 1828 fidelissimus
952 1759 1262 1828 omnium
1304 1764 1353 1829 A
1448 1759 1687 1830 stolus.

308 1852 345 1936 §
392 1851 473 1919 8.
527 1847 862 1928 Gaudeas,
917 1848 1146 1930 Paule,
1200 1848 1314 1918 cui
1402 1860 1631 1917 eatum
1680 1861 1890 1937 caput
1928 1847 2251 1919 fultense
2283 1859 2745 1939 amputatum,

222 1959 382 2006 cum
433 1936 638 2005 homo
698 1957 917 2017 esseS,
980 1957 1186 2023 quem
1239 1937 1440 2006 verba
1489 1958 1813 2006 enarrare
1861 1958 1998 2006 non
2049 1950 2362 2027 possunt.
2418 1938 2752 2021 Quisnam

223 2025 410 2095 ensis
442 2037 635 2094 tuum
688 2037 927 2125 guttur
959 2025 1252 2114 pervasit
1283 2024 1723 2096 discernendi
1772 2026 2074 2096 maxima
2123 2037 2448 2116 potestate
2483 2025 2756 2117 praedi·

228 2125 400 2193 tum,
437 2112 873 2182 Dominicum
924 2113 1488 2195 instrumentum,
1533 2114 1718 2201 quod
1772 2136 1813 2184 a
1858 2114 2046 2184 coelo
2085 2113 2377 2185 habetur
2410 2115 2476 2184 id
2527 2114 2754 2184 admi-

224 2201 510 2283 ratione,
562 2213 628 2272 et
685 2201 868 2289 quod
936 2214 1111 2271 terra
1157 2206 1541 2272 reveretur?
1587 2203 1920 2286 Quisnam
1973 2202 2164 2274 locus
2224 2216 2420 2274 tuum
2490 2202 2756 2293 excepit

228 2290 665 2381 sanguinem,
721 2290 840 2377 qui
889 2292 1269 2360 cruentavit
1322 2291 1602 2378 quidem
1644 2291 2046 2362 exteriorem
2084 2292 2388 2361 tunicam
2441 2291 2747 2371 Barbari,

225 2378 345 2465 qui
397 2391 459 2448 te
509 2377 665 2468 palo
714 2378 967 2449 affixit:
1031 2390 1247 2449 atram
1298 2394 1527 2450 autem
1590 2380 1744 2469 ejus
1791 2380 2065 2450 animae
2111 2392 2361 2450 vestem
2414 2379 2758 2450 dealbavit

227 2467 432 2538 modo
472 2466 962 2557 inexplicabili,
1012 2480 1078 2538 et
1108 2490 1329 2556 usque
1366 2468 1560 2551 adeo,
1600 2480 1677 2539 ut
1712 2469 1934 2540 lucem
1977 2468 2138 2539 fidei
2187 2467 2513 2550 induerit,
2569 2482 2635 2539 et
2678 2490 2760 2538 ea

228 2557 400 2627 citra
449 2556 778 2626 invidiam
834 2557 1258 2627 contribules
1318 2558 1748 2648 impertierit.
1808 2559 1905 2629 Sit
1967 2559 2138 2628 mihi
2200 2559 2389 2629 ensis
2454 2558 2571 2628 ille
2637 2579 2760 2648 pro

224 2666 500 2725 corona,
542 2657 608 2714 et
654 2645 828 2715 clavi
860 2646 1038 2716 Petri
1088 2668 1210 2736 pro
1260 2645 1685 2736 lychnitibus
1742 2647 2060 2739 gemmiS,
2114 2646 2347 2717 infixis
2395 2648 2464 2717 in
2516 2647 2755 2717 orbem

229 2733 678 2834 diadematis,
729 2747 795 2804 et
842 2734 1352 2806 illustrantibus
1407 2735 1699 2806 formam
1767 2758 1988 2806 meam
2038 2758 2120 2806 ex
2167 2749 2443 2827 peccato
2499 2735 2761 2826 turpis-

227 2844 503 2892 stmam.

316 2913 353 3068 ᾇ
399 2915 494 2982 9.
548 2916 691 2982 Non
726 2923 828 2982 est
878 2912 1099 2995 nobis,
1151 2937 1191 2983 o
1241 2914 1611 2983 venerandi
1642 2913 1964 3004 Apostoli,
1998 2913 2238 2994 oratic,
2293 2934 2517 3000 neque
2566 2932 2761 2982 mens

230 3022 315 3069 su
347 2999 610 3081 ficiens,
664 3013 739 3070 ut
778 3000 1043 3088 aliquid
1091 3024 1223 3093 sup
1275 3001 1482 3072 editet
1511 3002 1593 3072 ad
1648 3001 1840 3073 vobis
1887 3000 2191 3091 agendas
2238 3003 2516 3092 gratias.
2550 3005 2597 3070 E
2647 2999 2762 3069 eni

230 3110 476 3161 sumus
524 3089 751 3159 omnis
812 3089 1024 3171 doni,
1075 3112 1211 3178 quo
1316 3092 1642 3162 offeratur
1712 3089 2205 3161 excellentibus
2277 3089 2590 3181 potestati
2645 3110 2752 3159 us.

234 3182 465 3247 Mutuo
517 3177 672 3247 date
719 3199 861 3261 vos,
925 3180 1048 3279 qui
1093 3181 1258 3251 estis
1308 3202 1459 3250 vere
1505 3179 1770 3260 divites,
1824 3180 1971 3249 indi
2022 3179 2323 3260 entibus,
2379 3179 2481 3249 vel
2579 3178 2762 3248 otius

231 3265 517 3337 donate:
573 3288 792 3354 neque
855 3289 1040 3337 emm
1092 3290 1462 3358 possumus
1525 3280 1845 3338 mutuum
2019 3267 2201 3337 dere.
2268 3272 2346 3336 Et
2396 3269 2456 3337 si
2572 3279 2762 3337 eatas

228 3375 425 3425 voces
468 3378 511 3424 a
538 3354 727 3425 vobis
751 3356 1246 3445 acceperimus,
1290 3356 1855 3427 exclamabimus:
1894 3356 2086 3427 Salve
2125 3356 2324 3426 beata
2361 3357 2546 3447 biga,
2585 3376 2764 3444 quae

232 3465 378 3513 una
413 3465 487 3512 es
523 3444 755 3514 anima
803 3444 873 3513 in
916 3444 1190 3516 duobus
1236 3446 1662 3536 corporibus,
1719 3450 1908 3516 Petre
1934 3458 2001 3515 et
2035 3444 2262 3515 Paule.
2326 3444 2588 3515 Salvete
2645 3465 2762 3514 vos

231 3552 502 3622 semper
550 3533 620 3602 in
669 3533 996 3603 Domino:
1036 3534 1184 3604 sine
1210 3534 1719 3604 intermissione
1752 3556 1872 3624 pro
1915 3534 2136 3614 nobis,
2192 3555 2519 3624 rogamus
2548 3543 2757 3604 orate.

234 3620 578 3690 Promissa
626 3635 841 3693 vestra
876 3622 1178 3712 implete.
1225 3628 1398 3694 Sunt
1441 3623 1625 3693 enim
1662 3622 1832 3692 haec
1865 3635 2086 3694 vestra
2137 3634 2502 3692 conventa:
2550 3620 2763 3691 unius

229 3708 506 3795 quidem
579 3710 741 3780 hoc:
795 3711 1026 3780 Venite
1086 3733 1406 3792 mecum,
1457 3725 1523 3782 et
1572 3711 1774 3782 bonis
1823 3733 1906 3780 ne
1960 3710 2414 3781 deliciamur:
2482 3709 2766 3781 alterius

232 3818 389 3868 vero
449 3797 657 3868 illud:
717 3799 1016 3869 Studebo
1057 3812 1210 3889 post
1268 3821 1497 3870 meum
1543 3799 1913 3870 adventum
1953 3800 2159 3869 vestri
2207 3798 2427 3869 facere
2476 3798 2771 3868 mentio-

234 3907 415 3955 nem.
459 3891 816 3957 Pactorum
878 3909 1042 3978 ergo
1096 3901 1587 3960 conventorum
1653 3887 1862 3958 nolite
1907 3886 2245 3970 oblivisci,
2283 3887 2401 3960 sed
2451 3885 2771 3957 Trinitati

239 3973 580 4065 principio
636 3976 895 4046 carenti
947 3975 1138 4046 nullo
1195 3976 1605 4047 intermedio
1650 3976 2070 4058 assistenteS,
2127 3977 2329 4067 petite
2383 3996 2561 4064 quae
2609 3986 2775 4046 sunt

239 4061 440 4133 nobis
485 4064 813 4136 omnibus
860 4064 1222 4136 salutaria:
1261 4069 1338 4136 In
1375 4064 1639 4135 Christo
1675 4064 1854 4136 Jesu
1901 4065 2187 4136 Domino
2250 4077 2507 4146 nostre,
2561 4085 2769 4153 quem

233 4146 425 4220 decet
471 4151 690 4242 gloria
728 4155 799 4224 in
848 4153 1084 4225 secula
1130 4153 1546 4236 seculorum,
1586 4158 1836 4225 Amen.-
