3357 4995
207 350 237 419 J
250 355 422 422 UNII
452 356 537 423 29
2535 357 2661 421 629

734 562 1268 647 EJUSDEM
1335 566 1419 646 S.
1500 565 1865 645 PETRI
1943 567 2222 645 VITA

841 748 1001 814 PER
1032 750 1104 813 n.
1144 730 1696 815 HIERONYMUM
1740 749 2077 815 SCRIPTA

929 902 1066 970 Lib.
1121 911 1203 973 70
1242 907 1335 971 De
1390 905 1561 973 Vir-is
1612 905 2017 974 illustribus

297 1063 334 1148 ξ
381 1066 458 1133 1.
513 1059 746 1130 Simon
772 1064 1011 1129 Petrus
1039 1059 1229 1128 filius
1260 1060 1573 1139 Joannis,
1613 1059 2003 1150 provinciae
2050 1059 2412 1142 Galilaeae,
2447 1061 2593 1131 vico
2633 1066 2753 1131 Be—

212 1148 506 1229 thsaida,
571 1148 777 1218 frater
826 1148 1132 1217 Andreae
1180 1148 1502 1238 Apostoli,
1560 1163 1625 1217 et
1674 1150 1997 1239 princeps
2045 1149 2544 1239 Apostolorum,
2600 1160 2755 1240 post

209 1239 681 1328 episcopatum
733 1237 1209 1308 Antiochensis
1238 1237 1602 1317 Ecclesiae,
1650 1250 1716 1307 et
1813 1237 2341 1308 raedicationem
2376 1238 2752 1329 dispersio-

211 1326 322 1397 nis
369 1348 607 1396 eorum
666 1327 787 1412 qui
840 1325 926 1395 de
984 1326 1517 1397 circumcisione
1560 1326 1744 1396 credi
1800 1339 2017 1406 erant,
2073 1327 2145 1396 in
2181 1332 2413 1409 PontO,
2461 1328 2745 1408 Galatia,

211 1414 666 1506 Cappadocia,
724 1415 879 1485 Asia
932 1428 997 1485 et
1051 1414 1394 1504 Bithynia,
1457 1415 1764 1485 secundo
1811 1415 2079 1486 Claudii
2139 1438 2345 1498 ann0,
2391 1416 2477 1485 ad
2535 1438 2751 1507 expu—

211 1503 571 1595 gnandum
624 1503 969 1573 Simonem
1004 1507 1277 1594 Magum
1311 1509 1598 1574 Romam
1648 1506 1893 1595 pergit,
1930 1504 2163 1591 ibique
2191 1504 2751 1595 vigintiquinque

208 1592 411 1663 annis
430 1591 825 1662 cathedram
852 1592 1343 1663 sacerdotalem
1373 1593 1587 1663 tenuit
1612 1592 1740 1683 (a),
1761 1615 1980 1681 usque
2000 1593 2085 1663 ad
2116 1593 2446 1663 ultimum
2478 1616 2745 1664 annum

210 1681 520 1763 Neronis,
565 1680 635 1749 id
684 1692 808 1761 est,
851 1681 1531 1769 decimumquartum
1565 1682 1621 1750 ¹³.
1661 1687 1710 1751 Α
1740 1704 1878 1769 quo
1925 1695 1989 1753 et
2035 1681 2286 1752 affixus
2317 1682 2530 1764 cruci,
2571 1704 2752 1752 mar-

210 1771 388 1860 tyrio
426 1783 794 1840 coronatus
832 1782 956 1851 est,
992 1770 1217 1860 capite
1248 1770 1336 1840 ad
1370 1782 1622 1841 terram
1674 1793 1893 1853 verSO,
1927 1784 1992 1841 et
2019 1771 2090 1839 in
2124 1772 2423 1841 sublime
2453 1772 2747 1862 pedibus

210 1859 521 1930 elevatis:
574 1879 887 1929 asserens
934 1881 1006 1929 se
1064 1858 1459 1949 indignum,
1504 1871 1579 1930 ut
1628 1859 1726 1929 sic
1787 1859 2347 1950 crucifigeretur,
2402 1873 2477 1930 ut
2526 1861 2754 1932 Domi-

212 1970 346 2018 nus
395 1969 591 2018 suuS.
2389 1992 2396 2003 ·

298 2040 335 2123 ξ
384 2042 473 2107 2.
529 2037 815 2127 Scripsit
845 2037 1021 2107 duas
1054 2036 1380 2127 epistolas
1414 2059 1590 2125 quae
1639 2037 2023 2107 Catholicae
2072 2038 2545 2118 nominantur,
2583 2059 2753 2125 qua·
2835 2028 2844 2037 ’

212 2147 367 2195 rum
418 2126 721 2195 secunda
753 2149 792 2195 a
837 2125 1182 2216 plerisque
1230 2126 1382 2216 ejus
1439 2148 1587 2198 esse
1637 2139 1953 2215 negatur,
2022 2139 2298 2217 propter
2360 2126 2521 2216 styli
2587 2149 2748 2197 cum

211 2212 439 2304 priore
480 2213 1006 2285 dissonantiam.
1064 2214 1189 2285 Sed
1223 2228 1287 2284 et
1321 2214 1769 2317 Evangelium
1804 2217 2001 2305 juxta
2033 2221 2363 2295 Marcum,
2401 2215 2518 2302 qui
2551 2215 2752 2285 audi-

212 2315 319 2371 tor
355 2303 507 2392 ejus
552 2314 618 2372 et
664 2305 1001 2393 interpres
1032 2301 1184 2383 fuit,
1222 2303 1431 2393 hujus
1469 2304 1748 2374 dicitur.
1789 2305 1973 2374 Libri
2011 2317 2239 2373 autem
2288 2306 2461 2394 ejus,
2515 2326 2552 2373 e
2598 2305 2751 2390 qui-

211 2390 346 2462 bus
392 2413 578 2462 unus
627 2396 943 2462 Actorum
979 2393 1131 2481 ejus
1178 2392 1604 2472 inscribitur,
1637 2393 1818 2464 alius
1842 2393 2217 2493 Evangelii,
2275 2393 2516 2462 tertius
2547 2398 2751 2461 Prae-

211 2478 601 2562 dicationiS,
640 2494 931 2568 quartus
960 2481 1428 2572 ApocalypsiS‚
1481 2482 1768 2569 quintus
1798 2481 2075 2563 ludicii,
2112 2482 2289 2552 inter
2317 2481 2753 2574 apocryphas

210 2570 589 2660 scripturas
637 2583 1068 2662 reputantur.
1124 2571 1447 2663 Sepultus
1503 2577 1759 2641 Romae
1808 2572 1877 2640 in
1937 2572 2283 2653 Vaticano,
2327 2572 2524 2662 juxta
2572 2572 2753 2640 viam

214 2658 727 2749 triumphalem,
781 2660 988 2729 totius
1038 2659 1237 2729 Urbis
1288 2661 1720 2730 veneratione
1758 2661 2167 2731 celebratur.

691 2871 915 2969 VlTA
987 2871 1353 2972 SANCTI
1421 2872 1727 2972 PAULl
1785 2871 2265 2974 APOSTOLl

835 3061 994 3127 PER
1043 3061 1115 3125 D.
1170 3060 1722 3127 HIERONYMUM
1774 3061 2109 3126 SCRIPTA

1001 3219 1138 3287 Lib.
1191 3222 1283 3287 De
1338 3219 1507 3286 Viris
1546 3219 1947 3288 illustribuS.

294 3419 331 3505 ξ
378 3423 455 3490 1.
508 3416 762 3486 Paulus
818 3415 1200 3506 Apostolus,
1237 3416 1357 3502 qui
1395 3430 1552 3485 ante
1613 3416 1888 3498 Saulus,
1942 3429 2129 3486 extra
2174 3438 2541 3485 numerum
2585 3416 2757 3485 duo—

209 3505 432 3575 decim
498 3504 1016 3595 Apostolorum,
1069 3504 1153 3574 de
1206 3505 1389 3574 tribu
1441 3493 1793 3596 Benjamin
1852 3517 1917 3573 et
1979 3504 2235 3605 oppido
2280 3505 2584 3575 Judaeae
2632 3504 2746 3575 Gi-

210 3594 418 3664 scalis
457 3593 589 3664 fuit
617 3594 709 3662 *⁴2
749 3598 895 3675 Quo
928 3616 968 3662 a
1008 3593 1336 3663 Romanis
1372 3606 1593 3685 captu,
1633 3614 1795 3662 cum
1830 3594 2234 3684 parentibus
2281 3594 2428 3663 suis
2459 3599 2744 3664 Tarsum

209 3683 484 3754 Ciliciae
516 3681 1017 3783 commigravit,
1077 3704 1114 3751 a
1166 3681 1427 3769 quibus
1474 3683 1561 3752 ob
1592 3682 1822 3752 studia
1872 3682 2044 3773 legis
2094 3683 2349 3753 missus
2397 3682 2745 3772 Jerosoly—

208 3794 420 3854 mam,
466 3795 505 3842 a
545 3769 914 3843 Gamaliele
950 3771 1091 3840 viro
1110 3769 1534 3854 doctissimO,
1566 3772 1768 3861 cujus
1801 3775 2021 3842 Lucas
2057 3771 2393 3853 meminit,
2428 3771 2742 3841 eruditus

208 3874 330 3931 est.
385 3866 551 3931 Cum
600 3873 829 3930 autem
879 3859 1302 3930 interfuisset
1351 3860 1501 3929 neci
1551 3859 1873 3949 martyris
1923 3858 2272 3949 Stephani,
2326 3875 2391 3930 et
2440 3861 2741 3951 acceptis

260 4053 321 4097 (a)
350 4053 409 4091 Ut
436 4054 625 4102 praesto
653 4053 883 4093 habeatur
908 4049 1023 4101 quid
1050 4052 1167 4091 scite
1194 4051 1573 4101 respondendum
1603 4051 1664 4091 us
1701 4052 1783 4100 qui
1818 4052 1961 4100 impio
1990 4052 2235 4100 stulteque
2271 4061 2390 4091 ausu
2424 4052 2662 4092 obsoletos
2705 4051 2764 4091 de

209 4104 252 4144 8.
282 4105 409 4144 Petri
437 4107 642 4147 adventu
671 4107 721 4146 ln
749 4106 921 4147 Urbem
950 4107 998 4146 et
1025 4105 1250 4145 diuturno
1282 4105 1496 4154 ejusdem
1523 4106 1732 4144 Romano
1751 4105 2032 4145 Pontfflcntu
2051 4113 2238 4146 errores
2257 4106 2586 4153 praetendunt,
2606 4105 2764 4154 magni

208 4156 433 4198 momenti
460 4160 508 4198 et
536 4169 747 4200 summae
777 4159 1072 4200 auctor-{tntis
1102 4158 1393 4209 opusculum
1421 4158 1749 4198 commendare
1774 4160 1912 4207 Juvst
1941 4159 2067 4207 quod
2104 4158 2400 4198 inscribitur:
2443 4161 2513 4199 DF:
2549 4159 2761 4198 Bri-mss-

205 4212 391 4250 Pzrm...
421 4213 649 4259 Panum).
678 4215 799 4253 Rom.
830 4214 1025 4253 Irmene
1056 4222 1113 4252 m·
1139 4214 1468 4252 Eniscopnu...
1497 4213 1904 4258 DIBSERTAUONBS,
1934 4215 2044 4256 etc.;
2064 4213 2251 4258 Romae,
2278 4221 2578 4262 unccctxxu,
2598 4221 2653 4251 ex
2673 4213 2762 4260 ‘ry-

204 4264 431 4315 pograph.
452 4266 716 4316 polyglotta
733 4268 776 4308 8.
796 4267 842 4307 G.
862 4266 920 4306 de
938 4267 1118 4316 Propng
1151 4263 1277 4306 Fide.

261 4319 288 4345 ¹·
316 4319 583 4359 Extremum
613 4320 825 4371 intellige
855 4329 1026 4359 annum
1049 4330 1189 4369 quem
1210 4320 1332 4360 Nero
1354 4316 1402 4358 in
1431 4315 1628 4367 imperio
1663 4318 1932 4366 complevit,
1965 4317 2147 4358 scilicet
2179 4328 2313 4360 aerae
2335 4319 2508 4358 Christi
2537 4319 2606 4362 6·st
2637 4324 2762 4358 anno

207 4380 408 4420 namque
437 4373 654 4420 sequenti
682 4374 890 4414 nondum
921 4373 1073 4414 medlo
1101 4375 1301 4413 mortem
1331 4373 1431 4423 lpse
1462 4372 1555 4411 sibl
1581 4372 1798 4412 immanis
1823 4372 2224 4421 turpissimusque
2243 4375 2471 4422 tyrannus
2509 4369 2755 4414 conscivit.

261 4426 315 4451 *¹⁸
348 4425 477 4474 layez
498 4425 633 4465 Tarsi
654 4426 700 4465 ln
722 4422 887 4467 Cilicia
907 4429 1046 4468 notus
1071 4428 1159 4472 est.
1180 4437 1286 4476 quo,
1306 4431 1441 4476 capta
1461 4436 1487 4464 ι
1504 4426 1727 4465 Romanis
1747 4423 1913 4475 patrm,
1942 4429 2163 4476 parentes
2191 4428 2296 4476 ejus
2320 4425 2753 4474 commigraverunt:

210 4491 237 4519 a
256 4478 434 4528 qulbus
454 4480 577 4520 eto...
597 4479 842 4526 (Bormum
866 4482 925 4520 ad
942 4493 1044 4521 anve.
1060 4482 1150 4529 36).
