3357 4995
721 326 850 391 370
2821 320 3042 385 ,iuml
3093 321 3179 385 46

1578 498 2144 579 MARTYRIU
2150 498 2231 575 M

622 744 760 846 SS.
829 742 1338 846 FERREOLl
1410 740 1903 844 PRESBYT.
1975 740 2095 841 ET
2161 736 2855 841 FERRUCIONIS
2908 737 3176 842 DlAC.

1621 925 1717 990 AC
1767 919 2182 991 SOCIORUM

1171 1153 1250 1200 UT
1297 1151 1587 1200 HABETUR
1634 1153 1701 1199 ΙΝ
1749 1150 2195 1208 ANTIQmssnto
2243 1151 2347 1198 HS·
2400 1149 2621 1198 comen

1041 1259 1145 1308 CUI
1194 1258 1710 1308 ADSTIPULANTUR
1756 1257 2204 1314 ANTIQulssntA
2252 1255 2755 1305 MARTYROLOGIA.

1372 1456 1564 1513 circa
1603 1458 1719 1512 212
1761 1484 1837 1496 —
1879 1453 2110 1512 Patria
2150 1456 2429 1511 incerta.

721 1659 757 1743 ς
804 1662 884 1727 1.
940 1655 1187 1725 Eodem
1242 1667 1544 1745 tempore
1566 1676 1705 1740 quo
1734 1675 2055 1723 summus
2101 1654 2420 1723 sacerdos
2450 1664 2516 1723 et
2554 1666 2812 1742 martyr
2841 1652 3180 1723 ecclesiae

635 1745 1121 1837 Lugdunensis
1187 1757 1467 1813 sanctus
1532 1748 1856 1814 Irenaeus
1903 1743 2281 1832 Episcopus
2329 1741 2602 1822 Christi,
2661 1740 2895 1811 lumen
2960 1754 3180 1812 aeter-

633 1856 800 1903 num
843 1844 908 1901 et
954 1832 1281 1923 splendor
1297 1831 1629 1922 justitiae,
1668 1831 1943 1922 publice
1977 1853 2173 1902 suam
2212 1830 2792 1922 praedicationem
2823 1830 2893 1898 in
2926 1830 3170 1901 Galliis

633 1921 958 2001 dederat,
1029 1933 1094 1990 et
1157 1920 1434 1991 assidue
1498 1921 1778 1990 verbum
1843 1921 2113 1990 Domini
2177 1921 2391 1991 nostri
2459 1925 2627 1990 Jesu
2697 1919 2945 1988 Christi
3012 1941 3180 2010 gen-

639 2011 825 2081 tibus
875 2009 1296 2080 declarabat:
1374 2021 1691 2079 sanctum
1743 2010 2131 2079 Ferreolum
2198 2009 2669 2099 presbyterum
2710 2019 2778 2078 et
2827 2010 3181 2078 Ferrucio-

639 2121 795 2168 nem
848 2099 1219 2169 diaconum
1271 2098 1356 2167 ad
1402 2098 1999 2167 vesontionensem
2059 2097 2398 2166 civitatem
2453 2118 2603 2166 vere
2636 2108 2711 2166 ut
2759 2096 3179 2167 fundamen-

637 2200 782 2258 tum
825 2187 1274 2258 fortissimum
1313 2187 1397 2255 ad
1450 2185 1879 2257 fundandam
1929 2207 2143 2276 supra
2191 2198 2451 2275 petram
2501 2186 2745 2256 Christi
2797 2186 3176 2256 Ecclesiam

638 2277 849 2356 misit,
903 2290 968 2345 et
1016 2277 1193 2345 sicut
1241 2273 1597 2365 angularis
1638 2274 1816 2365 lapis
1857 2276 2103 2365 Sponsi
2151 2274 2490 2356 coelestiS,
2541 2287 2607 2344 et
2651 2289 2729 2344 ut
2761 2296 2909 2343 mar
2958 2275 3176 2344 aritae

638 2364 1152 2454 resplendentes
1200 2363 1576 2455 fulgebant,
1643 2386 1764 2453 per
1810 2385 1984 2451 quos
2034 2385 2284 2433 nomen
2333 2377 2687 2433 aeternum
2737 2378 2803 2432 et
2841 2386 2921 2453 sp
2952 2364 3174 2432 endor

639 2454 897 2546 gloriae
944 2454 1265 2544 gentibus
1296 2475 1472 2541 quae
1520 2453 1588 2522 in
1638 2453 1937 2523 tenebris
1981 2452 2305 2541 jacebant
2352 2465 2764 2533 coruscaret,
2810 2464 2886 2523 ut
2931 2474 3178 2524 eorum

640 2544 1146 2635 praedicatione
1181 2542 1264 2611 ad
1309 2542 1744 2632 baptismatis
1791 2542 2082 2632 gratiam
2131 2542 2592 2620 convolarent,
2648 2543 2716 2610 in
2750 2543 3008 2628 quibus
3032 2554 3180 2610 erat

641 2634 812 2701 mira
866 2634 1080 2701 virtus
1140 2632 1409 2701 Christi.
1463 2636 1533 2699 ln
1585 2631 1790 2700 verbo
1836 2631 2018 2699 enim
2069 2644 2134 2699 et
2180 2632 2516 2721 sapientia
2564 2631 2850 2710 strenui,
2908 2630 3180 2699 vultum

643 2720 1033 2811 angelicum
1093 2735 1156 2789 et
1206 2720 1474 2789 Domini
1537 2719 1981 2789 servitutibus
2027 2734 2265 2809 aptum
2324 2718 2681 2790 manifeste
2730 2719 3004 2809 populis
3052 2718 3177 2787 de-

641 2809 1139 2878 monstrabant.
1186 2809 1577 2899 Augebatur
1625 2808 1964 2877 Catholica
2022 2808 2216 2887 fides,
2288 2808 2719 2878 laetabantur
2765 2808 2850 2877 de
2887 2806 3179 2878 confuso

641 2911 708 2966 et
753 2898 928 2966 victo
958 2896 1232 2967 diabolo
1268 2896 1573 2983 quotidie
1620 2897 2024 2966 Christiani:
2077 2898 2197 2983 qui
2242 2897 2796 2983 derelinquentes
2824 2896 3031 2975 idola,
3069 2917 3179 2965 se-

642 2985 1035 3071 quebantur
1096 2985 1336 3055 Christi
1408 2985 1711 3076 vestigia.
1767 2985 2095 3055 Similiter
2156 2999 2435 3056 sanctus
2499 2991 2845 3063 Irenaeus‚
2886 2985 3183 3055 Felicem

644 3074 1148 3165 presbyterum,
1218 3078 1660 3143 Fortunatum
1712 3088 1776 3143 et
1831 3073 2206 3143 Achilleum
2259 3075 2607 3154 diaconos,
2660 3096 2739 3142 ex
2797 3096 2923 3144 suo
2973 3073 3184 3142 latere

644 3175 800 3232 ante
850 3162 1223 3251 gloriosum
1262 3162 1671 3251 martyrium
1705 3185 1905 3232 suurn
1940 3163 2311 3232 Valentiam
2346 3163 2583 3254 dirigit
2617 3163 2685 3231 in
2719 3164 2984 3232 urbem.
3018 3163 3184 3244 Qui-

644 3252 778 3321 bus
827 3251 1183 3340 ingressiS,
1241 3251 1443 3320 talem
1501 3252 1832 3321 Dominus
1862 3252 2135 3321 athletis
2184 3252 2331 3321 suis
2378 3252 2699 3329 contulit,
2731 3252 3047 3342 gratiam,
3100 3263 3183 3320 ut

644 3338 763 3408 illa
822 3361 1246 3496 paganorum
1311 3338 1680 3408 multitudo
1726 3362 1903 3427 quae
1951 3342 2019 3409 in
2075 3340 2371 3411 tenebris
2424 3342 2706 3419 'acebat,
2752 3363 2870 3410 eos
2921 3338 3184 3429 plenis-

646 3428 820 3498 simo
869 3451 905 3496 a
961 3440 1114 3497 ectu
1145 3428 1263 3496 dili
1319 3440 1479 3497 eret.
1537 3433 1692 3497 Erat
1740 3430 1967 3515 itaque
2002 3430 2067 3497 in
2106 3430 2203 3499 eis
2239 3430 2410 3499 mira
2468 3429 2579 3498 ilis
2625 3429 2874 3499 Christi
2971 3429 3177 3498 ratia:

644 3517 807 3602 quia
859 3517 1048 3586 vultu
1081 3451 1358 3606 placidi,
1418 3515 1683 3607 profusi
1733 3520 1798 3586 in
1839 3517 2062 3598 verbo,
2117 3531 2194 3587 ut
2240 3519 2607 3587 Dominum
2638 3540 2886 3607 corpor
2960 3518 3183 3587 icon-

645 3606 852 3674 sortio
901 3618 1350 3692 sequerentur
1399 3606 1713 3677 homines
1760 3607 2097 3676 docebant
2151 3607 2217 3675 in
2283 3607 2501 3678 terris.
2556 3611 2844 3676 Sursum
2906 3626 3186 3694 quoque

644 3695 851 3763 corda
875 3716 1210 3783 suspensa
1231 3693 1542 3783 angelico
1565 3696 1807 3764 habitu
1831 3696 2065 3765 sociati
2103 3696 2320 3774 terris,
2360 3695 2815 3786 splendebant
2844 3696 2913 3763 in
2941 3696 3179 3764 coelis,

645 3786 832 3852 Dum
870 3805 1031 3873 ergo
1078 3794 1306 3853 essent
1337 3784 1593 3872 Spiritu
1626 3789 1873 3853 Sancto
1922 3785 2188 3874 repleti,
2226 3785 2511 3875 spiritus
2535 3784 2938 3853 immundos
2980 3783 3187 3854 verbo

693 3872 1079 3961 urgabant,
1135 3894 1397 3962 aegros,
1460 3894 1829 3962 oppressos
1892 3875 2170 3953 sanitati
2218 3873 2630 3943 reddebant:
2711 3894 2834 3941 nec
2899 3894 3187 3942 narrare

673 3959 886 4050 ingua
935 3960 1233 4040 sufficit,
1302 3975 1595 4047 quantas
1650 3962 1980 4043 virtutes,
2032 3975 2425 4049 quantaque
2491 3962 2692 4052 signa
2743 3974 2807 4030 et
2857 3962 3186 4053 prodigia

644 4070 768 4138 per
813 4070 929 4118 eos
986 4050 1316 4120 Dominus
1365 4061 1594 4118 noster
1639 4056 1843 4122 Jesus
1874 4052 2183 4121 Christus
2216 4052 2539 4141 gentibus
2578 4050 3179 4119 demonstraverit.

732 4142 767 4223 ξ
820 4142 906 4207 2.
962 4143 1148 4208 Tunc
1205 4139 1277 4206 hi
1328 4149 1463 4207 tres
1513 4138 1893 4208 beatissimi
1965 4154 2294 4227 martyres
2341 4153 2406 4209 et
2451 4138 2875 4209 consessores
2930 4138 3186 4209 Christi

645 4239 830 4295 extra
864 4226 1199 4296 civitatem
1233 4226 1604 4296 Valentiam
1642 4228 1727 4296 ad
1764 4229 2106 4297 Orientem
2138 4242 2409 4298 versum
2437 4227 2567 4296 sibi
2603 4227 3184 4316 tuguriunculum

645 4314 730 4383 de
763 4314 970 4405 lignis
1004 4329 1417 4395 contextum,
1453 4315 1680 4385 locum
1708 4317 1987 4387 oratorii
2013 4316 2523 4397 dedicaverunt,
2555 4317 2677 4387 ubi
2703 4316 2812 4385 die
2833 4329 3183 4403 noctuque

645 4403 1113 4477 indesinenter
1155 4404 1446 4475 Domino
1490 4409 1656 4475 Jesu
1687 4406 1951 4478 Christo
1978 4406 2234 4495 gratias
2272 4418 2571 4497 agenteS,
2629 4426 2761 4474 non
2816 4405 3181 4475 cessabant
