3357 4995
676 317 775 385 :38
1257 334 1336 381 nn
1383 334 1579 381 xtvm
1626 314 2020 382 montmms‘.
2074 330 2470 381 narramus
2841 318 2881 383 J
2888 317 2991 383 UN
3001 296 3064 386 '11
3108 315 3159 382 2

601 418 1091 499 Ecclesiarum,
1112 439 1289 506 quae
1316 418 1429 488 hic
1456 429 1643 489 sunt:
1675 418 1749 487 in
1778 416 2187 489 Blandinam
2216 417 2537 505 denique,
2561 439 2683 509 per
2712 439 2925 506 quam
2958 418 3161 489 Chri-

605 519 756 581 stus
802 508 1150 577 evidenter
1181 507 1605 588 ostendebat,
1657 528 1777 577 eos
1814 507 1932 595 qui
1969 506 2156 597 apud
2205 506 2547 588 homineS,
2602 506 2795 588 viles,
2847 507 2969 578 des
3102 508 3163 577 ti

601 610 669 667 et
686 596 1059 687 contempti
1094 597 1480 678 videantur,
1508 596 1697 697 apud
1732 600 1947 666 Deum
1984 607 2263 686 propter
2285 595 2694 666 charitatem
2722 618 2890 687 erga
2917 596 2965 666 il
3000 618 3152 677 um,

602 708 742 756 non
784 686 1011 776 specie
1033 685 1365 775 jactatam
1395 697 1462 755 et
1510 683 1979 765 simulatione,
2036 684 2157 754 sed
2205 684 2272 753 vi
2316 697 2385 755 et
2412 684 2662 755 virtute
2700 685 3156 765 declaratam,

601 796 857 865 magno
904 773 1271 865 splendore
1318 785 1385 844 et
1431 773 1654 864 gloria
1701 773 1971 843 donari.
2005 778 2172 843 Nam
2207 793 2368 843 cum
2404 794 2543 843 non
2574 794 2702 844 nos
2741 775 2963 844 solum
2993 795 3161 863 per-

600 863 1146 943 timesceremus,
1180 862 1298 934 sed
1328 862 1536 931 etiam
1566 861 1735 932 hera
1763 861 1957 932 illius
1988 861 2376 933 secundum
2404 883 2686 932 carnem
2709 863 2917 953 (quae
2941 861 3158 933 etiam

598 952 625 1021 i
677 974 754 1022 sa
801 974 943 1022 una
989 952 1062 1021 in
1113 963 1503 1040 martyrum
1553 972 1794 1042 pugna
1822 950 2302 1040 dimicaverat)
2334 973 2422 1021 ne
2467 972 2630 1022 cum
2681 951 2751 1020 in
2800 962 3161 1021 certamen

650 1040 1085 1120 escenderet,
1157 1060 1322 1131 prae
1367 1040 1677 1130 corporis
1725 1038 2198 1111 imbecillitate
2258 1060 2397 1110 non
2462 1039 2678 1110 libere
2721 1052 2788 1109 et
2850 1041 3165 1130 ingenue

599 1129 765 1199 fidei
797 1150 965 1200 suae
993 1127 1497 1200 confessionem
1548 1129 1866 1218 proloqui
1915 1141 2265 1220 pergeret;
2319 1128 2661 1199 Blandina
2705 1140 2894 1198 tanto
2934 1128 3166 1198 animi

600 1219 847 1289 robore
883 1227 948 1287 et
979 1217 1229 1288 virtute
1257 1218 1727 1299 imbuebatur,
1758 1230 1836 1289 ut
1881 1228 2206 1297 tortores,
2240 1217 2361 1305 qui
2394 1217 2590 1287 illam
2621 1217 2928 1288 vicissim
2957 1219 3158 1286 omni

600 1306 1108 1398 suppliciorum
1204 1327 1408 1376 enere
1453 1328 1496 1376 a
1542 1307 1768 1397 primo
1809 1328 2012 1377 mane
2057 1306 2144 1377 ad
2193 1327 2548 1397 vesperam
2598 1327 2820 1395 usque
2866 1305 3159 1375 afflixis-

600 1408 774 1476 sent,
836 1416 1051 1485 prope
1110 1394 1176 1464 la
1226 1417 1343 1464 ore
1390 1394 1640 1466 defessi
1692 1394 2250 1486 languescerent,
2315 1416 2526 1483 seque
2564 1407 2712 1465 tum
2757 1394 2846 1464 ab
2887 1394 3012 1464 illa
3053 1396 3161 1464 vi-

600 1496 791 1565 ctOS,
848 1495 995 1553 tum
1045 1483 1222 1553 nihil
1271 1482 1576 1574 amplius
1638 1484 1893 1555 habere
1940 1484 2398 1554 cruciamenti
2454 1483 2802 1571 reliquum
2850 1482 3037 1572 quod
3088 1485 3161 1554 ei

599 1574 1029 1664 irrogarent,
1085 1572 1509 1643 faterentur:
1565 1584 1773 1660 atque
1818 1572 1987 1643 adeo
2039 1593 2456 1664 magnopere
2502 1572 2943 1653 mirarentur,
3009 1594 3159 1659 quo

599 1674 822 1752 pact0,
859 1682 1020 1730 cum
1071 1672 1289 1733 totum
1338 1660 1492 1749 ejus
1540 1683 1794 1751 corpus
1828 1662 1922 1731 ita
1952 1661 2407 1732 dilaceratum
2445 1672 2647 1741 esset,
2703 1663 3164 1752 perseverans

599 1751 925 1839 spiritum
965 1748 1291 1820 duceret:
1345 1750 1717 1840 palamque
1763 1762 2198 1827 testarentur,
2249 1772 2473 1821 unum
2531 1752 2857 1820 tormenti
2919 1772 3155 1840 genus

599 1839 768 1910 satis
807 1837 1136 1910 habuisse
1168 1840 1421 1909 virium
1463 1838 1550 1908 ad
1599 1839 1809 1909 vitam
1839 1840 1903 1908 ei
1930 1838 2387 1930 eripiendam,
2424 1838 2681 1908 nedum
2726 1851 2865 1909 tam
2905 1838 3158 1909 multis

598 1940 665 1998 et
696 1929 904 1998 variis
932 1948 1110 2017 opus
1140 1927 1375 1997 fuisse.
1416 1932 1665 1997 Verum
1706 1929 1905 1998 beata
1936 1940 2222 2027 martyr,
2264 1928 2444 1998 sicut
2475 1947 2902 2018 generosum
2924 1927 3162 1998 athle-

598 2029 740 2086 tam
790 2016 1004 2098 decet,
1061 2017 1129 2085 in
1179 2017 1333 2105 ipsa
1380 2016 1543 2086 fidei
1590 2016 2020 2088 confessione
2067 2038 2244 2086 vires
2294 2015 2686 2119 colligebat,
2737 2027 3184 2106 atque,pro-.

598 2105 738 2175 lato
784 2107 1076 2176 istorum
1125 2105 1489 2175 verborum
1527 2128 1539 2171 :
1597 2106 1988 2176 Christiana
2032 2127 2205 2186 sum,
2257 2117 2362 2174 et:
2402 2106 2593 2175 Nthil
2621 2103 2810 2196 apud
2853 2127 2970 2175 nos
3020 2107 3155 2174 ad-

596 2195 893 2265 mittitur
922 2196 1218 2265 sceleris:
1250 2205 1396 2264 erat
1433 2192 1777 2274 dolorum,
1820 2195 1942 2283 qui
1974 2214 2127 2263 eam
2160 2194 2522 2283 urgebant,
2568 2215 2847 2264 summa
2880 2193 3156 2275 levatio,

599 2281 979 2353 fomentum
1027 2282 1400 2363 cruciatuS,
1455 2296 1522 2352 et
1567 2283 1911 2371 cujusque
1959 2282 2312 2352 molestiae
2358 2281 2700 2372 depulsio.

687 2373 723 2459 ξ
770 2378 865 2444 8.
906 2371 1248 2441 Diaconus
1279 2369 1419 2451 ille,
1456 2375 1749 2440 Sanctus
1781 2372 2081 2452 nomine,
2129 2393 2213 2441 su
2268 2394 2341 2441 ra
2387 2391 2600 2459 quam
2647 2369 2982 2440 credibile
3011 2383 3144 2451 est,

596 2472 663 2530 et
709 2482 924 2553 supra
970 2481 1250 2531 omnem
1297 2460 1691 2531 humanum
1737 2471 2046 2553 captum,
2100 2393 2381 2532 verssera
2428 2481 2468 2530 a
2515 2458 2968 2532 carnificibus
3018 2459 3157 2529 im-

599 2563 800 2641 pacta
845 2550 1213 2621 toleranter
1260 2549 1648 2630 sustinenS,
1706 2571 1871 2621 cum
1932 2548 2245 2619 scelerati
2307 2549 2411 2619 illi
2458 2548 2821 2619 carnifices
2872 2562 3161 2639 propter

595 2640 1073 2711 assiduitatem
1121 2653 1189 2709 et
1234 2638 1790 2723 magnitudinem
1842 2650 2338 2710 tormentorum
2368 2660 2547 2727 quae
2593 2638 2658 2707 ei
2707 2637 3156 2728 infligebant,

601 2742 960 2819 sperarent
1006 2750 1080 2797 se
1124 2727 1415 2828 aliquid,
1467 2727 1652 2815 quod
1700 2727 2106 2798 indecorum
2152 2738 2217 2798 et
2262 2727 2414 2818 ejus
2449 2726 2860 2818 professioni
2896 2747 3167 2816 parum

598 2829 1140 2887 consentaneum
1189 2816 1558 2897 videretur,
1614 2817 1704 2887 ab
1750 2837 1830 2887 eo
1877 2814 2264 2895 audituros,
2311 2816 2462 2906 ipse
2509 2828 2698 2887 tanta
2747 2815 2969 2885 animi
3014 2816 3169 2885 cel-

599 2907 796 2975 sitate
841 2919 906 2975 et
951 2906 1339 2975 constantia
1387 2905 1528 2974 illis
1574 2927 1655 2976 ex
1703 2905 1990 2977 adverso
2031 2905 2300 2986 restitit,
2340 2917 2419 2975 ut
2453 2927 2539 2975 ne
2571 2924 2820 2975 nomen
2855 2902 3160 2992 quidem

597 2992 700 3063 vel
750 3014 983 3074 suum,
1040 2992 1144 3061 vel
1184 2994 1432 3083 gentis,
1468 2993 1570 3063 vel
1605 2994 1927 3075 civitatis,
1967 2994 2155 3064 unde
2183 2993 2346 3063 fuit:
2387 3015 2609 3081 neque
2639 3005 2878 3064 utrum
2915 3014 3165 3064 servus

597 3104 686 3151 an
736 3081 932 3162 liber,
986 3079 1127 3151 illis
1177 3081 1376 3150 vellet
1422 3082 1673 3152 dicere:
1720 3082 1842 3152 sed
1891 3082 1977 3151 ad
2027 3082 2265 3151 omnia
2312 3095 2574 3173 rogata,
2613 3081 2708 3152 ita
2740 3081 2979 3151 Latino
3009 3103 3162 3152 ser-

598 3192 805 3240 mone
853 3168 1328 3260 responderet,
1369 3169 1801 3241 Christianus
1850 3190 2010 3242 sum
2048 3193 2062 3237 :
2117 3169 2445 3259 istudque
2493 3191 2618 3261 pro
2683 3169 2987 3250 nomine,
3029 3192 3161 3260 pro

596 3259 890 3339 civitate,
928 3279 1052 3348 pro
1086 3277 1356 3348 genere,
1399 3271 1463 3327 et
1496 3258 1798 3348 denique
1838 3280 1961 3350 pro
2010 3281 2083 3329 re
2130 3280 2409 3347 quaque
2443 3260 2694 3330 iterum
2744 3280 2824 3328 ac
2873 3259 3165 3350 saepius

596 3348 1057 3436 eloqueretur:
1111 3346 1323 3416 aliam
1371 3358 1599 3418 autem
1637 3369 1874 3418 vocem
1913 3347 2206 3439 gentiles
2245 3349 2334 3418 ab
2367 3369 2446 3418 eo
2483 3348 2733 3417 elicere
2768 3346 3163 3435 audireque

597 3458 737 3507 non
789 3447 1120 3528 poterant.
1179 3435 1370 3505 Unde
1419 3448 1559 3505 tam
1608 3436 1802 3527 gravi
1848 3449 1915 3506 et
1961 3436 2211 3506 acerba
2258 3435 2397 3507 bile
2445 3439 2722 3507 animus
2761 3457 2924 3507 cum
2955 3442 3165 3507 Prae-

598 3524 758 3595 fecti
788 3581 803 3607 ,
842 3538 993 3596 tum
1043 3537 1381 3595 tortorum
1430 3536 1670 3596 contra
1719 3524 1922 3595 illum
1972 3526 2544 3596 inflammabatur
2574 3580 2590 3607 ,
2646 3537 2724 3598 ut
2768 3546 2932 3595 cum
2981 3525 3167 3595 nihil

602 3613 935 3684 haberent
984 3613 1312 3704 supplicii
1366 3613 1552 3702 quod
1602 3614 1666 3682 ei
1715 3613 2044 3704 deinceps
2092 3615 2584 3704 imponerent,
2639 3613 2728 3684 ad
2776 3627 3170 3685 extremum

601 3700 898 3774 laminas
945 3723 1195 3773 aeneas
1241 3701 1579 3772 ferventes
1615 3714 1683 3772 et
1728 3702 1987 3792 ignitas
2033 3702 2431 3774 tenerrimis
2461 3703 2777 3792 corporis
2828 3702 3172 3776 membris

599 3790 976 3882 affigerent.
1017 3796 1094 3862 At
1133 3791 1273 3872 ille,
1313 3812 1745 3891 quamquam
1793 3812 1912 3861 cor
1962 3791 2107 3863 oris
2154 3793 2468 3862 membra
2507 3793 2999 3872 exurebantur,
3042 3792 3164 3861 fir-

597 3903 758 3952 mus
791 3893 1047 3961 tamen,
1087 3893 1413 3951 constans
1450 3892 1517 3949 et
1548 3881 1916 3951 immutabi
1952 3881 2009 3951 is
2044 3881 2115 3950 in
2158 3879 2322 3951 fidei
2352 3880 2789 3951 confessione
2825 3881 3161 3971 perstitit:

594 3969 858 4060 quippe
902 3969 1022 4057 qui
1069 3968 1305 4038 divino
1353 3980 1417 4037 et
1463 3967 1742 4039 coelesti
1791 3967 1975 4040 fonte
2023 3990 2245 4057 aquae
2279 3969 2508 4040 vitalis
2547 3990 2727 4058 quae
2774 3990 2854 4038 ex
2903 3969 3180 4041 Christi·

594 4071 830 4128 ventre
869 4057 1175 4148 profluit,
1223 4069 1579 4144 tamquam
1630 4078 1784 4127 rore
1831 4079 1995 4129 cum
2034 4078 2365 4147 aspersus
2405 4070 2554 4129 tum
2589 4059 2955 4130 roboratus
2983 4070 3160 4130 erat.

594 4151 857 4239 Corpus
903 4157 1136 4217 autem
1185 4145 1580 4215 testimonio
1627 4145 1760 4218 fuit
1805 4167 2085 4229 eorum,
2137 4166 2319 4234 quae
2367 4146 2502 4237 ipsi
2552 4147 2992 4217 acciderant:
3043 4159 3164 4218 ut-

595 4248 751 4326 pote
813 4234 1223 4305 vulneribus
1269 4245 1336 4303 et
1399 4234 1744 4305 vibicibus
1807 4246 2028 4306 totum
2093 4246 2582 4318 cruentatum,
2636 4235 2827 4324 quod
2874 4235 3168 4323 quidem

596 4325 698 4394 sic
746 4325 817 4394 in
864 4346 950 4393 ru
1002 4345 1080 4395 as
1146 4335 1293 4392 erat
1354 4335 1838 4406 contractum,
1895 4335 1973 4395 ut
2035 4324 2443 4395 exteriorem
2503 4324 2811 4395 hominis
2861 4323 3165 4395 sormam

597 4409 899 4503 prorsus‘
931 4434 972 4482 a
1013 4410 1324 4503 jecisset:
1364 4410 1435 4481 in
1488 4434 1627 4502 quo
1677 4413 2013 4494 Christus,
2066 4411 2534 4484 afflictationis
2596 4414 2945 4506 particeps
2978 4467 3002 4496 ,
3053 4434 3167 4484 res
