3357 4995
626 327 750 391 ⁴76
1324 345 1403 390 na
1451 345 1507 391 s.
1561 344 1926 393 Noarassa‘ro
1975 344 2270 392 Episcopo
2770 328 2989 393 JUNII
3040 330 3080 393 6

499 435 503 446 '
538 441 830 498 mutaret
878 428 1169 518 fastigia,
1208 433 1477 515 Deoque
1523 419 1992 500 consecranda
2025 442 2334 497 curaret:
2390 440 2465 498 ut
2507 429 2627 498 ubi
2679 444 3084 520 regnaverat

535 518 856 587 vitiorum
906 518 1265 598 execratio,
1322 518 1647 587 virtutum
1705 517 1846 585 illic
1898 517 2120 586 locum
2174 517 2423 586 faceret
2471 517 2745 587 divinae
2796 519 3079 588 benedi·
3137 567 3140 570 -

535 607 782 677 ctionis
820 607 1265 675 consecratio.
1313 606 1490 688 Quid
1541 605 1792 675 faceret
1831 606 2131 696 juvenis,
2182 619 2523 675 certamen
2577 607 3073 696 gravissimum

536 698 1034 786 suscepturus?
1083 695 1578 764 Gravissimum
1631 708 1973 763 certamen
2016 696 2176 783 jure
2209 695 2526 778 dixerim;
2561 709 2705 764 erat
2752 697 2938 764 enim
2974 697 3083 765 illi

532 807 705 854 uxor
752 796 816 851 et
861 783 1067 853 frater
1098 783 1250 873 ipso
1289 784 1530 872 junior
1580 784 1699 870 qui
1758 783 1982 852 modis
2029 783 2356 853 omnibus
2403 785 2553 874 ejus
2603 785 2955 873 proposito
3007 807 3079 855 se

539 873 1003 973 opponebant.
1069 872 1639 942 Contradicebant
1698 873 1902 941 etiam
1955 873 2152 950 servi,
2208 871 2498 941 ancillae
2546 887 2610 941 et
2657 894 2898 943 omnes
2948 874 3081 941 mi-

536 963 732 1042 nistri
781 963 953 1051 ejus.
1012 960 1529 1030 Contradicebat
1582 967 1819 1030 Comes
1881 960 2304 1038 Fridericus,
2413 973 2556 1030 ater
2604 963 2839 1030 uxoris
2887 963 3061 1050 ejuS,

537 1072 787 1140 magna
838 1072 917 1119 ex
968 1063 1157 1140 parte
1204 1049 1736 1139 eleemosynam,
1773 1071 1980 1135 quam
2024 1048 2315 1128 fecisset,
2355 1072 2440 1118 (e
2492 1050 2646 1122 dote
2678 1049 2860 1119 filiae
2909 1073 3078 1119 suae

536 1161 684 1208 esse
731 1139 991 1209 dicens.
1038 1144 1273 1225 Itaque
1322 1160 1572 1207 manus
1603 1139 1754 1225 ejus
1801 1151 2036 1206 contra
2088 1139 2211 1206 hos
2259 1160 2521 1220 omneS,
2561 1152 2634 1207 et
2678 1160 2928 1209 manus
2955 1140 3079 1209 ho-

539 1249 691 1296 rum
733 1228 1047 1296 omnium
1106 1242 1343 1296 contra
1392 1248 1576 1296 eum.
1630 1228 1802 1295 Vicit
1852 1227 2125 1295 tandem
2193 1227 2480 1297 humilis
2543 1228 3068 1317 importunitas:

541 1338 847 1403 uxorque
908 1317 1277 1396 consensit,
1343 1329 1408 1384 et
1453 1314 1683 1395 frater,
1753 1315 2021 1383 leonino
2069 1315 2298 1384 surore
2357 1317 2688 1405 deposito,
2743 1317 3072 1406 agninam

538 1405 767 1474 induit
820 1404 1440 1485 mansuetudinem,
1485 1405 1787 1489 itemque
1840 1404 2189 1494 religionis
2231 1404 2566 1485 habitum,
2606 1427 2811 1491 quem
2842 1406 3072 1494 ipsum

540 1495 862 1562 Comitem
918 1493 1085 1562 velle
1118 1506 1416 1586 noverat,
1456 1515 1613 1561 cum
1653 1492 1770 1561 illo
1812 1493 2133 1580 suscepit.
2182 1493 2469 1563 Gavisus
2508 1506 2609 1564 est
2643 1508 2833 1583 pater
2881 1499 3074 1563 Nort-

539 1583 799 1660 bertus,
837 1583 1115 1672 gavisus
1177 1595 1278 1650 est
1324 1594 1389 1650 et
1447 1586 1707 1659 ComeS,
1761 1593 1824 1649 et
1876 1581 2158 1649 redditis
2205 1583 2532 1651 omnibus
2583 1583 2847 1651 Caesari
2896 1603 3075 1669 quae

540 1671 843 1740 Caesaris
875 1684 1089 1750 erant,
1125 1684 1189 1739 et
1235 1692 1413 1756 quae
1462 1671 1574 1738 Dei
1630 1675 1759 1738 Deo
1810 1671 2109 1748 retentis,
2156 1683 2290 1738 tres
2339 1671 2422 1740 de
2472 1671 2769 1760 propriis
2800 1670 3074 1741 allodiis
3146 1677 3192 1686 ‘⁴

538 1760 884 1839 ecclesiaS,
938 1758 1300 1828 ordinante
1350 1772 1540 1848 patre
1589 1759 1963 1838 Nortberto,
2036 1760 2435 1828 construxit.
2508 1764 2582 1828 In
2635 1759 2891 1845 quibus
2939 1759 3075 1827 sra-

540 1849 762 1918 tribus
808 1847 1157 1918 collocatis
1204 1859 1268 1916 et
1316 1847 1650 1937 religione
1711 1849 2104 1926 constituta,
2149 1869 2309 1915 cum
2361 1848 2475 1916 Dei
2524 1848 2755 1917 cultus
2802 1849 3077 1939 egregie

538 1935 1042 2036 compleretur,
1112 1959 1245 2005 non
1315 1935 1532 2006 defuit
1591 1935 1920 2015 tentatiO,
1993 1956 2116 2004 nec
2177 1935 2640 2026 malignorum
2694 1937 3072 2026 spirituum

540 2038 946 2115 persecutio.

627 2116 663 2200 ξ
709 2118 871 2184 82.
926 2118 1091 2197 Nam
1143 2116 1382 2183 Comes
1434 2112 1842 2184 Fridericus.
1881 2124 2070 2201 pater
2096 2114 2326 2182 uxoris
2375 2114 2676 2194 ComitiS,
2707 2114 3070 2183 ambitioni

540 2224 706 2271 suae
757 2201 1126 2293 indulgens
1173 2202 1356 2287 quod
1406 2215 1707 2270 castrum
1770 2201 2327 2290 Capenbergense
2375 2201 2805 2270 dominatum
2861 2207 3074 2272 West-

543 2291 815 2380 pbaliae
879 2291 1232 2368 tenuisset,
1289 2305 1682 2380 praetexens
1731 2289 1900 2358 illud
1952 2312 2100 2358 esse
2139 2290 2364 2358 dotem
2415 2289 2600 2360 filiae
2639 2312 2826 2370 suae,
2888 2313 3075 2360 com-

542 2380 847 2448 minatus
880 2394 981 2449 est
1013 2379 1365 2457 fratribus,
1407 2378 1538 2446 nisi
1587 2391 2019 2468 quantocyus
2067 2401 2143 2447 ex
2193 2401 2272 2447 eo
2319 2379 2784 2460 abscederent,
2828 2401 2898 2449 se
2929 2401 3074 2449 om-

540 2489 662 2537 nes
711 2467 1241 2539 trucidaturum.
1283 2466 1652 2554 aliquoties
1699 2468 1901 2537 etiarn
1937 2491 2092 2537 cum
2131 2467 2440 2555 equitatu
2474 2491 2601 2538 suo
2636 2467 2801 2537 illuc
2849 2491 3076 2556 usque

540 2559 927 2639 accedebat,
992 2557 1165 2647 patri
1217 2556 1568 2626 Nortberto
1616 2558 2026 2635 comminas,
2082 2557 2138 2628 si
2186 2578 2342 2626 eum
2393 2580 2553 2626 cum
2605 2558 2800 2627 asino
2850 2560 3073 2647 ipsius

539 2660 769 2735 posset
816 2646 1419 2735 comprehendere,
1474 2646 1716 2714 ambos
1749 2666 1820 2714 se
1869 2667 2395 2736 suspensurum,
2437 2659 2513 2715 ut
2554 2647 2773 2735 reipsa
2807 2649 3074 2736 experi—

537 2747 728 2804 retur
775 2736 933 2822 quis
965 2748 1143 2804 esset
1188 2756 1423 2803 eorum
1468 2734 1750 2822 majoris
1800 2735 2146 2835 ponderis.
2192 2739 2352 2802 Tam
2398 2736 2735 2824 superbae
2781 2736 3074 2804 orationi

537 2824 658 2909 qui
717 2824 1023 2902 aderant,
1070 2824 1386 2913 Episcopi
1435 2835 1500 2891 et
1547 2823 1664 2891 alii
1716 2825 2067 2914 Principes
2125 2823 2708 2904 contradicebant,
2774 2837 2838 2892 et
2894 2825 3073 2891 iram

540 2912 656 2979 Dei
708 2912 807 2980 illi
856 2911 1479 2981 comminabantur.
1560 2917 1824 2982 Fratres
1887 2934 2050 3002 ergo
2100 2912 2695 3001 Capenbergenses
2758 2913 2823 2980 in
2886 2927 3077 2982 arcto

536 3000 765 3090 positi,
802 3022 925 3069 nec
967 2999 1186 3069 ullum
1234 3001 1560 3069 habentes
1608 3001 1731 3086 qui
1790 3001 1977 3090 ipsos
2020 3000 2336 3069 liberaret
2383 3001 2467 3069 de
2518 3022 2730 3070 manu
2774 3003 3069 3090 potentis

535 3100 602 3155 et
651 3089 895 3174 iniqui,
953 3088 1288 3157 miserunt
1336 3088 1421 3156 ad
1475 3101 1737 3178 patrem
1781 3112 2014 3166 suum,
2057 3103 2134 3159 ut
2180 3090 2368 3178 ipsos
2430 3090 2804 3178 adjuvaret,
2862 3090 3073 3159 simul

537 3176 1172 3265 hominis'superbi
1230 3176 1430 3245 verba
1478 3178 1540 3244 ei
1593 3178 2023 3246 nunciantes.
2074 3179 2228 3259 Quo
2280 3179 2534 3248 nuncio
2584 3193 2884 3268 accepto,
2929 3178 3074 3246 col-

541 3264 730 3335 lectis
781 3264 1044 3334 viribus
1092 3265 1250 3333 fidei
1284 3277 1348 3333 et
1396 3267 1542 3354 spei
1583 3287 1706 3353 per
1751 3287 1909 3335 eum
1960 3280 2023 3335 et
2071 3268 2140 3334 in
2191 3289 2347 3335 eum
2416 3269 2535 3353 qui
2584 3267 2793 3335 dixit:
2849 3266 3073 3335 Consi-

540 3352 701 3432 dite,
755 3376 880 3442 ego
930 3353 1057 3421 vici
1096 3353 1476 3422 mundum:
1528 3354 1616 3422 ad
1666 3355 1897 3443 ipsum
1950 3378 2022 3424 se
2058 3369 2270 3425 totum
2329 3356 2641 3436 contulit,
2677 3369 2740 3424 et
2795 3355 3075 3446 publice

538 3442 1023 3532 pronunciavit
1055 3463 1127 3511 se
1173 3464 1333 3512 cum
1384 3443 1579 3512 asino
1629 3465 1755 3513 suo
1795 3456 2044 3512 terram
2080 3444 2270 3513 illius
2322 3446 2823 3535 ingressurum,
2869 3458 2932 3513 et
2958 3466 3073 3513 co-

540 3532 726 3621 piam
777 3532 886 3600 sui
937 3553 1007 3600 se
1047 3530 1417 3600 facturum.
1455 3530 1629 3613 Quid
1686 3532 1950 3600 multa?
1997 3533 2322 3614 Quamvis
2357 3534 2481 3602 iter
2535 3534 2816 3623 longum
2867 3546 3067 3613 esset,

537 3634 764 3689 tamen
816 3621 1090 3690 asinum
1144 3641 1346 3690 suum
1383 3632 1649 3689 mutare
1677 3621 1929 3689 noluit:
1968 3620 2086 3691 sed
2121 3622 2403 3691 transito
2432 3624 2667 3690 Rheno
2694 3645 2850 3691 cum
2876 3622 3073 3691 asino

537 3731 688 3787 su0,
732 3709 1018 3777 inermis
1066 3720 1129 3777 et
1188 3707 1437 3777 debilis
1487 3722 1736 3777 terram
1791 3709 1978 3778 illius
2036 3711 2312 3780 Comitis
2353 3711 2650 3780 intravit.
2694 3717 2821 3780 Nec
2872 3711 3074 3798 longe

540 3811 693 3886 post
741 3796 855 3865 ille
908 3797 1096 3887 pacis
1144 3797 1473 3866 inimicus
1524 3798 1855 3887 languore
1902 3811 2282 3887 correptus,
2329 3800 2607 3879 interiit,
2659 3815 2723 3869 ct
2776 3798 3080 3867 reddidit

536 3886 743 3954 simul
799 3886 1005 3954 tinem
1043 3885 1342 3954 malitiae
1380 3897 1444 3954 et
1505 3888 1703 3956 vitae.
1745 3889 1852 3956 Sic
1911 3888 2175 3977 pacatis
2222 3889 2571 3968 omnibus,
2613 3888 3078 3973 fratribusque

540 3978 750 4043 Deum
806 3974 1206 4043 timentibus
1245 3974 1502 4053 electis,
1542 3976 1612 4043 in
1667 3976 1887 4045 tribus
1924 3976 2234 4045 ecclesiis
2261 3978 2344 4046 de
2369 3978 2604 4046 eodem
2648 3976 2903 4046 allodio
2930 3977 3075 4046 cul-

541 4074 690 4132 tum
743 4063 857 4133 Dei
888 4062 1078 4131 omni
1129 4075 1432 4152 tempore
1474 4065 1942 4154 peragendum
1987 4065 2350 4135 ordinavit.

627 4152 663 4236 ξ
709 4154 873 4222 33.
929 4155 1095 4220 Cum
1147 4164 1374 4221 autem
1429 4154 1497 4221 in
1550 4155 1903 4223 Franciam
1958 4169 2423 4231 reverteretur,
2478 4169 2541 4223 et
2591 4153 2771 4223 fama
2805 4154 2890 4222 de
2914 4177 3080 4223 con·

536 4238 845 4308 versione
907 4263 988 4309 su
1047 4239 1287 4309 radicti
1336 4242 1717 4332 principis,
1789 4242 2206 4312 mirantibus
2258 4240 2538 4323 multis,
2606 4243 3083 4334 divulgaretur

536 4327 719 4426 quod
748 4349 928 4398 cum
1044 4329 1236 4398 abitu
1285 4330 1355 4398 in
1408 4331 1824 4401 monasteria
1872 4343 2204 4402 mutasset
2250 4346 2494 4411 castra,
2556 4345 2912 4417 totumque
2961 4337 3086 4401 Co-

540 4428 859 4487 mitatum
921 4418 1195 4489 servitio
1244 4421 1357 4489 Dei
1427 4422 1922 4511 mancipasset:
1994 4421 2305 4511 exemplo
2369 4422 2519 4509 ejus
2586 4432 2977 4493 commotus
3023 4433 3088 4491 et
