3357 4995
678 336 802 400 624-
1262 352 1340 399 nn
1387 349 1477 402 ss.
1536 349 1901 400 pronaeae
1948 353 2023 399 ET
2071 350 2272 400 socns
2320 350 2433 399 un.
2781 330 2996 400 JUNII
3049 333 3142 397 28

587 459 741 506 eum
784 441 1007 506 viram
1040 442 1489 528 Apostolorum
1523 442 1918 529 Episcopum
1951 449 2012 507 ct
2041 444 2404 528 Martyrem
2435 438 2624 506 dicit.
2667 439 2850 508 Idem
2883 437 3144 506 asserit

589 539 828 607 auctor
876 527 1034 596 libri
1084 529 1579 609 Quaestionum
1635 541 1700 596 et
1763 529 2313 617 Responsionum
2366 528 2452 595 ad
2504 528 2954 606 Orthodox05‚
3008 528 3135 612 qui

589 616 767 684 inter
815 620 1033 705 Opera
1079 617 1335 686 Justini
1371 618 1684 702 Martyris
1736 618 2054 706 vulgatus
2080 629 2202 696 est,
2258 617 2704 706 responsione
2737 616 2823 684 ad
2859 628 3133 701 quaest.

592 709 741 773 4115.
798 708 871 773 At
944 711 1006 773 S.
1064 707 1433 795 Gregorius
1508 712 1796 795 Magnus
1845 711 1912 774 L.
1967 730 2076 785 1x,
2149 706 2358 795 Epist.
2420 712 2544 784 50,
2600 706 2686 773 ad
2741 704 3136 774 Aetherium

590 794 1119 893 Lugdunensem
1156 796 1581 884 episcopum,
1638 796 2108 880 conqueritur,
2162 795 2345 881 quod
2395 801 2463 862 B.
2515 795 2773 863 Irenaei
2832 806 3024 883 gesta
3073 806 3140 860 et

593 895 872 971 scripta,
928 906 966 951 a
1017 905 1086 953 se
1138 883 1260 952 diu
1309 884 1718 969 conquisita,
1774 885 2072 973 reperire
2122 906 2254 952 non
2310 885 2627 971 potuerit.
2678 883 2804 952 Sed
2847 882 3141 971 scripto·

593 994 747 1040 rum
799 973 1132 1061 optimam
1186 986 1443 1060 partem
1500 972 1859 1052 habemuS,
1902 974 2139 1042 Libros
2170 972 2432 1041 scilicet
2457 975 2767 1058 quinque
2801 971 3141 1039 adversus

596 1060 932 1141 haereses,
978 1074 1040 1129 et
1076 1061 1358 1147 aliquot,
1409 1075 1484 1129 ut
1526 1084 1736 1150 supra
1768 1062 2029 1129 dictum
2081 1074 2203 1142 est,
2250 1062 2699 1150 epistolarum
2751 1059 3144 1149 fragmenta

593 1151 779 1239 apud
834 1150 1232 1226 Eusebium;
1288 1150 1405 1219 sed
1448 1150 1712 1219 utinam
1757 1156 1912 1218 Acta
1963 1151 2167 1218 etiam
2205 1152 2471 1239 integra
2518 1163 2584 1219 et
2631 1171 2797 1219 sana
2847 1149 3142 1218 habere-

596 1260 778 1306 muS.
839 1245 1085 1307 Eorum
1137 1239 1415 1325 quidem
1468 1238 1932 1328 fragmentum
1971 1263 2007 1307 a
2060 1262 2131 1307 se
2183 1253 2524 1328 repertum
2575 1237 2789 1307 fuisse
2838 1237 3144 1306 affirmat

596 1328 932 1397 Baronius
980 1329 1045 1395 in
1081 1328 1263 1396 Notis
1312 1328 1395 1395 ad
1452 1328 2024 1418 Martyrologium
2068 1333 2350 1396 Rom.et
2380 1328 2449 1395 in
2495 1327 2877 1395 Annalibus
2909 1326 3144 1394 Eccle-

597 1416 783 1486 siast.
846 1416 929 1484 ad
981 1438 1241 1484 annum
1298 1423 1447 1496 2105,
1508 1439 1574 1484 n.
1645 1422 1753 1495 ²28,
1809 1417 1925 1485 sed
1982 1439 2101 1485 nec
2155 1417 2380 1506 ipsum
2453 1438 2762 1502 unquam
2824 1414 3136 1503 protulit.

596 1505 699 1573 Ibi
752 1504 949 1573 refert
986 1504 1236 1573 milites
1275 1506 1485 1594 jussu
1526 1506 1748 1574 Severi
1800 1506 2242 1594 Imperatoris
2276 1507 2517 1575 urbem
2558 1504 2976 1593 Lugdunum
3009 1504 3143 1571 cir-

596 1594 1056 1669 cumdedisse,
1113 1594 1482 1679 statimque
1529 1617 1771 1663 omnes
1807 1594 2228 1663 Christianos
2258 1596 2376 1680 qui
2429 1594 2495 1661 in
2540 1616 2618 1662 ea
2669 1594 2927 1662 inventi
2980 1605 3146 1681 sunt

597 1681 808 1752 fuisse
840 1683 1309 1762 obtruncatos,
1368 1697 1569 1769 atque
1604 1683 1782 1751 inter
1830 1683 2001 1752 alios
2040 1689 2422 1761 Irenaeum,
2467 1703 2671 1769 quem
2729 1694 2881 1770 post
2914 1682 3145 1749 varios

596 1771 947 1839 cruciatus
970 1770 1303 1849 occisum,
1343 1771 1652 1861 sepelivit
1689 1772 2046 1841 Zacharias
2091 1772 2318 1840 Presb.
2355 1776 2764 1839 Innumeros
2814 1776 3145 1859 Martyres

599 1882 758 1928 cum
814 1864 1092 1927 Irenaeo
1150 1859 1537 1929 interfectos
1596 1860 1808 1929 fuisse
1867 1874 2152 1930 testatur
2208 1861 2412 1929 etiam
2464 1860 2832 1949 Gregorius
2882 1865 3140 1927 Turon.

602 1948 801 2016 Libro
836 1953 895 2015 l.
935 1949 1290 2017 Historiar.
1331 1972 1523 2017 num.
1563 1956 1669 2027 29,
1711 1972 1914 2036 quem
1953 1950 2021 2016 in
2062 1962 2300 2038 crypta
2338 1954 2400 2017 S.
2449 1949 2739 2018 Joannis
2788 1948 3144 2037 sepultum

603 2035 815 2105 fuisse
864 2038 958 2105 ait
1002 2042 1066 2105 L.
1117 2042 1177 2105 l.
1232 2037 1315 2105 de
1350 2037 1578 2106 Gloria
1628 2044 2027 2127 Martyrum,
2069 2044 2134 2105 C.
2192 2045 2298 2115 503
2335 2061 2512 2124 quae
2561 2037 2796 2106 omnia
2829 2036 2971 2106 Ado
2995 2058 3146 2104 cae-

602 2126 862 2210 terique
902 2125 1539 2215 Martyrologiorum
1579 2130 1949 2216 scriptores
1982 2127 2331 2196 inseruere
2372 2127 2455 2194 ad
2486 2127 2669 2195 diem
2691 2132 3138 2195 xxviii-lun...

603 2220 669 2283 S.
724 2215 985 2283 Irenaei
1039 2216 1476 2299 martyrium,
1531 2230 1866 2302 quantum
1920 2216 2170 2303 conjici
2207 2228 2446 2305 potest,
2486 2237 2669 2284 anno
2702 2215 3144 2284 circiterccm

600 2304 910 2394 contigit.
975 2303 1140 2391 Ejus
1203 2303 1628 2373 festivitatem
1692 2305 2000 2372 recolunt
2065 2306 2298 2373 Graeci
2347 2304 2458 2372 die
2507 2326 2665 2373 xxm
2715 2310 2914 2394 Aug,
2984 2324 3142 2371 cum

601 2393 813 2460 altero
864 2397 1146 2461 Irenaeo
1198 2393 1676 2461 Sirmiensium
1745 2395 2098 2483 Episcopo
2169 2399 2325 2462 Acta
2384 2398 2447 2462 S.
2505 2394 2767 2461 Irenaei
2820 2392 3137 2482 Lugdun.

599 2504 774 2567 quae
833 2481 1243 2572 legebantur
1289 2481 1359 2550 in
1425 2482 1593 2551 Cods
1640 2487 1768 2550 MS.
1825 2482 2301 2564 Cistercieusi,
2357 2482 2518 2551 talia
2583 2504 2717 2551 non
2782 2495 2946 2553 sunt
2993 2482 3142 2570 (ait

600 2570 858 2658 Ram),
907 2584 981 2639 ut
1025 2572 1201 2639 inter
1250 2571 1518 2639 sincera
1550 2584 1613 2640 et
1654 2573 1953 2661 genuina
2010 2571 2233 2641 locum
2288 2573 2540 2642 habere
2588 2572 2906 2640 debeant.

662 2870 799 2970 SS.
879 2869 1497 2986 PLUTARCHI,
1557 2871 1959 2988 SERENI,
2013 2867 2657 2985 HERACLIDIS,
2712 2868 3091 2970 HEROIS

1332 3069 1580 3169 VEL
1676 3049 2428 3169 HERONICIS

1551 3283 2206 3368 MARTYRIUM

961 3529 1163 3593 ITEM
1214 3527 1614 3593 ALTERIUS
1666 3527 1982 3603 SEREM,
2038 3524 2603 3592 ΡΟΤΑΜΙΟΕΝΑΕ
2652 3524 2824 3589 ETC.

707 3711 784 3756 Ex
835 3709 1128 3756 ffls‘ronn.
1175 3705 1641 3756 Ecctnsmsnm
1693 3707 1946 3754 Eusnnn
1994 3705 2415 3754 CAESAREENS.
2467 3685 2604 3752 Lib.
2661 3692 2724 3763 6,
2784 3686 2945 3775 Cap.
3012 3693 3048 3752 4

1225 3814 1611 3864 imarum
1655 3812 1897 3863 suanm:
1931 3812 2525 3862 emusroraonsono

1687 3979 1885 4034 Anno
1929 3981 2074 4035 295.

695 4165 732 4251 ξ
778 4167 856 4234 1.
910 4165 1079 4231 Cum
1126 4161 1401 4251 egregia
1466 4161 1790 4252 Origenes
1839 4162 2012 4231 vitae
2057 4183 2138 4231 ex
2185 4160 2562 4251 sapientiae
2609 4158 2995 4249 praeceptis
3045 4156 3160 4225 di—

608 4251 865 4321 vinitus
913 4250 1265 4322 institutae
1294 4249 1628 4340 exempla,
1670 4251 1779 4322 his
1806 4251 1925 4337 qui
1955 4250 2040 4320 ad
2084 4251 2313 4339 ipsum
2362 4247 2866 4318 observandum
2913 4244 3163 4317 oculos

607 4340 1045 4430 adjiciebant,
1112 4339 1617 4430 proposuisset,
1686 4340 1928 4409 merito
1986 4339 2267 4426 quidem
2332 4336 2726 4428 complures
2792 4358 2871 4405 ex
2942 4335 3158 4407 disci·

613 4429 799 4521 pulis
846 4429 932 4498 ad
982 4429 1209 4499 simile
1241 4428 1417 4499 vitae
1466 4449 1687 4519 genus
1737 4427 2024 4499 libenter
2050 4425 2583 4519 amplexandum
2617 4424 3045 4517 provocavit:
3082 4434 3162 4493 ut
