3357 4995
213 355 416 422 IUNII
473 356 496 418 1
1064 372 1143 417 nn
1190 371 1245 418 s.
1300 369 1606 418 carnasm
1653 370 1895 417 ΑΒΒΑΤΕ
2583 354 2655 418 21

212 458 637 549 propositum
687 454 881 526 cordi
946 454 1098 543 ejus
1159 455 1663 545 inspiraverat,
1728 453 2011 546 gerendi
2060 454 2353 545 gratiam
2421 468 2485 525 et
2546 456 2756 545 perfi-

212 547 431 617 ciendi
474 545 801 614 virtutem
843 543 1284 614 ministravit.

290 643 329 717 ἓ
375 639 472 707 8.
527 638 776 704 Beatus
831 632 853 700 i
908 633 1046 703 itur
1094 632 1462 724 caprasius
1514 654 1721 704 verus
1769 631 2016 703 Christi
2072 630 2489 721 discipulus,
2548 656 2758 705 mun-

209 725 464 794 danam
535 721 731 791 illam
796 743 867 791 re
901 722 1196 810 inquens
1256 721 1800 812 Philosophiam,
1842 720 2322 811 Evangelicam
2386 743 2758 812 aggressus

201 825 301 884 est
359 811 840 901 disciplinam.
894 810 1226 900 Inprimis
1288 810 1800 900 possessioneS,
1847 823 1912 879 et
1958 830 2439 897 quaecumque
2503 810 2571 879 in
2626 811 2756 881 hoc

200 900 437 972 seculo
485 899 747 969 habere
778 910 1062 989 poterat,
1118 920 1352 968 amore
1393 898 1640 969 Christi
1681 910 2145 979 contemnere,
2189 898 2758 988 pauperibusque

136 1048 153 1055 -
200 990 625 1060 distribuere
653 987 1022 1078 disposuit.
1068 987 1549 1078 Evangelicam
1583 1010 1658 1056 er
1706 1010 1746 1057 o
1779 986 1920 1056 illis
1952 986 2314 1079 expeditus
2346 987 2758 1077 aggreditur

206 1088 718 1169 paupertatem,
770 1097 1082 1163 onusque
1147 1076 1544 1147 mundanae
1597 1011 2064 1146 soqicitudinis
2121 1076 2428 1166 deponit,
2463 1088 2528 1145 et
2563 1076 2762 1167 jux'ta

202 1165 509 1258 Apostoli
557 1165 972 1246 doctrinam,
1024 1187 1203 1253 quae
1250 1177 1428 1234 retro
1478 1178 1644 1236 sunt
1690 1164 2129 1243 obliviscens,
2168 1163 2253 1253 ad
2294 1185 2374 1233 ea
2399 1186 2600 1251 ·quae
2633 1188 2757 1234 an-

201 1257 454 1325 teriora
502 1267 689 1333 sunt,
744 1275 817 1322 se
863 1252 1186 1323 extendit.
1236 1253 1484 1323 Omnia
1534 1253 1748 1343 hujus
1776 1253 1998 1323 seculi
2044 1253 2617 1342 concupiscibilia
2647 1277 2762 1324 ar—

198 1345 502 1414 bitratus
539 1354 643 1412 est
680 1355 758 1411 ut
805 1351 1126 1412 stercora.
1162 1354 1245 1413 ,ut
1294 1342 1643 1411 Christum
1688 1341 2163 1412 lucrifaceret:
2208 1355 2274 1412 et
2322 1354 2398 1412 ut
2438 1342 2570 1412 soli
2620 1348 2755 1413 Deo

198 1431 494 1502 liberius
542 1442 835 1511 vacaret,
888 1451 1025 1499 non
1076 1430 1301 1500 solum
1353 1430 1582 1510 corde,
1636 1430 1757 1499 sed
1807 1430 2014 1500 etiatn
2063 1452 2350 1521 corpore
2397 1431 2485 1500 ab
2526 1432 2757 1501 homi-

203 1543 379 1590 num
436 1519 834 1609 aspectibus
894 1530 961 1588 et
1018 1518 1234 1590 seculi
1283 1520 1802 1589 conversatione
1851 1520 2154 1600 recessit,
2206 1531 2271 1588 et
2327 1520 2398 1588 in
2449 1521 2758 1606 quadam

202 1622 395 1679 arcta
420 1608 756 1695 aridaque
799 1606 1170 1677 solitudine
1229 1607 1676 1678 monasticam
1739 1608 1941 1677 vitam
1997 1608 2280 1688 ducere,
2341 1607 2760 1680 solitariam-

196 1719 342 1786 que
400 1684 933 1767 institutionem'
969 1696 1252 1787 aggredi
1313 1696 1739 1766 deliberavit.
1802 1701 1879 1764 In
1943 1718 2080 1783 qua
2154 1696 2490 1766 nimirum
2538 1698 2756 1767 eremi

199 1786 584 1857 solitudine
615 1783 703 1854 ad
753 1796 1020 1856 tantum
1070 1785 1403 1856 virtutum
1452 1785 1723 1874 apicem
1773 1797 2135 1875 provectus
2183 1798 2307 1864 est,
2347 1797 2424 1855 ut
2475 1807 2611 1855 non
2646 1809 2758 1856 so-

202 1875 357 1945 lum
404 1872 683 1963 sibiipsi
732 1872 1134 1963 proficeret,
1190 1872 1306 1943 sed
1378 1873 1586 1943 etiam
1648 1872 2331 1964 quamplurimorum
2388 1877 2519 1943 Deo
2572 1875 2757 1944 mili-

203 1963 508 2033 tantium
560 1961 1060 2033 monachorum
1108 1966 1305 2031 Pater
1350 1973 1416 2033 et
1461 1961 1603 2031 dux
1648 1961 2059 2043 efficeretur,
2097 1963 2220 2049 qui
2259 1963 2412 2052 ejus
2441 1963 2758 2054 exempla

202 2064 550 2124 sectantes
598 2050 854 2141 pariter
898 2062 963 2120 et
1008 2050 1394 2121 doctrinam
1422 2105 1437 2131 ‚
1477 2050 1688 2120 latam
1754 2051 1932 2121 viam
1999 2063 2064 2121 et
2124 2053 2548 2140 spatiosam,
2583 2073 2764 2141 quae

201 2141 401 2211 ducit
447 2140 536 2209 ad
589 2150 901 2219 mortem,
951 2139 1365 2218 deserentes,
1405 2152 1663 2209 arctam
1705 2161 1883 2227 quae
1920 2139 2114 2209 ducit
2163 2140 2248 2209 ad
2297 2141 2505 2210 vitam
2542 2150 2763 2211 aeter-

204 2250 397 2310 nam,
442 2228 708 2297 Christo
756 2239 1055 2307 auctore,
1109 2227 1381 2317 ingredi
1428 2228 1958 2298 contendebant.

296 2320 339 2405 ξ
384 2322 472 2391 4.
526 2322 792 2387 Interea
838 2317 990 2405 ejus
1053 2316 1452 2407 magisterio
1500 2337 1573 2386 se
1620 2315 1934 2387 subdidit
1984 2317 2099 2388 ille
2149 2318 2398 2387 Christi
2449 2316 2755 2398 Praesul,

204 2407 506 2486 virtute,
561 2405 944 2475 sacerdotio
989 2416 1054 2474 et
1102 2404 1384 2474 nomine
1433 2409 1860 2487 HonoratuS,
1927 2407 2303 2477 Lirinensis
2353 2408 2757 2477 monasterii

204 2501 405 2565 Pater
435 2551 451 2577 ,
500 2494 625 2582 qui
691 2492 1134 2584 postmodum
1183 2492 1556 2564 Arelatensi
1626 2494 1969 2566 Ecclesiae
2019 2494 2316 2586 praefuit
2377 2495 2761 2586 Episcopus

200 2585 591 2676 (videwSur.
653 2587 789 2652 Vol.
844 2586 901 2664 I,
1010 2582 1244 2671 .338):
1289 2583 1403 2653 oui
1449 2584 1655 2652 etiam
1706 2583 2019 2654 adhaesit
2130 2584 2580 2676 retiosissima
2640 2583 2760 2652 illa

204 2694 489 2764 gemma
538 2672 808 2741 interno
854 2607 1222 2760 spssndore
1272 2672 1661 2772 perspicua,
1697 2672 1942 2743 beatus
1981 2673 2048 2740 vi
2101 2673 2301 2742 elicet
2350 2671 2751 2752 VenantiUS,

200 2761 526 2849 ejusdem
575 2766 640 2830 S.
686 2761 1014 2830 Honorati
1060 2760 1290 2841 frater,
1332 2782 1454 2847 qui
1485 2761 1691 2831 ambo
1724 2759 2110 2851 praefatum
2153 2770 2469 2830 sanctum
2513 2781 2751 2829 senem

203 2848 613 2939 Caprasium
666 2869 790 2938 pro
838 2871 964 2919 suo
1012 2849 1186 2918 vitae
1237 2848 1478 2936 merito
1515 2862 1581 2919 et
1627 2850 1921 2919 eximiae
1968 2849 2354 2919 sanctitatis
2391 2871 2756 2939 praeroga·

203 2940 343 3007 tiva
371 2937 698 3037 (Domino
732 2938 832 3008 sic
870 2937 1266 3027 ordinante)
1314 2952 1669 3026 tamquam
1719 2943 1989 3009 Patrem
2039 2949 2105 3007 et
2152 2937 2631 3008 Ordinatorem
2683 2939 2754 3007 in

210 3031 527 3106 Domino,
582 3038 787 3114 atque
835 3026 1189 3097 custodem
1248 3049 1416 3097 suae
1483 3025 1714 3096 adhuc
1764 3039 2035 3097 tenerae
2081 3028 2324 3098 aetatis
2370 3027 2753 3119 elegerunt.

201 3115 337 3199 Qui
382 3114 629 3185 videns
675 3115 1063 3205 praedictos
1126 3116 1575 3206 egregiosque
1607 3113 1787 3186 duos
1808 3116 2101 3205 juvenes
2137 3115 2483 3186 Christum
2525 3116 2768 3186 sitien-

206 3218 334 3284 teS,
385 3208 816 3273 Honoratum
857 3203 1173 3274 videlicet
1218 3218 1423 3291 atque
1483 3204 1920 3286 venantium,
1982 3205 2282 3295 patriam·
2324 3227 2403 3275 ac
2445 3215 2767 3295 parentes

206 3315 337 3383 pro
384 3292 655 3362 Christo
694 3291 865 3363 velle
917 3292 1332 3380 relinquere,
1384 3314 1627 3363 eorum
1676 3296 2076 3384 approbans
2123 3293 2586 3384 propositum,
2643 3315 2767 3383 per

204 3394 428 3451 terras
475 3381 832 3468 mariaque
863 3401 980 3451 eos
1017 3380 1301 3451 assidue
1346 3382 1718 3452 comitatus
1764 3393 1890 3463 est,
1946 3382 2106 3452 licet
2143 3382 2274 3451 'am
2308 3394 2488 3451 esset
2523 3382 2767 3452 aetatis

204 3471 541 3561 gravitate
587 3469 960 3540 confectus.
1000 3471 1445 3541 Transcursis
1490 3470 1728 3560 igitur,
1766 3493 1805 3541 e
1833 3471 2110 3541 Nicome
2166 3470 2230 3539 ia
2260 3470 2366 3560 (a)
2399 3470 2765 3540 immensis

205 3572 431 3630 terrae
479 3558 830 3646 marisque
876 3558 1121 3649 spatiis
1151 3613 1166 3640 ,
1223 3559 1326 3627 vir
1373 3559 1644 3628 Domini
1696 3561 2066 3649 Caprasius
2112 3580 2274 3629 cum
2324 3558 2601 3629 duobus
2645 3579 2763 3628 re-

202 3646 490 3739 galibus
537 3647 868 3738 geminiS,
920 3652 1267 3717 Honorato
1315 3646 1580 3717 scilicet
1622 3658 1691 3716 et
1736 3648 2116 3727 venantio,
2184 3646 2605 3738 Cisalpinam
2657 3648 2767 3716 in-

205 3757 495 3828 gressus
545 3735 997 3824 provinciam,
1050 3735 1310 3806 talibus
1363 3735 1837 3826 lampadibus,
1883 3735 2048 3814 fidei
2097 3737 2259 3825 igne
2305 3735 2761 3827 fulgentibUS,

204 3835 527 3894 sanctam
577 3822 881 3894 insulam
932 3824 1357 3895 Lirinensem
1408 3823 1801 3895 illustravit.
1844 3830 1920 3894 In
1962 3846 2261 3913 quorum
2295 3825 2600 3894 adventu
2646 3825 2768 3895 illa

208 3934 408 3983 sacra
460 3911 839 3982 Lirinensis
887 3912 1121 3983 insula
1166 3912 1403 3983 divino
1453 3935 1611 3983 mox
1657 3926 1763 3983 est
1809 3913 2032 3984 cultui
2084 3914 2503 4004 mancipata,
2570 3935 2763 3984 sum-

208 4022 365 4071 mae
416 4000 777 4090 religionis
824 4000 1184 4092 privilegio
1233 4000 1579 4071 decorata.

256 4171 261 4174 ,
377 4094 469 4161 ὅ.
534 4092 586 4159 Ο
635 4087 795 4159 felix
853 4089 1185 4162 virtutum
1235 4090 1608 4190 magister,
1683 4090 1805 4178 qui
1871 4102 2098 4162 tantos
2156 4112 2236 4160 ac
2295 4089 2464 4162 tales
2514 4090 2766 4162 meruit

205 4176 298 4248 ha
348 4199 466 4248 ere
515 4176 945 4268 discipulos!
999 4181 1051 4249 Ο
1096 4177 1475 4250 laudabilis
1545 4191 1781 4270 pastor
1836 4179 2233 4250 animarum
2265 4234 2281 4261 ‚
2334 4180 2455 4267 qui
2523 4178 2767 4250 talium

257 4323 324 4374 (a)
353 4323 480 4363 Hinc
508 4321 732 4370 opinatus
759 4322 1010 4372 saussajus
1037 4325 1113 4365 est
1140 4323 1548 4365 nicomediensem
1575 4324 1724 4365 ruisse
1753 4325 2052 4374 Csprqum;
2092 4326 2141 4365 at
2169 4324 2398 4366 venantio
2433 4324 2635 4373 patriam
2672 4323 2767 4362 sta·

206 4377 365 4417 tunt
394 4376 658 4420 Graeciam,
686 4377 884 4426 ejusque
912 4377 1106 4417 tratrem
1132 4378 1428 4418 Honoratum
1456 4378 1638 4418 dixerat
1654 4378 1999 4422 Arelatensem3
2028 4380 2079 4418 in
2098 4378 2254 4419 Gallia
2270 4377 2579 4427 probabiliter
2601 4376 2651 4415 hi
2669 4375 2768 4415 tres

458 4431 610 4475 luere.
636 4429 807 4469 deinde
835 4430 1151 4472 Nicomediam
1179 4440 1376 4482 peregre
1403 4431 1618 4491 protecti,
1644 4431 1755 4472 inde
1777 4432 1887 4472 navi
1915 4433 1965 4472 in
1995 4432 2177 4480 syriam
2215 4433 2263 4471 et
2301 4433 2586 4478 Aegyptum:
2621 4437 2769 4477 quare

208 4481 332 4525 hin
355 4480 590 4525 dicuntur
615 4483 847 4534 Aegyptiae
862 4484 1020 4525 Patren
1037 4489 1202 4526 nostrae
1220 4482 1381 4538 0011&ae
1402 4484 1637 4532 intulisse,
1654 4485 1781 4527 idest
1799 4486 2135 4536 Aegyptiorum
2154 4485 2239 4526 1³1³.
2267 4483 2579 4524 sanctitatem.
