3357 4995
174 323 398 390 JUNII
448 326 530 389 24
875 345 952 390 nn
998 345 1370 392 ΝΑΤΙνιτΑτΕ
1419 345 1475 391 s.
1528 344 1791 393 JOANNIS
1841 346 2017 392 nArr.
2509 331 2636 394 517

177 423 529 523 nascentis
574 433 640 492 et
686 425 1152 497 conversantis
1210 425 1589 514 integritas,
1646 427 1714 494 in
1752 426 1947 495 libris
1983 425 2409 516 Evangelicis
2446 427 2721 517 plenius

178 525 603 601 assignatur.

269 604 305 687 ξ
354 605 447 670 8.
502 601 866 671 Considera
917 601 1316 672 nunciantis
1365 602 1886 684 sublimitatem,
1931 604 2338 694 dignitatem
2390 604 2543 684 loci,
2585 605 2720 673 diei

180 691 658 769 reverentiam,
723 706 788 759 et
855 704 1015 760 tunc
1080 691 1459 781 intelligere
1509 693 1783 781 poteris,
1837 715 2049 779 quam
2109 716 2318 782 super
2366 693 2724 762 excellenti

180 779 402 867 gloria
431 778 726 848 Joannis
776 781 1115 868 Baptistae
1154 782 1469 869 genitura
1522 783 1973 870 praedicetur.
2032 782 2226 850 Salva
2275 783 2484 871 igitur
2541 805 2723 852 reve-

182 869 403 937 rentia
436 869 934 957 RedemptoriS.
991 869 1155 955 quia
1206 892 1340 938 non
1376 870 1793 958 derogamus
1835 872 2024 959 Regi,
2084 873 2141 941 si
2195 873 2396 960 Regis
2432 870 2719 939 militem

184 957 628 1035 honoramus,
673 980 833 1025 cum
885 958 999 1026 ille
1050 958 1403 1034 Dominus,
1462 960 1573 1028 liic
1607 983 1885 1029 servus:
1926 925 2039 1028 iile
2075 965 2366 1038 Creator,
2409 974 2726 1029 creatura

182 1047 331 1114 iste:
368 1046 668 1133 digniori
698 1048 1353 1135 praemonstratione
1377 1049 1684 1116 Joannes
1713 1049 2108 1126 nunciatur,
2143 1071 2352 1134 quam
2384 1049 2718 1117 Christus

181 1134 492 1203 Christus
544 1133 849 1203 fortassis
899 1137 966 1203 in
1020 1136 1342 1214 thalamo,
1395 1143 1696 1205 Joanncs
1747 1139 1814 1203 in
1870 1137 2157 1236 templo:
2204 1152 2267 1205 et
2309 1160 2439 1204 non
2493 1137 2720 1206 solum

182 1224 257 1290 in
308 1222 587 1312 temp10,
640 1225 757 1292 sed
814 1225 1016 1293 etiam
1068 1238 1223 1293 ante
1273 1239 1509 1293 sancta
1555 1239 1950 1293 sanctorum
2011 1249 2076 1292 in
2133 1227 2387 1314 insigni
2447 1226 2557 1294 die
2608 1249 2715 1294 so-

182 1311 556 1380 lemnitatis
595 1334 858 1382 eorum.
912 1313 1208 1382 Joannes
1240 1316 1326 1382 ab
1360 1314 1595 1382 eodem
1648 1315 2072 1403 Arcliangelo
2108 1317 2173 1383 in
2212 1315 2357 1382 loco
2387 1315 2712 1404 digniori,

186 1413 490 1490 ternpore
542 1401 917 1478 sacratiori,
972 1402 1293 1491 apertiori
1338 1403 1672 1471 miraculo
1727 1403 2180 1491 praedicatur.
2237 1403 2479 1472 Recole
2531 1409 2720 1474 'Isaac

182 1491 271 1558 ab
330 1488 605 1578 Angelis
656 1492 1085 1570 nunciatum,
1143 1497 1587 1579 Sampsonem
1646 1514 1763 1581 per
1813 1492 2141 1580 Angelum
2219 1492 2716 1581 praedicatum,

182 1591 248 1646 et
297 1578 688 1646 universam
728 1584 1217 1647 Nazaraeorum
1257 1594 1506 1648 sectam
1545 1581 2026 1668 circumspice,
2083 1581 2446 1667 solumque
2499 1581 2721 1669 Bapti-

183 1679 357 1735 stam
413 1679 547 1735 tam
585 1666 651 1734 in
698 1668 847 1747 hoc,
885 1690 1091 1755 quam
1144 1669 1212 1735 in
1264 1669 1443 1746 aliis,
1488 1669 1793 1737 invenies
1834 1669 2249 1757 digniorem.

274 1758 310 1840 ,Q
359 1760 443 1827 4.
502 1756 858 1824 Secundus
912 1758 1129 1825 honor
1161 1769 1282 1836 est,
1325 1757 1774 1826 sanctificatio
1826 1759 1894 1825 in
1959 1771 2189 1826 ventre
2241 1759 2500 1827 matris.
2559 1758 2724 1838 Qui-

184 1866 485 1929 cumque
533 1845 615 1910 de
671 1868 895 1913 massa
948 1847 1511 1934 praevaricatrice
1553 1847 1894 1914 mundum
1948 1848 2401 1932 ingredimur,
2442 1847 2717 1933 longam

186 1946 431 2001 restem
474 1933 833 2022 originalis
883 1936 1141 2023 peccati
1192 1936 1531 2004 trahimus
1570 1936 1955 2004 nobiscum.
2005 1936 2203 2005 Solus
2239 1936 2372 2012 ille,
2416 1937 2536 2021 qui
2569 1958 2719 2023 pec-

185 2034 415 2090 catum
451 2044 585 2089 non
638 2022 814 2100 fecit,
855 2023 1215 2111 excipitur,
1270 2046 1469 2108 quem
1528 2024 1892 2112 virginalis
1929 2025 2299 2102 thalamus,
2362 2025 2717 2112 ignorante

188 2110 356 2188 vir0,
417 2111 613 2179 terris
645 2111 906 2181 ell'udit.
956 2117 1178 2201 Longe
1229 2113 1486 2201 quippe
1521 2113 1717 2180 aliter
1763 2126 1827 2180 et
1864 2112 2189 2180 dissimili
2243 2114 2442 2181 inodo
2472 2136 2716 2181 conce-

189 2211 347 2287 ptus
397 2211 518 2275 est,
576 2201 831 2288 Spiritu
867 2206 1111 2268 Sancto
1142 2213 1271 2269 tota
1303 2202 1653 2287 majestate
1696 2203 2035 2289 Virginem
2081 2202 2484 2277 inundante,
2519 2216 2720 2286 atque

186 2287 589 2366 mundante,
645 2311 981 2377 superans
1044 2313 1251 2358 usum
1300 2291 1551 2368 carnis,
1614 2304 1897 2358 naturae
1953 2290 2289 2369 ordinem,
2360 2291 2481 2357 viri
2533 2313 2719 2358 com—

190 2374 611 2443 mixtionem.
647 2378 753 2444 Sic
805 2380 971 2467 quip
1000 2403 1060 2444 ie
1092 2378 1396 2456 decebat,
1444 2393 1517 2446 ut
1554 2390 1907 2467 peccatum
1945 2380 2257 2456 nesciret,
2292 2379 2409 2464 qui
2448 2391 2724 2468 peccata

186 2462 494 2544 tollebat,
552 2478 623 2533 ut
671 2402 1198 2536 similitudinem
1249 2467 1477 2536 carnis
1532 2469 1786 2556 peccati
1847 2469 2245 2556 susciperet,
2304 2490 2435 2534 non
2489 2481 2716 2535 autem

190 2575 463 2622 carnem
520 2557 801 2643 peccati.
849 2563 1010 2625 tium
1058 2557 1267 2645 igitur
1297 2580 1536 2625 omnes
1589 2559 1653 2624 in
1694 2559 2178 2643 iniquitatibus
2218 2557 2528 2644 concepti
2557 2557 2719 2635 sint,

188 2643 533 2711 neminem
578 2666 879 2730 unquam
923 2646 1314 2715 mortalium
1346 2646 1522 2714 intra
1558 2660 1866 2715 materna
1910 2648 2166 2714 viscera
2216 2646 2720 2714 sanctificatum

186 2731 504 2820 legimus,
563 2744 826 2821 praeter
870 2736 1237 2802 Jeremiam
1312 2748 1377 2802 et
1441 2736 1771 2803 ,loannem
1831 2736 2239 2824 Baptistarn:
2298 2754 2722 2819 quamquam

185 2831 249 2887 et
306 2821 389 2887 de
440 2821 779 2909 singulari
842 2823 1114 2912 Virgine
1162 2823 1354 2891 nulla
1404 2826 1489 2891 sit
1532 2824 1974 2912 ambiguitaS,
2058 2824 2226 2909 quin
2281 2824 2426 2910 ipsa
2478 2834 2727 2889 mater-

186 2908 295 2976 nis
370 2909 825 3000 circumsepta
900 2912 1321 2988 visceribus,
1394 2914 1787 2981 sublimiori
1859 2912 2420 2981 sanctificationis
2477 2932 2727 2997 genere

186 2998 516 3066 mundata
566 3000 675 3078 sit,
716 3013 945 3089 utpote
996 3002 1372 3069 sacrarium
1436 3002 1633 3079 illud,
1693 3003 1757 3067 in
1795 3024 1932 3087 quo
1987 3006 2156 3069 Deus
2209 3000 2322 3067 Dei
2357 2998 2544 3067 silius
2578 3021 2728 3067 car-

190 3107 344 3154 nem
384 3087 603 3159 fuerat
651 3102 1124 3178 suscepturus.
1182 3090 1306 3170 Sed
1362 3090 1561 3180 longe
1614 3091 1840 3158 minor
1875 3091 2210 3158 .lere1niae
2246 3089 2721 3167 sanctil'icatiO,

184 3197 392 3259 quam
444 3178 755 3255 mannis,
812 3179 925 3246 ille
964 3179 1243 3263 quidem
1288 3180 1352 3245 in
1391 3181 1624 3247 matris
1657 3193 1849 3248 utero
1884 3179 2378 3253 sanctificatus,
2429 3177 2540 3245 hic
2573 3177 2728 3275 Spi-

189 3264 323 3331 ritu
360 3270 604 3333 Sancto
638 3266 937 3353 repletus
974 3268 1184 3336 fuisse
1231 3269 1693 3355 cognoscitur.
1737 3269 1941 3336 Multo
1976 3267 2234 3356 quippe
2282 3265 2727 3335 excellentius

186 3364 307 3430 est,
364 3355 621 3442 Spiritu
678 3362 921 3424 Sancto
971 3356 1239 3445 repleri,
1281 3378 1487 3440 quam
1543 3357 1994 3427 sanctificari:
2053 3356 2146 3423 ibi
2187 3356 2368 3424 enim
2421 3354 2729 3422 sanctifi—

185 3442 360 3510 catio
408 3443 994 3521 emundationem,
1036 3445 1145 3512 hic
1197 3444 1478 3533 repletio
1530 3445 2052 3513 inundationem
2096 3444 2466 3533 significat.
2527 3442 2728 3511 Deni-

184 3552 317 3615 que
365 3544 429 3598 et
484 3534 807 3621 Apostoli,
870 3534 990 3618 qui
1044 3533 1367 3601 manibus
1415 3534 1562 3601 suis
1612 3546 2072 3601 tractaverunt
2126 3533 2210 3601 de
2263 3532 2473 3600 Verbo
2527 3532 2722 3610 vitae,

186 3641 344 3687 cum
414 3620 745 3708 Spiritum
815 3627 1137 3690 Sanctum
1206 3621 1290 3689 de
1368 3621 1734 3690 Salvatoris
1804 3622 2230 3710 accepissent
2292 3621 2562 3697 afflatu,
2624 3620 2730 3688 vix

185 3708 764 3799 quinquagesimo
805 3734 844 3778 a
909 3710 1428 3779 resurrectionis
1478 3712 1587 3778 die
1635 3711 1722 3779 ad
1780 3710 1974 3778 illum
2027 3709 2320 3798 gradum
2373 3709 2730 3798 pervenire

187 3807 577 3883 potuerunt,
616 3810 694 3867 ut
726 3798 1067 3867 diceretur
1096 3800 1180 3866 de
1212 3799 1352 3866 eis:
1394 3799 1652 3888 Itepleti
1696 3812 1858 3867 sunt
1890 3821 2128 3867 omnes
2157 3798 2416 3888 Spiritu
2450 3803 2721 3866 Sancto.

190 3888 265 3951 Et
298 3883 453 3953 licet
508 3887 806 3976 Spiritus
862 3894 1150 3956 Sanctus
1192 3888 1468 3975 largiori
1507 3903 1669 3956 tunc
1707 3910 1990 3956 munere
2037 3888 2463 3956 credentium
2517 3886 2727 3954 corda

190 3971 567 4059 repleverit,
627 3975 754 4044 hoc
807 3990 1030 4044 tamen
1072 3982 1375 4045 Joannes
1435 3978 1501 4044 in
1555 3990 1748 4045 utero
1801 3977 2048 4066 legitur
2103 3988 2484 4054 assecutuS,
2541 3974 2728 4060 quod

188 4063 567 4147 Apostolica
595 4064 930 4133 celsitudo
977 4065 1247 4133 tandem
1287 4065 1565 4154 largiori
1607 4066 2064 4154 promissione
2107 4066 2358 4134 meruit
2390 4064 2724 4133 obtinere.

188 4150 488 4229 Attende,
542 4153 846 4233 obsecr0‚
901 4153 1268 4243 diligenter
1313 4176 1522 4240 quam
1567 4154 1884 4221 ordinata
1918 4154 2369 4244 dispositione
2431 4153 2730 4242 Spiritus

188 4234 304 4335 ille
340 4237 697 4329 multiplex
742 4243 1118 4311 Jeremiam
1172 4243 1597 4322 sanctificat,-
1636 4242 1879 4332 implet
1911 4249 2270 4323 Joannem‚
2337 4241 2732 4339 supervenit

187 4347 256 4393 in
310 4327 615 4395 Mariam.
671 4335 746 4399 Et
787 4331 1133 4400 Jeremiae
1202 4331 1481 4416 quidem
1541 4330 1956 4399 admiranda
2028 4331 2500 4408 sanctificatio,
2555 4350 2722 4414 quta

185 4415 311 4486 etsi
382 4415 452 4482 in
528 4432 803 4504 peccato
881 4431 1253 4508 conceptus
1314 4433 1457 4499 est,
1522 4421 1834 4490 nascitur
1911 4433 2136 4488 tamen
2205 4419 2353 4489 sine
2424 4429 2721 4508 peccato.
