3357 4995
256 327 294 391 J
307 326 478 391 UNII
528 326 608 390 ,14
1164 347 1242 392 na
1290 347 1347 394 s.
1402 344 1648 393 axsitio
1700 344 1916 393 MAGNO
2606 327 2733 393 323

261 429 508 498 annuit
534 428 878 518 precibuS,
907 430 1226 516 venitque
1255 452 1413 500 cum
1444 430 1769 501 fidelibus
1790 430 1957 502 viris
1986 430 2070 499 ad
2102 430 2503 501 Jordanem:
2539 431 2635 500 ibi
2672 443 2820 500 tum

259 517 554 587 Basilius
603 518 673 585 in
711 518 862 608 ripa
909 519 1318 600 consistens,
1372 519 1571 589 humi
1620 541 1691 589 se
1797 520 2136 610 rostravit,
2177 533 2244 588 et
2289 541 2450 589 cum
2514 520 2819 589 clamore

259 606 485 675 valido
556 619 622 675 et
706 606 1035 696 lacrymis
1110 608 1381 697 petebat
1425 631 1468 678 a
1532 613 1667 678 Deo
1715 632 1754 678 a
1790 609 1997 696 iquod
2071 631 2238 678 suae
2311 607 2474 677 fidei
2535 610 2818 699 signum

251 694 555 765 ostendi:
596 716 1025 785 surgensque
1062 718 1224 766 cum
1260 709 1574 780 tremore,
1606 698 1757 768 suis
1781 719 1853 766 se
1887 698 2194 768 vestibus
2226 697 2501 787 spoliat,
2537 718 2817 783 unaque

248 806 411 854 cum
463 782 605 855 illis
652 797 947 854 veterem
985 784 1170 855 exuit
1219 785 1600 855 hominem:
1638 785 2202 873 descendensque
2235 786 2306 855 in
2358 807 2601 873 aquas,
2659 808 2818 855 ora-

248 874 390 943 bat.
449 876 870 943 Una-autem
920 874 1126 943 etiarn
1178 874 1496 946 sacerdos
1526 874 1908 956 descendit,
1952 897 2251 962 eumque
2292 875 2684 965 baptizavit.
2742 880 2820 944 Et

248 983 409 1031 ecce
454 962 835 1031 coruscusi
890 962 998 1032 nis
1046 961 1291 1033 incidit
1338 985 1547 1053 super
1594 985 1734 1045 eOS,
1770 977 1974 1051 atque
2003 986 2083 1034 ex
2112 963 2353 1034 eodem
2400 963 2676 1056 fulgure
2708 987 2821 1034 co-

252 1050 495 1120 lumba
532 1052 698 1119 exiit
724 1051 795 1119 in
878 1051 1236 1133 ordanem,
1278 1052 1706 1140 turbansque
1740 1075 2019 1140 aquam,
2052 1052 2380 1123 revolavit
2408 1053 2475 1120 in
2512 1052 2810 1123 coelum.

252 1145 345 1209 Eo
392 1139 562 1221 viso,
614 1140 736 1226 qui
787 1139 1153 1221 astabant,
1210 1140 1455 1212 timore
1526 1143 1857 1232 correpti,
1912 1142 2474 1233 glorificaverunt
2538 1147 2808 1211 Deum:

255 1249 489 1318 porro,
509 1228 806 1299 Basilius
854 1229 1265 1319 baptizatu5‚
1320 1230 1528 1301 exivit
1574 1231 1660 1301 ab
1718 1232 1943 1318 aquis,
1998 1230 2366 1300 Admirans
2414 1253 2572 1301 vero
2613 1231 2818 1300 Maxi-

257 1340 416 1388 mus
463 1318 836 1407 episcopus
883 1317 1117 1388 Basilii
1166 1317 1237 1386 in
1289 1323 1502 1389 Deum
1554 1341 1858 1389 amorem
1892 1375 1908 1402 ,
1961 1341 2169 1389 orans
2220 1318 2448 1388 induit
2493 1342 2655 1389 eum
2705 1341 2810 1387 re-

171 1467 184 1480 .
256 1406 710 1476 surrectionis
739 1406 990 1476 Christi
1010 1406 1457 1478 vestimentis.
1492 1410 1863 1499 Baptizavit
1910 1422 2138 1484 autem
2192 1408 2397 1477 etiam
2433 1408 2809 1489 Eubblum,

256 1516 669 1585 ungensque
717 1516 833 1564 eos
868 1516 1061 1565 sacro
1110 1495 1527 1577 chrismate,
1575 1497 1857 1567 tradidit
1906 1497 2045 1567 illis
2101 1496 2441 1566 vivificam
2493 1518 2812 1566 commu-

257 1584 566 1652 nionem:
622 1584 1022 1673 rogavitque
1070 1584 1400 1655 Basilium
1443 1585 1627 1655 idem
1661 1587 1778 1656 Dei
1826 1585 2169 1665 sacerdos,
2222 1599 2299 1656 ut
2331 1607 2538 1656 orans
2575 1585 2812 1654 cibum

255 1684 573 1762 caperet:
626 1672 814 1759 quod
862 1686 927 1742 et
974 1672 1156 1753 fecit,
1201 1673 1464 1743 dicens:
1502 1676 1787 1745 Domine
1831 1681 2000 1746 Jesu
2021 1675 2306 1756 Christe,
2345 1679 2807 1755 Deusnoster,

254 1760 464 1830 credo
522 1761 748 1831 verbis
798 1761 1145 1852 Evangelii
1203 1762 1351 1844 tui,
1407 1765 1606 1854 spero
1658 1786 1744 1833 ue
1792 1764 1862 1832 in
1915 1764 2337 1855 benignitate
2395 1775 2513 1832 tua
2576 1763 2812 1832 cibum

237 1861 644 1942 ⁶potumque
695 1850 1106 1951 percipiens,
1153 1851 1486 1921 adversus
1517 1853 1631 1921 dia
1683 1852 1870 1922 olum
1907 1853 2268 1922 nobiscum
2299 1852 2808 1942 confligentem,

259 1938 347 2007 ad
399 1937 703 2008 futuram
751 1938 949 2008 nobis
983 1940 1199 2008 sancti
1239 1941 1537 2029 Spiritus
1571 1942 1668 2010 tui
1701 1941 2275 2032 cooperationem.
2320 1946 2617 2030 Stupens
2658 1962 2813 2010 vero

263 2028 379 2096 Dei
419 2028 741 2097 sacerdos
789 2028 876 2096 ad
911 2026 1105 2097 illius
1138 2028 1369 2108 fidem,
1409 2031 1680 2119 repetiit
1724 2052 1867 2101 una
1914 2053 2072 2100 cum
2111 2029 2250 2100 illis
2284 2042 2594 2099 sanctam
2644 2029 2813 2097 civi-

261 2127 495 2185 tatem:
549 2116 672 2186 ubi
704 2138 864 2186 cum
898 2138 1183 2188 ,annum
1236 2139 1454 2189 unum
1511 2118 1872 2200 fecissent,
1942 2118 2026 2188 de
2066 2119 2423 2188 communi
2481 2119 2817 2188 sententia

261 2217 596 2274 venerunt
643 2205 1097 2275 Antiochiam.
1159 2210 1236 2276 Et
1285 2207 1578 2278 Basilius
1627 2207 1908 2295 quidem
1965 2209 2097 2278 sub
2162 2207 2423 2277 Meletio
2492 2207 2815 2296 episcopo

264 2291 408 2361 illic
457 2293 793 2364 diaconus
840 2293 1199 2363 ordinatus
1251 2308 1375 2375 est,
1433 2296 2000 2386 parabolicosque
2048 2318 2398 2366 sermones
2448 2318 2607 2364 cum
2669 2318 2816 2364 om-

264 2381 460 2451 nium
497 2383 953 2452 admiratione
999 2382 1386 2454 edisseruit.

350 2472 388 2557 §
427 2474 520 2541 9.
573 2476 650 2541 At
699 2493 837 2542 non
868 2471 991 2541 diu
1031 2484 1184 2561 post
1222 2494 1380 2541 cum
1420 2473 1690 2542 Eubulo
1721 2473 1904 2543 venit
1950 2474 2021 2542 in
2064 2474 2547 2563 Cappadocum
2585 2472 2809 2562 regio-

259 2581 472 2628 nem:
526 2560 647 2630 ubi
699 2583 857 2630 cum
915 2561 1294 2651 ingressuri
1344 2574 1573 2632 essent
1643 2565 2038 2632 Caesaream
2073 2618 2088 2643 ,
2153 2576 2350 2633 nocte
2398 2584 2517 2652 per
2589 2561 2811 2630 visum

259 2648 553 2718 Eusebio
619 2650 770 2739 ejus
841 2649 1040 2719 urbis
1087 2650 1424 2740 Episcopo
1501 2650 1793 2721 revelata
1867 2650 1997 2720 fuit
2063 2672 2299 2720 eorum
2372 2650 2805 2740 praesentia,

256 2737 584 2824 quodque
635 2737 965 2809 Basilium
991 2751 1169 2808 esset
1198 2761 1664 2810 successorem
1714 2739 2103 2810 habiturus.
2160 2744 2227 2809 Is
2279 2741 2507 2826 itaque
2564 2738 2813 2808 excita-

264 2839 401 2907 ωε,
459 2827 912 2896 reverendum
964 2827 1048 2896 ad
1101 2849 1172 2895 se
1219 2829 1507 2898 accersit
1553 2828 2148 2910 archidiaconum,
2202 2840 2269 2897 et
2321 2827 2658 2915 quosdam
2707 2848 2818 2895 ve·

259 2914 607 2985 nerabiles
653 2915 940 2986 clericos
972 2940 985 2983 :
1040 2915 1297 3003 quibus
1332 2938 1490 2986 cum
1528 2918 1859 2987 visionem
1891 2929 2299 2997 enarrasset,
2338 2917 2525 2986 misit
2569 2936 2686 2985 eos
2726 2914 2812 2985 ad

256 3003 659 3073 orientalem
712 3004 909 3074 urbis
955 3017 1248 3094 portam.
1304 3005 1452 3075 Illis
1481 3028 1637 3075 vero
1687 3006 2128 3087 abeuntibuS,
2160 3005 2434 3075 obviam
2462 3004 2623 3074 facti
2652 2998 2829 3074 suns

256 3093 328 3160 in
380 3095 628 3163 urbem
659 3093 1166 3184 ingredientes:
1197 3116 1498 3183 cumque
1543 3097 1632 3165 ab
1660 3095 1800 3165 illis
1832 3095 2179 3185 conspecti
2213 3106 2279 3165 et
2309 3094 2525 3184 agniti
2558 3105 2808 3174 essent,

253 3182 475 3271 rogati
526 3195 691 3251 sunt
728 3181 921 3251 adire
955 3182 1200 3273 Episco
1254 3205 1398 3251 um.
1432 3184 1564 3265 Qui
1610 3197 1687 3254 ut
1746 3184 1902 3254 illos
1942 3184 2111 3253 vidit
2159 3184 2532 3263 intrantes,
2579 3182 2815 3251 obstu-

259 3271 411 3358 puit
442 3270 528 3339 ad
569 3270 858 3342 visionis
892 3205 1450 3352 similitudinem,
1505 3285 1572 3341 et
1618 3273 1877 3363 gratias
1924 3274 2062 3363 egit
2110 3277 2280 3343 Deo:
2336 3271 2547 3342 simul
2605 3271 2810 3339 etiam

207 3446 221 3457 θ
260 3371 701 3447 percontatus
747 3372 850 3429 est
896 3382 978 3428 ex
1006 3359 1171 3440 illis,
1214 3359 1401 3429 unde
1431 3361 1828 3431 venirentet
1855 3384 1994 3449 quo
2043 3362 2375 3432 haberent
2414 3362 2564 3440 iter,
2611 3360 2814 3446 quive

257 3460 691 3518 vocarentur.
728 3449 822 3518 Iis
869 3448 1166 3538 cognitis
1194 3503 1209 3530 ,
1253 3449 1467 3538 jussit
1515 3450 1872 3521 ministros
1922 3451 2023 3521 eis
2074 3472 2383 3521 mensam
2436 3470 2806 3538 apponere.

260 3537 463 3606 Ducti
495 3549 660 3607 sunt
705 3559 869 3629 ergo
918 3537 989 3605 in
1040 3536 1385 3636 insignem
1435 3539 1808 3625 quemdam
1863 3539 2118 3617 locum,
2166 3553 2232 3608 et
2278 3539 2591 3628 apposita
2636 3558 2814 3623 quae

257 3625 346 3695 ad
399 3626 709 3715 corporis
755 3644 994 3695 curam
1031 3638 1470 3714 pertinerent.
1528 3627 1778 3697 Eadem
1834 3641 2060 3698 autem
2104 3627 2271 3696 hora
2331 3627 2813 3697 sanctissimus

252 3713 635 3805 Episcopus
683 3715 976 3785 civitatis
1023 3714 1286 3784 clerum
1336 3737 1747 3798 convocans,
1802 3716 2047 3787 factam
2096 3716 2230 3785 sibi
2280 3740 2321 3784 a
2370 3720 2502 3785 Deo
2551 3713 2811 3784 revela-

253 3803 526 3872 tionem·
560 3802 702 3873 illis
749 3804 1087 3894 exposuit,
1125 3804 1246 3890 qui
1296 3827 1438 3873 una
1487 3828 1645 3875 voce
1695 3806 2038 3875 dixerunt:
2078 3810 2332 3874 Revera
2380 3804 2633 3873 meruit
2682 3804 2809 3872 hoc

254 3891 524 3981 puritas
564 3893 740 3961 vitae
778 3905 955 3971 tuae,
992 3905 1067 3961 ut
1099 3914 1178 3961 ex
1231 3893 1346 3961 Dei
1394 3894 1744 3963 voluntate
1794 3894 2215 3963 indicaretur
2265 3894 2413 3974 tibi,
2451 3894 2609 3980 quis
2660 3904 2813 3982 post

253 3996 316 4049 te
365 3980 867 4051 hierarchicam
919 3980 1162 4051 debeat
1203 4003 1451 4052 ornare
1499 3982 1756 4051 sedem.
1825 3984 2002 4053 Nihil
2053 4006 2216 4073 ergo
2263 3983 2651 4059 haesitans,
2706 3980 2813 4049 fac

250 4068 436 4156 quod
477 4070 600 4140 tibi
640 4070 865 4139 visum
916 4083 1037 4139 est.
1093 4070 1347 4140 Acclvit
1402 4072 1633 4158 itaque
1681 4074 1766 4142 ad
1818 4095 1888 4141 se
1938 4072 2266 4142 Basilium
2321 4085 2386 4139 et
2432 4069 2807 4149 Eubulum,

253 4159 616 4249 coepitque
663 4181 820 4229 cum
874 4159 973 4228 eis
1022 4161 1317 4229 scrutari
1353 4160 1790 4249 Scripturas:
1830 4161 2351 4246 admiratusque
2386 4159 2673 4249 pelagus
2706 4159 2814 4225 in-

255 4248 604 4318 haerentis
651 4249 750 4317 eis
801 4248 1199 4337 sapientiae,
1257 4248 1520 4318 habens
1567 4271 1683 4318 eos
1730 4250 1966 4319 dextra
2015 4250 2339 4335 laevaque
2401 4259 2813 4318 sustentato-

254 4357 390 4415 reS,
447 4358 584 4405 non
635 4335 855 4406 multo
905 4348 1058 4427 post
1094 4337 1382 4409 excessit
1427 4360 1464 4406 e
1512 4337 1709 4409 vivis.
2111 4346 2141 4423 s

347 4427 385 4511 ξ
431 4429 589 4497 1⁰.
646 4426 1132 4496 Convenientes
1179 4447 1342 4516 ergo
1405 4426 1726 4518 Episcopi
1776 4432 2022 4498 Sancto
2074 4427 2335 4517 Spiritu
2382 4425 2453 4494 id
2515 4434 2805 4513 agente,
