3357 4995
260 347 478 411 JUNII
527 347 608 412 24
954 367 1030 411 nr,
1077 365 1454 411 lanivii-Am
1503 366 1558 411 s.
1611 364 1874 411 Jomms
1924 365 2101 411 BAPT.
2193 403 2198 404 ἢ
2588 351 2716 414 523

264 451 575 521 mortalis
628 451 900 520 dextera
961 462 1331 519 contrectat
1395 463 1458 519 et
1516 450 1875 539 contingit.
1953 455 2151 520 Pavet
2207 451 2517 529 coelum,
2578 465 2805 542 stupet

268 552 469 618 terra,
505 539 836 608 Jordanis
885 539 1178 618 arridet,
1219 539 1560 608 mirantur
1610 539 2040 628 Archangeli,
2093 540 2460 609 Dominum
2507 541 2805 610 Sabaoth

266 629 441 697 inter
476 650 724 697 manus
763 629 1175 718 baptizantis
1221 627 1512 696 includi.
1569 627 1741 709 Quid
1800 640 1900 697 est
1946 628 2298 699 Joannes?
2346 629 2689 698 Cherubin
2741 643 2807 699 et

267 717 598 806 Seraphin
651 719 752 785 vix
802 717 1058 786 audent
1108 716 1467 806 respicere,
1522 730 1586 785 et
1637 729 1711 785 tu
1760 716 2024 785 nudum
2080 730 2303 786 tenere
2356 720 2800 807 praesumis?

264 808 387 876 Hic
416 819 559 885 est,
592 806 659 873 in
694 828 898 892 quem
929 805 1320 875 desiderant
1355 805 1588 895 Angeli
1626 806 2036 895 prospicere,
2076 806 2236 886 cui,
2275 812 2590 888 SanctuS,
2635 812 2806 876 San·

267 911 439 974 ctuS,
495 900 807 974 SanctuS,
863 893 1146 963 sublimi
1197 894 1651 963 melodiarum
1704 915 1961 984 organo
2011 897 2246 964 beatae
2294 896 2589 964 civitatis
2636 918 2801 965 con-

271 997 506 1053 ventus
553 985 957 1072 ingeminat,
995 983 1115 1069 qui
1158 982 1346 1052 solus
1380 983 1639 1052 habitat
1672 983 1895 1051 lucem
1948 983 2521 1065 inaccessibilem,
2579 986 2806 1054 Domi-

264 1096 397 1142 nus
426 1074 785 1152 virtutum,
818 1077 990 1140 Deus
1024 1072 1494 1151 scientiarum,
1535 1073 2169 1141 misericordiarum
2200 1078 2413 1151 Pater,
2459 1087 2523 1142 et
2554 1086 2627 1143 tu
2663 1097 2796 1144 non

266 1162 564 1231 metuis?
611 1160 759 1228 Tibi
815 1161 1051 1229 datum
1103 1175 1247 1239 est,
1293 1164 1477 1248 quod
1528 1160 1855 1228 omnibus
1901 1173 2002 1229 est
2054 1176 2403 1250 negatum.
2459 1162 2804 1253 baptizare

264 1273 448 1329 eum,
503 1249 623 1336 qui
670 1251 969 1340 baptizat
1008 1251 1077 1316 in
1131 1250 1390 1338 Spiritu
1442 1255 1709 1328 SanctO,
1765 1263 1830 1317 et
1881 1251 2060 1339 igne,
2115 1250 2605 1340 virginemque
2653 1253 2802 1320 Vir-

263 1340 444 1430 ginis
485 1338 734 1417 stlium,
784 1339 1107 1427 virgineis
1158 1339 1481 1408 manibus
1530 1339 1848 1406 irrorare.
1900 1344 2105 1407 Totus
2160 1340 2533 1429 obstupe0,
2573 1342 2799 1430 bapti-

264 1442 525 1497 zantem
593 1428 1082 1513 hominemque
1133 1431 1341 1496 Deum
1382 1448 1710 1503 revereor,
1769 1427 2176 1516 magistrum
2229 1427 2628 1517 dignantem
2680 1429 2802 1496 ad-

264 1518 499 1593 miror,
555 1538 788 1584 vereor
835 1516 1344 1605 dignationem,
1399 1529 1462 1583 et
1517 1515 1866 1583 hominem
1922 1516 2116 1585 video
2167 1516 2557 1586 violentiam
2628 1518 2804 1606 ipsis

264 1605 468 1676 coelis
504 1604 775 1673 inferre.
834 1610 1036 1672 Porro
1080 1603 1249 1672 illud
1301 1604 1503 1690 quale
1551 1617 1674 1684 est,
1712 1604 1894 1690 quod
1949 1605 2015 1673 in
2069 1605 2197 1673 isto
2232 1606 2642 1694 baptismate
2674 1619 2804 1675 ter-

265 1695 569 1762 minatur
609 1694 735 1772 lex,
794 1694 997 1761 {inem
1042 1694 1292 1781 accipit
1333 1693 1717 1782 Prophetia,
1754 1706 1817 1761 et
1865 1694 2094 1761 omnis
2127 1693 2248 1761 illa
2297 1695 2796 1764 sacrificiorum

264 1782 634 1851 multitudo
686 1782 1148 1871 propulsatur,
1189 1794 1253 1850 et
1294 1781 1626 1871 pellitur?
1660 1782 1783 1850 Hic
1821 1782 2061 1870 incipit
2101 1797 2166 1850 et
2199 1783 2547 1852 stabilitur
2589 1806 2802 1852 novae

266 1872 803 1960 regenerationis
856 1870 1294 1959 perduranda
1336 1871 1677 1959 purgatiO,
1715 1884 1779 1939 et
1828 1871 1894 1937 in
1950 1892 2158 1939 unam
2197 1870 2632 1957 baptismatis
2665 1872 2802 1941 for-

266 1983 445 2027 mam
513 1959 837 2048 legalium
905 1971 1263 2028 transeunt
1326 1959 1692 2047 dispendia
1752 1959 2161 2048 figurarum.
2215 1959 2310 2027 Ad
2370 1960 2796 2030 ablutionem

262 2049 444 2116 enim
484 2069 721 2134 aquae,
762 2060 824 2114 et
852 2048 1345 2116 invocationem
1387 2049 1705 2136 SpirituS,
1755 2047 2083 2136 sepelitur
2123 2049 2472 2117 hircorum
2525 2062 2589 2118 et
2623 2052 2800 2118 vitu-

268 2137 487 2204 lorum
541 2137 1070 2226 sanguinolenta
1118 2137 1495 2226 congeries,
1541 2149 1604 2205 et
1649 2158 1892 2227 pecora
1951 2137 2316 2224 pecoribus
2361 2137 2641 2206 Judaeis
2698 2161 2800 2206 re-

266 2225 673 2310 linquimus,
728 2223 899 2292 illud
936 2225 1332 2293 Davidicum
1370 2226 1794 2294 attendentes
1827 2250 1839 2291 :
1883 2230 2359 2294 Holocaustum
2407 2238 2470 2294 et
2497 2251 2618 2316 pro
2646 2252 2799 2316 pec-

267 2325 412 2380 cato
446 2338 573 2381 non
597 2316 957 2402 postulasti
982 2315 1119 2402 (Ps.
1157 2318 1292 2397 39).

351 2407 386 2486 ς’
439 2407 581 2472 12.
636 2406 927 2470 Octavus
977 2403 1194 2470 honor
1250 2417 1389 2483 est,
1446 2403 1669 2491 prima
1722 2401 2039 2470 revelatio
2105 2401 2188 2469 de
2253 2401 2577 2470 Trinitate
2623 2403 2678 2469 ⁴⁸.
2753 2410 2798 2470 A

263 2491 603 2560 creatione
650 2490 817 2560 coeli
868 2506 931 2559 et
982 2507 1195 2560 terrae.
1230 2515 1448 2578 usque
1478 2492 1559 2559 ad
1599 2491 1786 2561 hunc
1820 2492 2071 2569 locum,
2112 2513 2466 2577 nunquam
2502 2492 2796 2561 Trinitas

262 2580 667 2648 hominibus
708 2580 1064 2649 manifeste
1095 2581 1437 2669 apparuit,
1484 2581 1597 2649 sed
1647 2602 1871 2648 rerum
1906 2593 1971 2647 et
2003 2579 2365 2648 verborum
2419 2580 2797 2649 involucris

262 2669 567 2737 involuta
611 2670 739 2737 fuit
785 2682 1007 2737 tantae
1045 2669 1375 2739 claritatis
1425 2670 1815 2740 aeternitas.
1867 2671 2168 2755 Denique
2215 2670 2627 2737 creationem
2675 2670 2796 2737 ho-

263 2758 473 2825 minis
523 2764 791 2826 Creator
840 2780 1070 2826 rerum
1122 2780 1393 2827 summa
1443 2744 1776 2847 dignitate
1825 2760 2352 2826 commendans:
2410 2759 2791 2832 Faciamus,

264 2847 511 2931 inquit,
551 2847 898 2914 hominem
950 2846 1033 2913 ad
1079 2848 1451 2935 imaginem
1502 2860 1566 2915 et
1615 2845 2142 2915 similitudinem
2196 2859 2527 2915 nostram.
2586 2852 2794 2914 Reve—

261 2936 553 3002 rendum
594 2957 821 3003 revera
873 2934 1332 3024 privilegium,
1376 2958 1497 3003 nec
1545 2935 1672 3004 ulli
1711 2935 2037 3004 traditum
2087 2948 2466 3003 creaturae.
2521 2941 2799 3003 creatur

261 3022 374 3091 illa
431 3023 796 3092 sublimior
847 3025 1301 3092 numerositas
1350 3024 1791 3111 Angelorum,
1850 3037 1913 3092 et
1946 3023 2439 3092 elementorum
2483 3024 2794 3091 omnium

262 3112 619 3181 ordinatur
670 3113 924 3180 variata
964 3112 1318 3190 connexio,
1385 3112 1498 3180 sed
1561 3112 2053 3201 omnipotentis
2103 3113 2485 3198 praesentia
2522 3125 2791 3180 tantum

262 3223 435 3288 opus
486 3201 618 3269 alta
676 3201 1134 3269 taciturnitate
1187 3213 1590 3289 prospectat.
1650 3200 1742 3270 Ut‘
1770 3222 1924 3269 vero
1974 3205 2244 3271 venitur
2283 3202 2366 3268 ad
2419 3201 2792 3279 hominem,

261 3302 324 3357 ct
358 3289 610 3358 nobilis
643 3307 952 3358 creatura
990 3290 1208 3357 creari
1247 3290 1659 3378 disponitur,
1702 3290 2000 3378 accingit
2030 3312 2100 3357 se
2127 3291 2421 3357 Trinitas
2450 3290 2530 3356 ad
2563 3311 2799 3356 crean—

262 3378 453 3459 dum,
508 3392 573 3445 et
621 3378 993 3446 consilium
1046 3378 1296 3467 accipit
1345 3379 1706 3468 sapientia,
1764 3394 1834 3447 ut
1885 3393 2238 3447 creaturae
2269 3378 2573 3467 dignitas
2604 3384 2799 3446 Crea-
2893 3380 2898 3385 ’

262 3467 426 3534 toris
464 3467 819 3555 privilegio
851 3466 1033 3534 clara
1084 3490 1231 3535 esse
1281 3481 1719 3537 monstretur.
1776 3474 1905 3537 Nec
1944 3467 2038 3536 ibi
2081 3482 2302 3535 tamen
2349 3468 2514 3534 satis
2568 3480 2798 3555 aperte

262 3554 533 3622 divinae
568 3556 940 3641 majestatis
981 3555 1251 3624 eluxere
1286 3556 1641 3635 vocabula,
1677 3578 1837 3624 cum
1874 3556 1957 3623 ad
2011 3556 2299 3645 Angelos
2347 3555 2798 3641 obsequentes

262 3644 542 3728 quidam
578 3644 873 3711 referant
905 3644 1119 3712 divini
1149 3646 1487 3713 sermonis
1512 3644 1898 3724 oraculum,
1940 3643 2065 3724 vel,
2106 3645 2161 3713 si
2208 3645 2441 3712 minus
2473 3645 2599 3712 hoc
2631 3667 2796 3712 cau-

257 3746 399 3800 tum
452 3746 575 3809 est,
636 3734 905 3800 sionata
951 3733 1309 3821 pluralitas
1359 3735 1619 3819 absque
1670 3733 2036 3802 nominum
2089 3733 2475 3802 differentia
2527 3733 2795 3822 praedi--

259 3834 488 3888 cetur:
542 3822 717 3889 Abra
773 3843 881 3890 am
937 3836 1069 3891 tres
1107 3822 1293 3900 vidit,
1343 3836 1407 3891 et
1456 3846 1674 3891 unum
1719 3822 2050 3890 adoravit.
2107 3822 2232 3890 Sed
2265 3835 2329 3891 et
2375 3822 2470 3891 ibi
2504 3823 2799 3911 scriptu—

260 3931 371 3975 rae
420 3933 653 3979 sacrae
702 3912 1077 3979 reverentia
1121 3933 1304 3979 nunc
1356 3912 1646 3989 mixtim,
1707 3933 1890 3979 nunc
1939 3911 2306 4000 separatim
2357 3910 2618 3979 claudit
2657 3910 2795 3978 elo-

260 3999 526 4082 quium,
582 4013 657 4067 ut
708 4000 908 4067 modo
962 4001 1350 4079 Dominum,
1408 4000 1610 4068 modo
1653 4001 1831 4069 viros
1881 3998 2569 4088 placeatnorninare.

349 4090 383 4169 ,ξ
430 4091 576 4157 133.
628 4088 869 4156 ludaei
922 4101 1146 4156 tamen
1202 4089 1474 4188 longam
1529 4089 1639 4156 hic
1693 4100 1923 4157 texunt
1983 4088 2535 4177 reprehensionis
2595 4110 2793 4177 para-

265 4172 516 4252 bolam,
555 4189 687 4245 tres
736 4176 1024 4266 Angelos
1073 4201 1110 4244 a
1162 4183 1447 4245 Domino
1483 4177 1732 4247 missos
1765 4188 2254 4257 asseverantes,
2294 4199 2513 4248 unum
2552 4178 2635 4245 ad
2674 4200 2792 4244 na-

266 4262 588 4329 tivitatem
646 4270 830 4333 Isaac
869 4265 1421 4355 praedicendam,
1462 4266 1635 4336 duos
1685 4266 1768 4334 ad
1823 4266 2185 4335 Sodomam
2237 4266 2787 4336 subvertendam.

259 4348 456 4417 lllum
520 4352 752 4433 enim,
806 4374 962 4422 cuin
1014 4377 1150 4441 quo
1202 4356 1469 4424 locutus
1517 4369 1617 4425 est
1669 4356 1952 4444 justus,
2021 4355 2296 4424 dicens:
2350 4355 2673 4433 Domine,
2731 4354 2786 4422 si

304 4477 326 4501 *
358 4475 412 4513 ln
432 4474 606 4515 Christi
628 4476 908 4525 baptismate
928 4479 1205 4525 insistet-ium
1226 4479 1291 4517 Ss.
1313 4479 1562 4517 Trinitatis
1581 4479 1732 4526 primo
1755 4478 2008 4518 revelatur.
