3357 4995
270 345 494 412 JUNII
545 345 624 409 1l4
1180 361 1259 408 nr:
1309 362 1366 410 s.
1418 359 1666 410 mismo
1715 360 1930 410 meno
2613 345 2741 410 325

271 447 491 516 dividi
539 446 896 516 infantem:
936 459 1001 516 et
1048 468 1210 516 cum
1249 463 1491 515 omnes
1525 447 2148 528 communicarent,
2202 448 2495 518 accessit
2540 458 2605 518 et
2638 448 2824 539 ipse:

273 536 570 623 dataque
615 549 717 607 est
763 536 827 605 ei
883 535 1131 617 hostia,
1184 557 1340 604 vere
1396 540 1563 605 Caro
1610 535 1811 605 facta.
1867 536 2036 606 Inde
2105 537 2369 627 accepit
2414 549 2478 606 et
2539 538 2828 607 calicem

274 626 629 715 Sanguine
663 625 1026 715 repletum,
1085 624 1189 694 uti
1225 646 1457 694 revera
1494 637 1635 694 est:
1706 624 1897 697 illius
1946 647 2219 713 quoque
2276 627 2619 717 particeps
2668 627 2831 696 effe-

269 727 468 794 ctuS,
539 714 904 802 utriusque
968 713 1261 783 servavit
1308 714 1672 800 reliquiaS‚
1726 727 1791 784 et
1859 715 2101 784 abiens
2149 715 2476 794 domum,
2533 715 2832 784 ostendit

271 804 479 873 uxori
526 825 691 873 suae
737 803 808 871 in
871 803 1217 873 dictorum
1267 802 1890 885 confirmationem,
1946 805 2382 890 narravitque
2448 802 2619 890 quid
2683 805 2831 873 suis

269 893 424 983 ipse
451 893 676 962 oculis
717 893 1205 982 conspexisset.
1260 896 1498 977 Itaque
1545 891 1858 971 credens,
1910 892 2499 979 quemadmodum
2553 914 2625 961 re
2674 915 2832 962 vera

269 994 396 1062 est,
437 981 870 1050 tremendum
911 1002 1062 1051 esse
1111 981 1518 1070 mysterium
1563 981 2135 1061 Christianorum,
2181 981 2393 1050 altera
2444 981 2598 1051 luce
2647 983 2829 1050 venit

269 1069 358 1139 ad
402 1070 759 1150 Basiliam,
802 1070 1159 1160 postulans
1206 1070 1357 1138 sine
1404 1069 1734 1139 dilatione
1782 1092 1854 1140 se
1885 1071 2133 1139 Christi
2183 1070 2382 1160 signo
2402 1071 2822 1161 consignari.

211 1225 214 1230 ,
271 1164 569 1228 Sanctus
601 1170 826 1228 autem
878 1159 1247 1249 episcopus
1293 1158 1469 1226 nihil
1507 1160 2045 1249 procrastinans,
2101 1159 2216 1228 sed
2253 1173 2650 1228 consuetam
2695 1165 2828 1228 Eu-

269 1247 678 1318 charistiam
723 1247 1016 1318 offerens
1044 1249 1131 1323 ei,
1167 1248 1287 1334 qui
1338 1247 1484 1316 vult
1536 1269 1778 1318 omnes
1827 1248 2145 1318 homines
2203 1247 2428 1316 salvos
2479 1248 2652 1329 fieri,
2709 1249 2829 1318 ba-

271 1337 553 1427 ptizavit
597 1358 756 1405 eum
808 1359 970 1405 cum
1010 1337 1198 1405 omni
1248 1335 1455 1405 domo
1489 1359 1615 1407 sua
1654 1336 2042 1406 credentem
2098 1336 2416 1412 Domino„

365 1434 403 1506 ἓ
451 1432 601 1497 12.
656 1425 961 1494 Eundem
1012 1424 1429 1511 quandoque
1468 1438 1786 1494 sanctum
1824 1427 2044 1495 virum
2092 1424 2501 1494 muliercula
2528 1425 2721 1504 adiit,
2757 1439 2824 1495 et

273 1514 508 1584 literas
541 1515 628 1584 ab
666 1513 785 1582 illo
825 1515 1013 1604 petiit
1044 1514 1128 1582 ad
1182 1514 1482 1604 regionis
1532 1513 1980 1595 Praefectum,
2048 1527 2376 1601 tanquam
2427 1515 2547 1601 qui
2605 1514 2826 1604 pluri—

271 1624 467 1674 mum
507 1601 695 1692 apud
744 1602 941 1672 illum
995 1616 1242 1692 posset.
1301 1603 1422 1672 Ille
1454 1617 1728 1694 arrepta
1760 1604 1997 1673 charta
2048 1603 2324 1691 scripsit
2374 1602 2715 1672 Praefecto
2754 1604 2821 1671 in

272 1691 443 1761 haec
493 1690 734 1760 verba:
790 1693 1086 1762 Accessit
1132 1692 1217 1759 ad
1274 1714 1380 1760 me
1429 1692 1687 1762 isthaec
1739 1693 1938 1783 inops
1989 1691 2421 1769 muliercula,
2463 1691 2702 1761 dicens
2744 1692 2827 1760 li-

272 1793 459 1849 teras
506 1800 695 1849 meas
743 1780 995 1851 habere
1043 1781 1231 1871 apud
1289 1795 1350 1849 te
1402 1781 1714 1870 pondus:
1771 1783 1836 1850 Si
1888 1782 1987 1851 sic
2020 1793 2141 1860 est,
2200 1781 2270 1848 id
2321 1780 2427 1850 fac
2477 1781 2821 1851 ostendas.

274 1868 721 1956 Tradiditque
759 1870 1033 1940 mulieri
1062 1869 1475 1949 chartulam,
1507 1892 1718 1956 quam
1754 1871 1870 1939 illa
1904 1869 2151 1939 obtulit
2190 1871 2555 1939 Praefecto.
2597 1876 2673 1940 At
2712 1870 2828 1939 ille

274 1979 440 2027 cum
474 1957 773 2058 legisset,
812 1958 910 2028 sic
959 1960 1169 2027 rescri
1224 1958 1349 2028 sit:
1396 1965 1535 2028 Tua
1585 1964 1823 2039 causa,
1879 1973 2110 2029 sancte
2175 1971 2387 2047 pater,
2449 1958 2672 2029 libens
2720 1981 2827 2028 es-

275 2068 419 2116 sem
473 2057 798 2115 misertus
839 2047 1180 2117 muliercu
1212 2069 1312 2127 ae,
1370 2048 1489 2117 sed
1526 2070 1659 2118 non
1714 2048 1928 2138 potui,
1981 2070 2059 2117 eo
2107 2048 2289 2135 quod
2335 2047 2610 2118 tributis
2661 2048 2825 2118 sub-

269 2137 521 2226 jaceat.
577 2135 698 2204 Cui
776 2158 1020 2206 rursus
1089 2135 1385 2208 Basilius
1433 2137 1526 2205 ita
1574 2137 1961 2227 respondit:
2019 2138 2085 2206 Si
2152 2137 2431 2223 quidem
2511 2136 2828 2206 voluntas

275 2238 594 2314 prompta
644 2223 797 2304 fuit,
854 2237 921 2294 at
967 2225 1184 2295 defuit
1228 2225 1546 2304 facultas,
1605 2225 1956 2295 tolerabile
1987 2239 2111 2296 est.
2168 2226 2237 2295 si
2270 2237 2500 2294 autem
2539 2226 2824 2316 potuisti

274 2312 579 2398 quidem,
635 2313 754 2382 sed
806 2313 1111 2394 noluisti,
1147 2315 1454 2384 Christus
1503 2327 1565 2383 te
1615 2316 1875 2404 rediget
1923 2316 1992 2382 in
2046 2314 2357 2383 ordinem
2403 2317 2714 2401 inopum,
2752 2328 2827 2384 ut

273 2400 399 2470 ubi
435 2401 752 2482 volueris,
784 2425 918 2471 non
946 2402 1233 2493 .possis;
1269 2403 1454 2490 quod
1504 2404 1710 2473 etiam
1760 2425 1832 2472 re
1881 2404 2032 2492 ipsa
2065 2404 2158 2476 ita
2198 2402 2443 2472 evenit.
2482 2408 2650 2471 Nam
2688 2425 2825 2470 non

273 2487 494 2560 multo
549 2505 724 2582 post,
780 2491 1221 2584 Imperatoris
1267 2492 1372 2562 ira
1419 2493 1489 2561 in
1550 2492 1747 2562 illum
1800 2492 2160 2571 concitata,
2218 2492 2290 2560 in
2334 2491 2611 2560 vincula
2662 2514 2831 2562 con-

263 2579 490 2666 jectus
539 2593 665 2659 est,
726 2603 980 2669 poenas
1031 2581 1171 2651 illis
1205 2582 1534 2672 pendens,
1574 2603 1750 2668 quos
1777 2582 2032 2671 injuria
2081 2582 2418 2651 affecerat.
2460 2586 2628 2649 Tum
2673 2601 2829 2650 vero

274 2689 511 2769 preces
559 2671 752 2739 offert
786 2671 1059 2751 Basilio,
1098 2682 1174 2740 ut
1213 2693 1339 2740 sua
1373 2671 1861 2740 intercessione
1893 2671 2336 2761 Imperatoris
2384 2669 2822 2739 clementiam

271 2757 409 2846 ipsi
438 2758 779 2839 conciliet,
813 2760 1021 2847 idque
1046 2759 1145 2829 sic
1169 2759 1426 2829 facturn
1469 2773 1592 2831 est.
1648 2765 1804 2829 Post
1834 2782 1948 2829 sex
1981 2780 2277 2845 namque
2309 2758 2455 2828 dies
2486 2758 2572 2827 ab
2600 2763 2826 2847 Impe-

278 2857 497 2916 ratore
534 2847 780 2935 jussus
811 2862 914 2918 est
948 2849 1243 2917 vinculis
1291 2848 1577 2917 absolvi.
1632 2854 1710 2917 Et
1740 2848 1859 2917 ille
1888 2847 2167 2935 quidem
2199 2847 2613 2916 declaratam
2659 2870 2824 2936 erga

274 2957 349 3003 se
395 2934 830 3005 clementiam
864 2937 1078 3006 intelli
1132 2959 1279 3017 ens,
1312 2938 1495 3006 venit
1519 2937 1604 3006 ad
1648 2938 2013 3007 Basilium:
2049 2949 2114 3005 et
2144 2937 2401 3027 gratias
2452 2935 2553 3004 illi
2586 2957 2824 3027 agenS‚

274 3022 726 3183 fftssligrcujae
775 3029 1032 3095 accitae
1128 3048 1164 3096 e
1212 3027 1360 3096 suis
1406 3025 1854 3096 facultatibus
1902 3026 2254 3117 duplicato
2304 3025 2602 3095 restituit
2642 3024 2827 3113 quod

327 3134 362 3181 e
413 3134 450 3181 e
501 3126 570 3182 at
646 3166 658 3182 .

363 3203 399 3287 ξ
446 3206 595 3273 18.
650 3208 805 3271 Post
834 3202 1003 3272 haec
1034 3203 1317 3289 quidam
1354 3202 1732 3293 gentilismi
1773 3203 2126 3273 erroribus
2155 3204 2245 3271 im
2305 3203 2514 3283 licati,
2551 3203 2632 3271 ad
2670 3225 2829 3271 eum

275 3289 584 3371 veniunt,
637 3296 1044 3377 quaerentes
1075 3304 1150 3360 ut
1178 3313 1357 3379 quae
1384 3293 1522 3361 sint
1558 3292 1841 3361 virtutes
1876 3293 1991 3360 Dei
2026 3314 2143 3361 eos
2182 3314 2218 3360 e
2271 3292 2434 3379 lciat
2480 3291 2825 3361 certiores.

277 3376 397 3446 Ille
446 3401 604 3448 vero
627 3401 777 3537 Ᾱηι·
828 3381 1021 3449 aucis
1062 3381 1500 3449 sermonibus
1539 3381 1839 3451 ostendit
1890 3382 1990 3449 eis
2035 3380 2279 3450 salutis
2320 3381 2525 3459 viam,
2586 3380 2830 3449 certio-

277 3486 521 3553 resque
552 3490 623 3537 re
675 3468 743 3537 di
802 3470 874 3549 it,
927 3482 992 3537 et
1037 3470 1471 3538 catechizans
1499 3469 1891 3559 baptizavit.
1927 3470 2229 3555 Denique
2279 3470 2688 3538 adventante
2721 3492 2831 3537 sa-

274 3556 663 3626 cratissima
711 3557 1279 3647 Quadragesima,
1343 3557 1652 3626 divinam
1706 3558 1897 3626 illam
1938 3559 2180 3648 'operis
2227 3580 2342 3627 sex
2396 3557 2668 3626 dierum
2718 3579 2833 3625 ex-

276 3642 743 3732 planationem
792 3646 1047 3737 populo
1147 3647 1478 3737 roposuit.
1525 3669 1656 3716 non
1706 3646 1968 3733 absque
2017 3646 2480 3736 plurimorum
2518 3658 2663 3715 tum
2714 3652 2835 3715 Ju-

273 3731 633 3814 daeorum,
700 3747 847 3803 tum
906 3735 1091 3825 genti
1127 3734 1271 3804 ium
1312 3734 1397 3803 ad
1442 3736 2044 3805 Christianismum
2103 3735 2556 3804 traductione.
2625 3740 2831 3804 Porro

272 3822 559 3907 quidam
595 3845 673 3892 ex
705 3824 1034 3904 Arrianis,
1066 3838 1485 3894 accusarunt
1508 3846 1666 3893 eum
1698 3824 1884 3914 apud
1917 3822 2261 3892 Valentem
2306 3828 2827 3913 Imperatorem,

272 3910 459 3996 quod
507 3914 861 3981 Homousii
897 3912 1103 3981 fidem
1156 3912 1484 3982 laudibus
1530 3914 1820 3982 efferens
1845 3967 1866 3992 ,.
1924 3913 2279 3981 Arrianam
2333 3913 2670 3982 haeresim
2730 3934 2836 3981 re·

272 4013 551 4088 spueret
596 4013 662 4070 et
707 4002 1246 4071 abominaretur.
1283 4001 1549 4083 Quibus
1585 4003 1822 4071 inania
1854 4002 2313 4071 sentientibus
2340 4001 2587 4070 Valens
2625 4001 2831 4070 sidem

275 4086 638 4170 adhibens,
694 4089 884 4159 misit
930 4090 1051 4176 qui
1080 4112 1236 4159 eum
1290 4090 1720 4160 Antiochiam
1770 4089 2219 4160 adducerent.
2265 4095 2432 4159 Cum
2468 4112 2632 4180 ergo
2661 4097 2833 4160 Ana-

273 4177 533 4247 stasius
562 4177 881 4247 defensor
929 4182 1326 4248 Caesaream
1376 4179 1695 4261 venisset,
1749 4191 1814 4248 et
1860 4179 2110 4249 Basilio
2152 4180 2597 4268 Imperatoris
2632 4198 2835 4247 man—

273 4264 433 4335 data
485 4266 841 4347 indicaret,
881 4267 974 4336 ait
1004 4267 1323 4339 Basilius:
1364 4290 1401 4333 «
1440 4262 1527 4335 Et'
1547 4290 1675 4358 ego
1710 4268 1809 4337 fili
1842 4281 2000 4337 ante
2028 4290 2287 4358 paucos
2323 4268 2470 4338 dies
2496 4268 2829 4357 comperi,

270 4358 765 4445 Imperatorem
813 4356 1010 4426 nullo
1047 4356 1315 4445 judicio
1357 4355 1689 4446 praeditis
1724 4357 1890 4426 viris
1936 4356 2143 4426 fidem
2192 4357 2829 4435 commendantem,

333 4480 360 4507 ¹·
389 4478 645 4530 Sequentia
661 4481 892 4530 quaedam
912 4482 1075 4532 capita
1095 4482 1276 4523 enormi
1297 4478 1659 4523 anachronismo
1676 4480 1942 4523 laborantia
1961 4478 2290 4532 expunximus.
