3357 4995
227 345 449 413 JUNII
498 344 580 408 ⁴6
1061 362 1141 409 nr.
1187 361 1245 408 s.
1298 359 1623 409 turonus
1678 359 1938 408 vincum
2551 346 2668 411 42⁴

227 447 457 519 induit
488 446 823 516 Dominus
853 444 1221 536 opilionem
1260 445 1566 516 oviculas
1596 459 1992 534 sequentem
2020 447 2084 529 ξ,
2117 460 2182 517 et
2230 449 2459 538 posuit
2485 448 2769 518 verbum

225 540 300 608 in
340 559 457 606 ore
494 536 672 623 ejus,
726 533 849 604 Ille
875 556 1029 604 mox
1079 534 1334 605 relictis
1372 534 1655 617 ovibuS,
1709 535 1915 605 homo
1964 536 2166 626 plane
2227 536 2443 618 rudis,
2500 536 2587 606 ad
2640 549 2770 606 tre-

227 627 454 697 decim
504 622 831 694 milliaria
875 623 1271 705 conficienS,
1323 623 1610 693 venitin
1660 624 2034 711 Aquiriam:
2089 626 2552 713 accersitaque
2609 631 2771 696 Lut-

227 713 488 806 garde,
541 713 825 804 caeteris
885 711 1329 783 audientibus
1389 713 1581 782 dixit:
1666 717 1846 782 Haec
1892 713 2059 784 dicit
2134 715 2515 786 Dominus:
2569 715 2770 785 Nullo

233 803 561 892 deinceps
601 802 671 869 in
723 800 1034 870 dicendis
1082 801 1402 891 precibus
1448 800 1682 871 dolore
1729 814 1848 871 aut
1896 803 2222 892 scrupulo
2263 804 2565 893 angaris.
2622 804 2771 872 Pla-

229 903 387 963 cent
433 896 563 960 Deo
612 912 848 981 preces
883 902 1058 973 tuae,
1089 902 1155 958 et
1192 902 1423 980 gratae
1453 903 1615 961 sunt
1646 891 1716 959 in
1749 905 2122 981 conspectu
2164 913 2334 960 meo.
2381 893 2503 961 His
2536 893 2764 973 dictis,

228 982 346 1051 ille
413 990 687 1069 repente
733 977 898 1048 ausu
954 979 1024 1058 it,
1065 1001 1189 1048 nec
1236 979 1530 1049 dabatur
1582 981 2098 1069 opportunitaS,
2150 981 2473 1067 quisnam
2537 993 2763 1061 esset,

228 1068 649 1158 inquirendi,
702 1081 822 1137 aut
860 1002 1119 1154 affiquid
1182 1079 1529 1157 praeterea
1579 1069 2060 1159 cognoscendi.
2118 1073 2193 1138 At
2226 1081 2456 1160 postea
2508 1082 2761 1150 tamen,

226 1160 387 1246 quis
434 1171 634 1238 esset,
685 1160 1007 1226 rescitum
1057 1169 1182 1226 est.
1217 1158 1550 1228 Dominus
1587 1178 1860 1244 quoque
1895 1180 2016 1248 per
2063 1159 2367 1249 seipsum
2403 1159 2575 1228 dixit
2607 1165 2768 1228 Lut-

224 1247 465 1338 gardi:
520 1245 701 1316 Nihil
800 1245 1036 1316 osthac
1085 1244 1455 1316 formides:
1521 1266 1648 1336 ego
1698 1246 1882 1316 hunc
1938 1247 2010 1315 in
2079 1259 2141 1316 te
2194 1246 2529 1336 supplebo
2583 1247 2767 1317 dese-

226 1349 442 1406 ctum.
482 1340 653 1403 Tum
703 1333 750 1403 il
784 1357 823 1403 a
858 1334 1222 1421 utrobique
1249 1334 1615 1404 Dominum
1667 1333 1974 1405 locutum
2018 1357 2165 1405 esse
2216 1336 2539 1417 sentienS‚
2580 1348 2767 1405 tran-

227 1424 554 1512 quillitati
603 1445 674 1492 se
706 1423 916 1504 dedit,
972 1445 1096 1492 nec
1138 1422 1360 1493 ullum
1416 1435 1648 1513 postea
1694 1424 1874 1493 eain
1930 1446 2002 1493 re
2051 1424 2518 1494 inordinatum
2574 1447 2767 1494 scru-

228 1514 475 1604 pulum
528 1534 730 1603 passa
769 1523 892 1582 est.

314 1604 352 1690 ξ
405 1606 559 1673 24.
613 1605 827 1672 Nemo
872 1599 1073 1670 facile
1104 1600 1495 1671 crediturus
1524 1601 1635 1682 sit,
1672 1612 1930 1688 quanta
1979 1602 2265 1692 spiritus
2298 1601 2647 1672 alacritate
2696 1602 2768 1670 in

226 1689 682 1761 decantandis
762 1689 1083 1780 precibus
1130 1688 1269 1758 illis
1344 1689 1632 1759 Domino
1702 1691 2030 1760 servierit.
2086 1691 2201 1758 Die
2262 1690 2564 1776 quodam
2637 1692 2769 1759 sub

225 1785 681 1871 vesperarum
710 1778 1032 1868 precibus
1052 1801 1213 1848 cum
1245 1778 1530 1850 caeteris
1557 1792 1877 1848 cantante
1902 1777 2021 1847 illa
2059 1780 2131 1847 in
2161 1779 2402 1860 Chor0‚
2444 1779 2768 1848 monialis

222 1868 567 1955 quaedam
618 1879 807 1937 stans
854 1890 891 1937 e
939 1869 1215 1956 regione
1246 1922 1261 1948 ,
1314 1866 1532 1938 oculis
1581 1868 1729 1940 suis
1781 1868 2142 1958 perspicue
2188 1867 2357 1937 vidit
2403 1890 2769 1958 corporeae

228 1957 410 2027 lucis
458 1958 809 2025 flammam
846 1956 933 2026 ab
980 1957 1132 2047 ejus
1177 1977 1293 2025 ore
1341 1955 1735 2047 profectam,
1769 1978 2050 2027 sursum
2083 1955 2245 2026 ferri
2278 1970 2343 2025 et
2373 1958 2531 2025 aera
2563 1979 2768 2057 pene-

228 2056 432 2115 trare.
488 2051 635 2128 Qua
682 2045 1009 2115 inusitata
1039 2045 1298 2115 visione
1332 2044 1652 2115 monialis
1699 2058 2154 2124 consternata,
2194 2045 2331 2115 fere
2379 2039 2770 2115 exanimata

224 2146 352 2203 est.
409 2134 646 2203 Finitis
694 2147 920 2203 autem
978 2134 1394 2223 vespertinis
1460 2134 1814 2224 precibuS,
1878 2134 2239 2223 Lutgardis
2300 2156 2450 2203 eam
2516 2133 2769 2205 blande

223 2222 614 2303 consolans,
656 2223 930 2292 tandem
979 2223 1208 2292 adhuc
1248 2222 1613 2312 trepidanti
1646 2223 1818 2292 dixit
1853 2247 1865 2289 ;
1921 2223 2142 2292 «Nolo
2192 2235 2285 2301 te,
2327 2222 2470 2290 filia
2502 2223 2769 2292 charis-

226 2310 429 2391 sima,
487 2310 616 2379 hac
671 2312 929 2380 visione
994 2312 1253 2382 terreri.
1297 2313 1573 2382 Noveris
1648 2313 1878 2398 itaque
1939 2333 2169 2381 revera
2216 2311 2547 2380 divinitus
2614 2334 2766 2380 eam

223 2398 668 2487 contigisse.»
701 2400 1126 2470 Mirabantur
1172 2400 1482 2490 plerique
1528 2424 1560 2470 s
1614 2400 1874 2470 iritales
1913 2399 2250 2479 homineS‚
2308 2400 2653 2486 quomodo
2695 2399 2767 2467 in

226 2497 324 2557 tot
372 2489 578 2558 rebus
694 2487 1016 2559 raeclaris
1086 2502 1152 2558 et
1222 2488 1532 2558 admiran
1591 2489 1651 2559 is
1714 2488 2093 2560 humanam
2147 2489 2438 2579 gloriam
2501 2488 2767 2559 calcare

226 2588 497 2667 posset:
550 2599 620 2648 se
716 2578 1302 2664 quemadmodum
1348 2599 1475 2667 ego
1521 2579 1610 2648 ab
1656 2580 1808 2669 ejus
1863 2600 1978 2647 ore
2026 2579 2296 2667 accepi,
2354 2577 2523 2647 adeo
2582 2578 2767 2647 intus

222 2664 432 2756 plena
457 2665 587 2735 fuit
626 2666 918 2757 spiritali
952 2679 1016 2736 et
1064 2666 1284 2736 solida
1313 2665 1555 2757 gloria,
1589 2679 1663 2736 ut
1703 2666 1897 2736 nulla
1942 2688 2094 2736 eam
2126 2668 2549 2736 extrinsecus
2591 2687 2768 2734 vana

224 2754 443 2845 gloria
478 2754 796 2825 infestare
827 2767 1076 2846 posset.

311 2845 348 2930 ξ
398 2849 553 2916 25.
607 2846 761 2913 Fuit
807 2866 965 2913 vero
998 2845 1203 2913 etiam
1245 2843 1655 2915 discretione
1696 2845 2091 2934 praecipua,
2122 2844 2305 2931 quod
2340 2865 2446 2914 res
2474 2865 2768 2931 sequens

223 2931 541 3001 docebit:
590 2932 899 3016 Quodam
954 2933 1303 3002 Dominico
1350 2932 1462 3003 die
1508 2956 1668 3003 cum
1720 2956 1986 3003 sacram
2018 2932 2518 3003 Eucharistiam
2574 2954 2763 3001 acce-

227 3020 461 3110 pisset,
516 3034 580 3091 et
615 3021 944 3109 reliquiae
976 3022 1409 3110 cogitationis
1458 3022 1638 3091 diem
1670 3020 1920 3092 festum
1956 3022 2025 3090 in
2075 3044 2153 3090 ea
2202 3033 2483 3113 agerent
2532 3021 2766 3090 Salva-

225 3109 381 3188 tori,
435 3110 529 3179 ita
575 3121 654 3180 ut
694 3109 1062 3180 molestum
1111 3111 1172 3178 ei
1220 3123 1396 3180 esset
1422 3110 1506 3180 ad
1559 3132 1867 3180 mensam
1910 3133 2033 3201 pro
2073 3133 2399 3201 corporeo
2441 3109 2767 3180 alimento

223 3199 562 3287 capiendo
601 3199 945 3280 accedere,
987 3202 1079 3268 ita
1112 3199 1206 3268 ait
1231 3200 1315 3268 ad
1366 3200 1779 3269 Dominum:
1836 3223 1872 3266 «
1906 3200 2192 3269 Domine
2223 3200 2406 3280 Jesu,
2466 3220 2602 3268 non
2666 3210 2769 3267 est

224 3286 396 3355 mihi
427 3289 575 3376 jam
607 3300 1076 3378 opportunum
1119 3288 1256 3359 tuis
1276 3288 1543 3360 deliciis
1575 3289 1926 3380 occupari,
1981 3287 2096 3357 sed
2134 3289 2301 3358 vade
2333 3288 2419 3356 ad
2461 3306 2766 3356 sororem

222 3374 593 3457 Elizabeth‚
645 3399 823 3465 quae
869 3399 995 3446 nec
1027 3398 1168 3446 una
1216 3376 1385 3446 hora
1433 3400 1472 3446 a
1526 3378 1681 3447 cibo
1734 3378 2078 3447 abstinere
2141 3387 2391 3468 potest,
2439 3376 2768 3463 illiusque

221 3462 499 3533 interim
549 3466 860 3535 animum
898 3487 1184 3565 occupa,
1226 3487 1335 3535 me
1366 3479 1592 3535 autem
1626 3466 1909 3552 patiaris
1934 3467 2170 3535 cibum
2197 3464 2468 3555 corpori
2495 3477 2767 3534 susten-

224 3552 431 3623 tando
461 3555 923 3625 necessarium
953 3574 1334 3644 accipere.»
1367 3554 1710 3625 Elizabeth
1732 3555 2073 3644 ejusmodi
2109 3554 2464 3623 laborabat
2497 3553 2760 3633 morbO,

221 3651 298 3711 ut
327 3642 567 3712 crebro
590 3653 657 3712 et
702 3642 1005 3713 interdiu
1038 3653 1104 3712 et
1142 3642 1460 3714 noctibus
1499 3665 1648 3713 earn
1689 3627 1843 3713 cibo
1875 3643 2061 3712 refici
2102 3653 2464 3733 oporteret.
2505 3647 2582 3711 Et
2612 3664 2770 3712 ecce

222 3730 589 3819 piissimus
634 3732 968 3802 Dominus
1004 3731 1110 3800 illi
1146 3731 1474 3802 obediens
1501 3787 1516 3814 ,
1573 3754 1728 3801 mox
1767 3732 1851 3800 ad
1905 3732 2248 3801 Elizabeth
2306 3753 2376 3800 se
2431 3731 2765 3808 contulit,

220 3816 511 3907 ejusque
590 3831 827 3910 pectus
887 3831 1075 3911 tanta
1123 3820 1453 3890 suavitate
1506 3819 1921 3911 complevit,
1975 3833 2051 3890 ut
2095 3820 2195 3889 xab
2242 3843 2399 3890 esca
2433 3874 2449 3901 ,
2504 3831 2772 3910 praeter

224 3926 422 3976 suam
456 3909 1053 3990 consuetudinem,
1121 3908 1327 4000 longo
1379 3909 1709 3998 temporis
1767 3910 1988 3999 spatio
2049 3908 2197 3979 sine
2246 3909 2388 3978 ulla
2455 3908 2768 3978 molestia

225 3992 620 4067 abstineret.
672 4002 895 4068 Potest
941 3998 1106 4068 hinc
1154 3996 1356 4068 facile
1402 3998 1551 4088 ejus
1606 4019 1860 4088 magna
1906 3997 2225 4067 discretio
2281 3997 2762 4078 animadverti,

222 4082 409 4169 quod
456 4085 659 4155 etiam
693 4086 1038 4175 spirituali
1087 4087 1535 4176 occupatione
1567 4108 1820 4177 corpus
1865 4108 2066 4157 suum
2118 4086 2476 4156 debilitare
2517 4086 2760 4167 noluit,

220 4170 613 4244 consultius
658 4175 1083 4256 existimanS,
1140 4197 1411 4246 servare
1443 4175 1614 4245 illud
1653 4174 1893 4245 multis
1925 4175 2081 4246 aliis
2112 4175 2535 4266 perferendis
2576 4170 2769 4244 labo'-

220 4259 445 4341 ribuS,
496 4262 618 4348 qui
665 4265 1057 4336 animarum
1108 4264 1315 4335 saluti
1358 4263 1789 4355 prodessent,
1827 4286 2036 4351 quam
2077 4275 2383 4355 tempore
2433 4286 2567 4334 non
2610 4285 2762 4343 su0,

217 4370 384 4420 cum
466 4351 698 4422 omnia
774 4365 1046 4445 tempus
1093 4353 1413 4436 habeant,
1498 4354 1567 4422 in
1648 4353 1759 4424 sui
1834 4353 2365 4424 destructionem
2433 4351 2767 4422 inutiliter

283 4473 309 4500 ¹⁸
342 4470 461 4513 Vide
476 4473 618 4514 Amos
637 4471 684 4513 0.
702 4482 782 4521 vn,
799 4485 844 4515 v.
862 4477 927 4520 14.
