3357 4995
612 276 742 341 328
1439 293 1518 339 mi
1570 292 1625 339 s.
1677 289 1929 339 mismo
1977 290 2192 339 meno
2740 257 2955 341 JUNH
3004 275 3087 339 ⁴4

520 391 738 536 mgrite
783 377 1248 448 exanimatam
1282 430 1297 457 ,
1350 388 1415 445 et
1461 376 1533 445 in
1575 375 1689 445 die
1734 375 1982 463 judicii
2055 374 2321 447 Christo
2384 398 2507 476 pro
2561 399 2669 446 me
2743 378 3082 447 rationem

522 489 596 538 re
699 489 797 537 es.

607 558 645 642 ξ
691 560 826 629 1⁷.
880 559 1074 623 Pater
1125 554 1294 623 haec
1334 553 1652 633 audiens,
1713 574 1875 622 cum
1923 552 2253 644 lacrymis
2308 553 2516 624 dixit:
2570 558 2721 625 Heu
2782 576 2892 624 me
2947 555 3086 623 mi-

521 666 778 724 serum,
846 643 1016 730 quid
1064 642 1316 713 accidit
1377 642 1856 712 infelici-filiae
1893 647 2131 712 meae?
2179 643 2347 725 Quis
2397 664 2630 714 meum
2669 644 3079 714 thesaurum

494 733 790 810 ,furatus
836 736 984 804 est?
1034 733 1202 814 Quis
1252 753 1475 801 meam
1524 730 1740 801 filiam
1798 731 2347 801 contaminavit?
2386 732 2553 814 Quis
2602 733 2809 803 dulce
2836 732 3084 802 lumen

522 807 864 891 meorum⁴
885 821 1167 891 eittinxit
1212 821 1627 890 oculorum?
1665 825 1804 910 Ego
1837 820 2112 889 coelesti
2147 833 2209 891 te
2244 821 2553 890 volebam
2612 843 2864 911 sponso
2914 842 3083 890 con-

522 911 831 1001 jungere,
887 910 1241 979 concivem
1290 908 1699 999 angelorum
1747 907 2038 989 efficere,
2074 922 2152 978 ut
2184 909 2516 999 psalmos,
2557 912 2872 999 bymnOS,
2914 931 3084 978 can-

526 1000 659 1068 tica
688 998 1030 1089 spiritalia
1069 1003 1201 1067 Deo
1243 1019 1548 1076 caneres,
1585 997 1881 1084 denique
1922 1019 2043 1087 per
2074 1010 2135 1067 te
2164 998 2433 1068 salvum
2487 1020 2596 1067 me
2650 997 2793 1068 fore
2843 1020 3083 1088 spera-

523 1089 711 1170 bam,
764 1099 829 1156 et
893 1101 968 1157 tu
1024 1087 1315 1156 lascivos
1366 1086 1722 1161 insaniens
1773 1086 2127 1156 meditaris
2180 1109 2474 1156 amores.
2536 1087 2660 1192 Segi
2717 1088 2864 1158 sine
2940 1109 3077 1168 me,

523 1177 693 1257 filia,
748 1177 927 1246 sicut
974 1175 1323 1256 constitui,
1380 1175 1801 1265 desponsare
1841 1187 1903 1244 te
1952 1175 2258 1245 Christo:
2331 1196 2466 1244 non
2536 1175 2841 1245 deducas
2885 1197 3086 1245 sene-

527 1279 784 1335 ctutem
836 1283 1058 1334 meam
1122 1286 1282 1333 cum
1333 1262 1569 1333 dolore
1624 1262 1710 1332 ad
1770 1262 2047 1343 inferos,
2104 1285 2325 1350 neque
2378 1278 2741 1354 parentum
2797 1277 3082 1334 tuorum

527 1354 895 1434 nohilitati,
931 1352 1354 1443 ignominiae
1383 1364 1611 1422 notam
1649 1352 1912 1422 inuras.
1949 1353 2073 1422 Illa
2104 1375 2259 1423 vero
2284 1353 2496 1442 patris
2529 1353 2788 1421 monita
2814 1353 3084 1423 ducens

530 1465 653 1533 pro
701 1443 945 1521 nihilo,
1001 1442 1334 1512 instanter
1391 1440 1926 1511 vociferabatur:
1980 1447 2174 1510 Pater
2231 1442 2347 1521 mi,
2401 1455 2522 1510 aut
2580 1464 2812 1510 meum
2884 1463 3083 1511 com-

526 1532 641 1622 ple
689 1531 1138 1613 desiderium,
1177 1543 1296 1600 aut
1329 1529 1537 1619 paulo
1570 1542 1722 1620 post
1750 1531 2118 1599 extinctam
2157 1552 2265 1599 me
2297 1530 2584 1599 videbis.
2620 1536 2815 1599 Pater
2846 1531 3086 1617 itaque

527 1642 693 1711 prae
718 1620 933 1688 nimio
964 1618 1292 1690 deficiens
1325 1618 1542 1688 animi
1569 1618 1827 1698 dolore,
1861 1632 1927 1688 et
1959 1619 2301 1689 immenso
2333 1640 2641 1689 moerore
2675 1619 3076 1708 absorptuS,
3127 1648 3133 1653 ·

531 1710 916 1779 amicorum
980 1730 1252 1795 quoque
1298 1707 1551 1777 cedens
1614 1707 1950 1788 consiliis,
2005 1708 2430 1777 hortantium
2487 1722 2562 1777 ut
2607 1707 2759 1797 ejus
2811 1729 3086 1778 morem

529 1811 792 1889 gereret
842 1796 1199 1878 voluntati,
1255 1819 1338 1865 ne
1385 1797 1685 1886 seipsam
1785 1795 2320 1884 e1·deret,‚‘ussit
2366 1796 2516 1866 fieri
2565 1795 2748 1883 quod
2794 1796 2915 1864 illa
2967 1819 3088 1887 pe-

531 1887 738 1968 tebat,
786 1907 871 1954 ne
919 1885 1054 1954 sibi
1101 1885 1236 1975 ipsi
1284 1883 1569 1954 exitium
1621 1884 1709 1953 ad
1742 1898 1942 1954 erret.
1996 1885 2088 1954 Ad
2146 1884 2289 1954 uxit
2321 1906 2484 1975 ergo
2549 1906 2822 1956 servum
2856 1885 2944 1953 ad
2996 1885 3085 1955 fi-

530 1975 722 2055 liam,
779 1973 1243 2061 trandensque
1300 1975 1401 2043 eis
1466 1995 1744 2042 omnem
1800 1974 2258 2044 substantiam
2320 1993 2543 2054 suam;
2604 1973 2774 2042 dixit
2851 1973 3078 2042 filiae:

530 2064 713 2133 Vade
761 2062 905 2132 filia
939 2085 1090 2132 vere
1131 2063 1402 2142 misera,
1442 2061 1742 2131 multum
1787 2064 2205 2150 quandoque
2254 2063 2548 2152 lugebis,
2602 2085 2762 2131 cum
2815 2075 2879 2131 te
2909 2062 3082 2132 olim

531 2152 749 2244 hujus
781 2151 940 2221 facti
974 2151 1368 2241 poenitebit,
1428 2172 1549 2220 nec
1593 2161 1820 2219 tamen
1873 2151 2130 2221 mederi
2181 2152 2457 2241 poteris.
2508 2209 2517 2218 .

616 2248 654 2328 ξ
703 2244 836 2312 18.
893 2241 1069 2309 Inito
1120 2239 1332 2330 igitur
1379 2239 1619 2326 iniquo
1663 2239 2128 2321 matrimonio,
2162 2253 2228 2310 et
2273 2261 2351 2309 eo
2388 2239 2554 2322 mali
2590 2239 2949 2309 daemonis
2984 2238 3088 2310 fa-

530 2329 764 2399 cinore
812 2341 1223 2420 perpetrato,
1277 2349 1436 2397 cum
1474 2350 1611 2397 non
1661 2327 1961 2397 multum
1991 2329 2487 2398 intercessisset
2527 2328 2880 2419 temporiS,
2932 2331 3089 2399 ani-

534 2419 974 2488 madversum
1028 2430 1193 2488 esta
1241 2417 1689 2506 quibusdam,
1745 2439 2014 2486 servum
2041 2418 2238 2487 illum
2284 2439 2420 2486 non
2471 2416 2840 2519 ingrediin
2871 2418 3089 2487 eccle-

535 2508 738 2589 siam,
765 2529 989 2595 neque
1010 2507 1336 2576 accedere
1357 2506 1442 2575 ad
1476 2506 1893 2576 immortalia
1924 2506 2273 2576 etvivifica
2294 2520 2644 2597 mysteria,
2682 2507 3091 2594 dictumque

529 2610 632 2667 est
683 2595 940 2666 infelici
983 2596 1269 2684 conjugi
1302 2595 1530 2665 illius:
1586 2595 1848 2676 Nostin,
1898 2596 2122 2667 virum
2184 2610 2409 2675 tuum,
2462 2618 2667 2682 quem
2720 2596 2842 2666 tibi
2902 2596 3090 2667 dele-

532 2686 716 2775 gisti,
773 2706 908 2754 non
945 2706 1093 2755 esse
1136 2684 1628 2765 Christianum,
1662 2683 1780 2752 sed
1810 2707 1851 2753 a
1878 2684 2214 2776 religione
2244 2696 2579 2754 extorrem
2631 2697 2695 2759 et
2728 2685 3033 2754 alienum
3058 2689 3090 2753 ‘P

533 2774 725 2857 Quod
777 2774 897 2843 illa
945 2773 1260 2853 audienS,
1318 2773 1617 2929 caligine
1646 2793 1726 2841 ac
1765 2794 2072 2843 moerore
2121 2772 2423 2863 perfusa,
2461 2773 2658 2842 humi
2691 2796 2763 2843 se
2795 2787 3092 2864 proster-

532 2863 658 2936 nit..
699 2864 846 2931 suis
896 2885 1044 2933 sese
1094 2861 1450 2952 unguibus
1509 2873 1759 2941 acerat‚
1818 2875 2057 2952 pectus
2092 2862 2320 2932 tundit
2366 2875 2433 2932 et
2479 2861 2824 2932 clamitat:
2879 2867 3092 2934 Nemo

534 2952 943 3042 parentibus
1015 2972 1152 3020 non
1225 2950 1578 3031 obediens,
1638 2950 1870 3020 salvus
1919 2972 2232 3038 unquam
2285 2949 2438 3020 fuit.
2493 2950 2661 3033 Quis
2711 2951 2888 3042 patri
2938 2972 3091 3020 meo

534 3040 991 3109 annunciabit
1032 3039 1486 3129 ignominiam
1540 3042 1816 3108 meam?
1852 3044 2013 3109 Heu
2062 3063 2173 3110 me
2221 3039 2571 3120 miseram,
2626 3039 2696 3107 in
2754 3053 3091 3127 quantam

535 3150 645 3197 me
681 3128 1090 3219 perditionis
1138 3128 1532 3219 voraginem
1587 3127 1936 3199 demersi?
1970 3133 2101 3198 Cur
2140 3129 2209 3197 in
2248 3128 2470 3198 lucem
2514 3128 2697 3197 edita
2736 3151 2918 3209 sum,
2971 3141 3095 3198 aut

535 3230 704 3286 nata
759 3239 886 3286 cur
935 3239 1069 3285 non
1128 3218 1458 3286 continuo
1512 3229 1707 3306 rapta
1744 3221 1947 3287 sum?
1995 3221 2096 3286 Ita
2143 3239 2295 3286 earn
2344 3217 2727 3306 plorantem
2781 3240 2939 3286 cum
2975 3240 3093 3287 co-

538 3305 893 3395 gnovisset
922 3305 1027 3373 vir
1055 3307 1205 3395 ejus
1235 3317 1415 3376 totus
1461 3305 1926 3387 errabunduS,
1962 3307 2263 3375 accurrit
2296 3306 2382 3375 ad
2418 3327 2597 3386 eam,
2646 3306 3094 3396 persuadere-

537 3416 676 3481 que
711 3393 814 3462 illi
862 3394 1102 3475 voluit,
1141 3417 1283 3465 rem
1313 3417 1385 3463 se
1415 3394 1514 3465 sic
1551 3394 1837 3464 minime
1885 3394 2160 3465 habere.
2198 3394 2323 3477 Ill-a
2362 3416 2520 3464 vero
2558 3416 2638 3464 ex
2676 3394 2829 3483 ejus
2862 3394 3091 3464 verbis

538 3483 626 3552 ad
680 3482 1240 3573 persuadendum
1292 3483 1695 3572 compositis
1727 3483 1955 3570 aliqua
1992 3495 2268 3575 accepta
2318 3482 2806 3563 consolatione,
2860 3483 2956 3553 ait
3001 3483 3092 3553 ad

534 3593 694 3641 eum
727 3595 743 3635 z
785 3572 853 3641 Si
889 3571 989 3641 vis
1027 3573 1198 3641 mihi
1223 3584 1288 3641 et
1319 3571 1609 3641 miserae
1650 3572 1925 3642 animae
1956 3594 2147 3642 meae
2178 3571 2595 3653 satisfaccre,
2631 3594 2783 3644 cras
2816 3593 3092 3642 mecum

544 3660 807 3750 pariter
855 3660 1144 3731 accedas
1202 3660 1283 3730 ad
1337 3660 1726 3742 ecclesiam,
1781 3683 1892 3731 me
1949 3675 2305 3751 praesente
2359 3660 2804 3731 immaculata
2852 3682 3094 3730 sumas

540 3748 911 3837 mysteria:
965 3751 1058 3819 ita
1107 3750 1279 3819 mihi
1320 3749 1448 3818 erit
1488 3749 1942 3819 satisfactum.
1980 3756 2151 3819 Tum
2192 3750 2308 3819 ille
2354 3749 2785 3839 compulsuS,
2828 3749 3000 3818 dixit
3028 3750 3093 3818 ei

540 3838 753 3915 totius
786 3838 883 3907 rei
934 3860 1307 3909 summam.
1363 3842 1440 3907 At
1485 3837 1606 3907 illa
1637 3861 1795 3908 mox
1828 3838 2238 3909 foemineam
2289 3837 2624 3928 abjiciens
2655 3837 3092 3908 imbecillita-

547 3938 713 4008 tem,
771 3926 1253 4027 optimumque
1302 3925 1406 3995 illi
1454 3926 1793 3997 adhibens
1825 3927 2223 4007 consilium,
2280 3949 2572 4018 propere
2602 3927 2746 3997 abit
2792 3927 2878 3996 ad
2930 3928 3094 4017 Epi-

541 4037 858 4104 scopum,
915 4016 1301 4103 Christique
1370 4026 1773 4086 sectatorem
1844 4015 2205 4098 Basiliam,
2257 4016 2710 4102 clamansque
2755 4016 3094 4086 adversus

535 4103 986 4193 impietatem,
1061 4105 1190 4174 ait:
1259 4103 1600 4186 Miserere,
1657 4104 1987 4175 miserere
2040 4105 2169 4173 mei
2244 4117 2478 4175 sancte
2525 4104 2683 4174 Dei:
2762 4104 3092 4175 miserere

540 4192 677 4262 mei
727 4206 1019 4263 sectator
1056 4193 1331 4262 Domini
1378 4215 1555 4280 quae
1602 4215 1763 4265 cum
1804 4193 2261 4264 daemonibus
2290 4192 2783 4264 commercium
2823 4192 3088 4264 habui:

540 4281 881 4363 Miserere,
914 4283 1240 4352 miserere
1271 4283 1407 4352 mei
1440 4305 1616 4370 quae
1666 4283 1945 4372 proprio
1987 4282 2255 4372 parenti
2297 4304 2735 4371 nequaquam
2776 4281 3088 4352 obedivi:
3136 4282 3145 4289 '

538 4391 827 4460 remque
873 4383 950 4441 ut
991 4384 1188 4463 gesta
1233 4384 1378 4442 erat
1425 4394 1549 4463 per
1593 4371 1909 4441 ordinem
1957 4371 2322 4442 enarravit.
