3357 4995
210 337 249 402 J
262 312 433 402 UNII
479 335 560 401 24
910 354 988 400 na
1034 354 1406 401 NATtvass
1456 356 1511 402 s.
1565 355 1829 403 JOANMS
1877 356 2055 402 BArr.
2535 338 2663 403 507

212 425 534 528 alligatus
557 437 705 518 fuit,
733 439 860 507 hoc
883 449 1005 517 est,
1033 438 1312 529 linguae
1344 439 1663 511 vinculis
1698 441 1912 509 Vitam
1949 440 2087 529 egit
2118 439 2374 509 interea
2401 462 2537 509 non
2560 463 2749 509 exer-

212 548 379 597 cens
426 526 909 600 sacerdotium,
954 538 1019 596 et
1066 526 1326 596 luctum
1377 528 1972 618 sustinuitpopuli
2025 528 2394 598 tristitiam.
2449 534 2753 619 Rogante

212 617 397 686 enim
454 615 803 685 sacerdote
855 638 975 706 pro
1023 616 1109 685 iis
1157 615 1278 703 qui
1327 627 1488 685 sunt
1538 618 1606 685 in
1667 617 1899 697 luctu,
1969 637 2246 697 omneS,
2303 639 2423 707 pro
2494 618 2751 704 quibus

212 703 701 786 interceditur,
754 717 1273 791 consequuntur
1322 706 1887 776 misericordiam.
1970 711 2159 775 Hanc
2218 727 2381 795 ergo
2448 706 2746 797 primam

213 792 616 863 exclamavit
653 815 879 862 vocem
921 806 1070 882 post
1110 793 1471 884 figuratam
1524 794 2117 866 resurrectionem:
2155 794 2564 865 Benedictus
2614 800 2750 864 Do-

217 882 453 952 minus
489 887 663 950 Deus
712 881 946 952 Israel.

301 972 497 1057 §18
550 976 723 1061 Ergo
753 992 876 1039 nos
909 992 1180 1056 quoque
1208 971 1388 1040 hanc
1417 993 1647 1040 vocem
1685 983 2200 1058 consequentes,
2240 972 2497 1041 bonum
2535 977 2747 1041 Deum

217 1071 525 1128 nostrum
562 1058 1061 1140 benedicenteS,
1115 1081 1271 1128 eum
1321 1059 1810 1150 glorificemus,
1862 1076 1927 1129 et
1975 1082 2094 1150 per
2151 1059 2364 1129 bonos
2415 1082 2638 1130 mores
2685 1071 2750 1128 et

212 1149 393 1218 bona
436 1170 640 1236 opera
688 1169 845 1216 eum
895 1148 1227 1228 colamus,
1266 1162 1341 1217 ut
1380 1151 1553 1217 hona
1587 1171 1858 1235 quoque
1891 1163 2164 1217 aeterna
2198 1170 2731 1236 consequamur.

215 1241 401 1319 Quae
449 1236 648 1305 liceat
679 1236 881 1306 nobis
906 1236 1232 1306 omnibus
1282 1239 1631 1323 consequi,
1736 1237 1906 1306 ratia
1952 1250 2017 1306 et
2062 1236 2425 1306 clementia
2478 1237 2747 1306 Domini

218 1325 435 1395 nostri
482 1331 647 1395 Jesu
723 1324 997 1393 Christi:
1052 1325 1386 1407 Quoniam
1436 1348 1593 1395 eum
1718 1338 1862 1395 ecet
1908 1326 2147 1416 gloria,
2213 1326 2434 1395 honor
2471 1339 2535 1394 et
2583 1325 2748 1394 ado-

215 1414 386 1482 ratio
420 1435 578 1483 cum
622 1414 943 1503 principii
978 1427 1248 1504 experte
1276 1415 1425 1503 ejus
1472 1420 1687 1496 Patre,
1740 1427 1805 1484 et
1850 1437 2007 1483 cum
2063 1415 2496 1485 sanctissimo
2543 1426 2608 1483 et
2652 1414 2749 1481 vi-

212 1502 409 1572 vifico
451 1503 730 1592 Spiritu,
786 1525 971 1572 nunc
1018 1515 1082 1571 et
1121 1525 1412 1592 semper,
1466 1516 1529 1573 et
1562 1504 1628 1571 in
1682 1503 1914 1573 secula
1961 1503 2376 1583 seculorum,
2420 1507 2654 1572 Arnen.

493 1769 746 1848 ITEM
804 1771 910 1847 IN
965 1770 1345 1848 NATALI
1409 1770 1480 1850 S.
1540 1769 2120 1851 PRAEOURS.
2180 1771 2471 1849 BAPT.

732 1986 913 2050 ALIA
962 1986 1262 2051 ORATIO
1312 1987 1374 2051 S.
1428 1983 1715 2051 JOANN.
1773 1987 2215 2052 CHRYSOST.

1118 2198 1282 2244 APUD
1330 2198 1842 2244 METAPHRASTEN.

300 2384 335 2469 ξ
383 2389 458 2455 1.
524 2383 924 2452 Benedictus
972 2389 1170 2453 Deus.
1240 2390 1406 2453 Ecce
1463 2386 1644 2452 enim
1700 2385 1904 2453 rebus
1976 2384 2147 2473 ipsis
2206 2397 2516 2455 ostensae
2590 2397 2750 2455 sunt

216 2471 661 2542 salutationes
703 2472 1020 2552 loannis,
1077 2495 1252 2560 quae
1323 2473 1577 2542 fiebant
1632 2474 1697 2541 in
1750 2484 1966 2542 utero.
2039 2477 2522 2542 Processerunt
2575 2475 2750 2563 justi

212 2560 376 2630 boni
414 2562 672 2640 nuncii,
710 2562 829 2647 qui
870 2563 1329 2631 afferebantur
1388 2563 1703 2651 pedibus,
1768 2562 1960 2631 Venit
2020 2563 2261 2652 gratia,
2314 2585 2547 2649 quarn,
2588 2586 2747 2632 cum

212 2650 281 2717 in
335 2664 524 2719 utero
570 2665 794 2730 esset,
862 2650 1296 2740 significavit.
1358 2651 1547 2719 Novit
1588 2650 1896 2719 mundus
1951 2650 2437 2719 exultationem
2469 2707 2483 2731 ‚
2537 2674 2744 2738 quam

213 2743 619 2808 Praecursor
666 2739 738 2808 in
786 2738 936 2808 alvo
967 2738 1329 2829 descripsit
1382 2739 1694 2829 pedibus.
1743 2745 1998 2808 Revera
2053 2739 2173 2807 alii
2227 2739 2645 2821 laborarunt,
2685 2753 2751 2809 et

214 2849 329 2895 vos
390 2828 679 2918 ingressi
727 2827 889 2898 estis
938 2828 1004 2895 in
1074 2828 1300 2915 ipsum
1352 2827 1682 2897 laborem.
1749 2827 2275 2897 Proclamabant
2336 2829 2734 2918 Prophetae,

215 2915 379 2984 dum
432 2916 967 3006 expellebantur.
1022 2922 1161 2985 Non
1199 2915 1490 2985 silebant
1529 2918 1727 3005 justi,
1781 2916 1945 2985 dum
2007 2917 2565 2987 verberabantur.
2631 2923 2748 2985 Pe-

214 3003 641 3074 riclitabatur
687 3003 1037 3095 catalogus
1096 3005 1611 3092 Prophetarum.
1682 3005 2106 3075 Resistebant
2170 3007 2467 3093 tyranni.
2535 3012 2748 3096 Reges

216 3091 471 3162 bellum
522 3094 868 3183 gerebant.
910 3094 1259 3183 Principes
1309 3094 1579 3162 stabant
1644 3094 1709 3161 in
1762 3094 1928 3163 acie.
1985 3094 2228 3183 Populi
2290 3095 2390 3163 ira
2450 3096 2746 3165 concita-

214 3181 485 3250 bantur.
540 3188 743 3252 Totus
793 3182 1097 3251 mundus
1132 3183 1620 3251 adversabatur
1663 3184 2009 3272 justorum
2051 3183 2566 3252 certaminibus.
2617 3184 2740 3253 Ubi

214 3270 768 3358 producebantur
814 3270 899 3339 ad
962 3271 1352 3352 tribunalia,
1413 3270 1553 3340 illic
1606 3272 1835 3360 flagris
1887 3271 2372 3340 caedebantur.
2435 3273 2747 3358 Undique

213 3370 545 3428 tormenta
593 3372 656 3427 et
709 3359 1072 3448 supplicia.
1117 3359 1427 3446 Undique
1474 3359 1875 3429 afflictiones
1941 3371 2005 3428 et
2051 3360 2370 3445 ejulatus.
2435 3361 2748 3446 Undique

215 3447 484 3516 tristitia
530 3461 594 3516 et
632 3448 965 3517 tenebrae.
1005 3448 1129 3516 Sed
1182 3471 1338 3517 cum
1380 3463 1606 3518 essent
1658 3449 1727 3516 in
1780 3447 1899 3516 tali
1947 3470 2026 3516 ac
2079 3462 2259 3517 tanta
2312 3449 2482 3517 vitae
2533 3449 2748 3517 tristi-

217 3535 328 3612 tia,
367 3536 883 3605 annunciabant
917 3536 1325 3606 solutionem
1367 3538 1811 3627 tempestatis.

297 3627 332 3710 ξ
383 3631 469 3695 2.
520 3626 827 3696 Joannes
856 3626 1037 3694 enim
1078 3625 1190 3695 ille
1241 3648 1533 3714 magnus
1582 3631 1990 3694 Praecursor
2027 3625 2317 3705 Domini,
2359 3646 2516 3693 cum
2570 3639 2747 3695 esset

210 3712 438 3791 adhuc
491 3728 773 3783 naturae
822 3711 1054 3784 fasciis
1115 3714 1458 3804 alligatus,
1518 3736 1631 3782 ver
1690 3713 1887 3784 nobis
1943 3713 2237 3782 ostendit
2309 3713 2630 3793 salutare,
2687 3728 2751 3783 et

212 3801 494 3870 studens
528 3825 684 3872 voce
728 3802 1117 3893 praedicare
1150 3825 1305 3871 eum
1357 3824 1563 3888 quem
1615 3802 2032 3892 significavit
2093 3803 2403 3892 pedibus,
2460 3815 2750 3872 conatur

211 3910 247 3955 e
300 3890 440 3958 redi
495 3891 683 3981 ipsos
717 3905 999 3961 naturae
1035 3891 1395 3960 terminos:
1451 3906 1516 3961 et
1564 3913 1741 3978 quae
1806 3891 1992 3959 tarde
2068 3895 2376 3980 pareret,
2444 3892 2747 3981 agitabat

214 3981 260 4043 E
292 3978 695 4050 izahetham.
736 3980 1031 4049 Saliebat
1062 3981 1271 4050 simul
1304 3981 1594 4049 chorum
1630 3981 1916 4059 ducens-0,
1957 3992 2021 4048 et
2050 4001 2250 4069 aegre
2279 3979 2525 4061 ferens,
2558 3981 2743 4067 quod

214 4076 551 4136 teneretur
581 4070 648 4136 in
690 4084 904 4138 utero,
960 4068 1394 4138 Exclamabat
1427 4069 1758 4137 adversus
1805 4067 2145 4139 mensium
2202 4069 2744 4138 conversionem.

216 4158 564 4240 Tanquam
617 4158 942 4246 injustam
981 4157 1365 4227 custodiam
1416 4158 1765 4244 quatiebat
1816 4157 2054 4225 matris
2123 4156 2401 4237 viscera,
2467 4157 2747 4227 modum

216 4244 543 4311 nascendi
573 4246 960 4326 accusabat,
1014 4260 1080 4315 et
1129 4246 1384 4317 clausis
1424 4245 1658 4323 labris,
1727 4244 2224 4314 vociferabatur
2264 4245 2531 4335 figuris,
2591 4245 2751 4314 talia

210 4332 709 4422 propemodum
765 4348 949 4403 motu
1027 4335 1264 4406 dicens
1327 4334 1777 4405 Elizabethae:
1847 4334 2088 4420 Inique
2145 4333 2334 4414 sacis,
2406 4355 2445 4402 o
2488 4346 2741 4413 mater,

206 4442 383 4507 quae
418 4420 666 4491 tardas.
714 4422 1113 4513 Prophetam
1173 4435 1396 4512 gestas
1438 4423 1506 4491 in
1543 4435 1770 4492 utero:
1824 4423 2135 4490 contines
2185 4422 2517 4511 gaudium
2562 4420 2748 4491 orbis
