3357 4995
642 349 771 412 588
1267 366 1347 412 mr
1394 366 1449 412 s.
1504 363 1836 413 Amantio
1884 362 2119 412 nuuc.
2173 362 2371 411 muse.
2742 345 2965 413 JUNII
3011 347 3101 413 26

553 449 756 541 stylo,
794 450 911 519 sed
946 451 1127 520 bona
1172 448 1310 519 fide
1356 471 1436 520 ac
1474 448 1716 520 devota
1746 461 1994 531 mente,
2032 470 2114 518 ex
2169 448 2405 518 multis
2455 470 2675 539 pauca
2731 448 3103 519 scribenda

554 539 851 629 suscepi,
905 559 1044 608 non
1084 539 1259 607 meis
1291 538 1506 609 fretus
1532 537 1824 619 viribuS,
1859 537 1979 609 sed
2012 537 2207 609 illius
2253 537 2502 608 virtute
2531 547 2595 606 et
2642 537 2802 606 beni
2856 537 3094 621 nitate,

600 627 677 729 ui
724 626 928 784 brutif
944 627 1320 727 animantis
1368 649 1446 698 os
1494 626 1704 696 verba
1730 626 1931 696 edere
1989 625 2246 708 docuit,
2284 638 2350 696 et
2395 623 2766 698 infantium
2850 627 3106 718 inguas

604 728 848 787 isertas
921 727 1079 786 acit.

641 807 679 893 ἓ
722 812 801 879 1.
856 803 1046 875 Celsa
1087 825 1477 894 magnaque
1540 804 1865 895 progenie
1912 803 2119 874 claris
2151 804 2220 873 in
2259 802 2521 873 mundo
2554 803 2958 894 parentibus
2984 803 3108 873 tali

555 893 746 985 prole
778 893 1020 974 beatis,
1061 904 1253 984 patre
1277 892 1619 974 Arduino,
1654 913 1735 963 ex
1774 892 2215 983 Allobrogum
2254 892 2526 982 (auctor
2559 893 2836 983 Savojae
2869 891 3107 982 habet)

553 982 833 1053 castello
867 980 1155 1074 Signino
1178 980 1237 1063 ⁴,
1271 994 1486 1051 matre
1514 980 1979 1053 nobilissimis
2009 1002 2173 1051 suae
2207 981 2465 1073 patriae
2491 980 2893 1052 hominibus
2923 993 3098 1064 orta,

556 1072 796 1142 beatus
842 1069 1248 1140 Anthelmus
1287 1069 1518 1141 editus
1537 1081 1678 1139 est:
1717 1071 1831 1139 cui
1863 1092 1943 1140 ea
1974 1092 2142 1140 cura
2174 1069 2327 1151 fuit,
2366 1080 2444 1139 ut
2470 1074 2626 1151 De0,
2660 1071 2777 1140 cui
2810 1070 3097 1161 placuit,

556 1159 873 1230 serviret:
926 1173 992 1229 et
1052 1159 1148 1228 ita
1192 1158 1496 1246 quierat
1545 1158 1799 1229 nobilis
1846 1181 2131 1251 genere,
2206 1158 2455 1228 Christi
2509 1158 2831 1230 servitute
2881 1158 3102 1230 multo

556 1248 778 1319 factus
809 1259 912 1318 est
959 1246 1277 1318 nobilior.
1318 1247 1560 1317 Divina
1606 1259 1836 1317 autem
1890 1247 2349 1339 providentia,
2406 1247 2520 1316 cui
2565 1247 2628 1316 is
2673 1270 2880 1318 curae
2925 1261 3096 1327 erat,

556 1337 625 1406 id
666 1350 930 1438 agente,
971 1349 1333 1427 parentum
1370 1336 1718 1406 voluntate
1755 1336 1985 1407 adhuc
2036 1358 2207 1426 puer
2248 1336 2465 1406 sacris
2501 1334 2852 1407 discendis
2883 1336 3102 1406 literis

557 1426 852 1496 traditus
898 1437 1022 1495 est.
1075 1429 1442 1511 Postquam
1484 1436 1715 1494 autem
1755 1425 2070 1504 adolevit,
2106 1426 2386 1515 egregia
2429 1424 2659 1494 indole
2688 1424 2840 1505 fuit,
2879 1438 3099 1495 tanta-

555 1536 691 1602 que
722 1514 1054 1583 divinitus
1092 1513 1313 1604 gratia
1363 1512 1709 1603 perfusus,
1762 1527 1840 1583 ut
1889 1512 2075 1604 apud
2127 1535 2391 1595 omnes,
2444 1514 2569 1600 qui
2601 1534 2760 1583 eum
2792 1526 3094 1593 nossent,

553 1602 811 1673 charus
868 1602 1257 1672 haberetur.
1295 1602 1434 1671 Etsi
1482 1614 1714 1671 autem
1764 1602 1910 1692 jam
1965 1607 2096 1672 Deo
2151 1623 2428 1689 quoque
2475 1615 2714 1694 gratus
2769 1615 2970 1685 esset,
3024 1616 3103 1672 ut

554 1692 998 1773 arbitramur,
1052 1711 1189 1760 non
1241 1702 1465 1760 tamen
1523 1690 1683 1760 ilico
1732 1690 1820 1760 ad
1873 1690 1992 1760 reli
2054 1691 2266 1761 iosam
2333 1691 2601 1760 vivendi
2653 1691 2985 1762 rationem
3027 1693 3118 1761 se'

555 1779 867 1850 conferre
912 1778 1149 1861 voluit,
1185 1778 1605 1850 arridentisi
1664 1779 1724 1848 si
1764 1779 1979 1849 seculi
2069 1779 2835 1861 landimentisillectuS,
2876 1801 3103 1868 neque

555 1869 740 1938 enim
790 1868 1021 1938 adbuc
1052 1880 1368 1938 accurate
1415 1889 1604 1938 versa
1657 1881 1817 1938 atur
1863 1870 1934 1938 in
1985 1868 2613 1940 commemorandis
2661 1869 3095 1950 novissimis,

554 1978 852 2045 quorum
904 1956 1145 2029 sedula
1194 1957 1515 2048 cogitatio
1562 1957 1845 2027 retrahit
1896 1979 1937 2026 a
1986 1956 2306 2047 peccatis.
2362 1956 2585 2027 Facile
2632 1969 2863 2027 autem
2922 1958 3098 2028 mihi

557 2044 936 2137 persuadeo
991 2046 1264 2115 divinae
1310 2045 1689 2135 sapientiae
1736 2045 1806 2114 id
1869 2045 1962 2115 ita
2031 2045 2289 2116 factum
2344 2066 2495 2115 esse
2551 2045 3094 2136 dispensatione,

556 2154 735 2221 quae
769 2132 1033 2205 fortiter
1068 2134 1502 2222 suaviterque
1547 2135 1785 2203 omnia
1842 2133 2197 2225 disponit:
2241 2146 2321 2204 ut
2364 2156 2503 2222 quo
2563 2133 2666 2203 illi
2719 2156 2828 2205 res
2878 2136 3102 2226 magis

559 2223 904 2293 secundae
953 2223 1307 2313 magisque
1356 2222 1444 2293 ad
1491 2223 1915 2293 voluntatem
1977 2223 2306 2303 fluerent,
2381 2244 2461 2292 eo
2508 2245 2550 2292 a
2598 2228 2794 2293 Patre
2821 2223 3100 2295 coelesti

559 2323 821 2469 tiractus
865 2311 955 2381 ad
981 2312 1347 2392 Christum,
1407 2312 1788 2401 majoribus
1817 2312 2204 2383 sanctitatis
2246 2311 2508 2383 meritis
2555 2312 2962 2391 cumulatus
3007 2314 3099 2381 vi·

608 2412 860 2470 eretur.

649 2491 687 2578 ξ
737 2494 825 2561 8.
879 2493 1115 2591 Itaque
1144 2489 1215 2559 in
1257 2488 1775 2561 Gebennensem
1807 2502 1874 2561 et
1913 2488 2361 2561 Bellicensem
2397 2488 2723 2560 ecclesias
2764 2489 3094 2568 adscitus,

564 2579 754 2650 brevi
790 2600 1064 2668 magnis
1109 2592 1212 2648 est
1239 2592 1487 2649 auctus
1533 2580 1788 2668 opibus
1817 2590 1882 2649 et
1914 2579 2382 2670 proventibuS,
2413 2579 2794 2650 honoribus
2821 2601 3101 2668 quoque

560 2680 626 2738 et
658 2667 1115 2759 dignitatibus
1143 2667 1651 2750 ecclesiasticiS,
1692 2667 1787 2737 ita
1815 2678 1891 2737 ut
1926 2668 2367 2759 provectioris
2395 2668 2637 2739 aetatis
2667 2668 2860 2748 viris,
2895 2681 3103 2757 atque

559 2757 764 2826 etiam
836 2756 1265 2846 gravissimis
1311 2756 1594 2826 senibus
1664 2756 2140 2828 anteferretur.
2193 2761 2271 2825 In
2328 2756 2762 2827 Gebennensi
2794 2757 2865 2793 *⁸
2912 2758 3098 2827 enim

559 2844 846 2915 ecclesia
868 2845 1302 2935 Praepositus
1325 2857 1390 2914 et
1419 2843 1861 2927 SecretariuS,
1883 2845 1949 2914 in
1986 2844 2455 2916 Bellieensiffl
2472 2846 2893 2915 Secretarius
2922 2868 3101 2916 crea·

560 2946 673 3004 tus
693 2945 834 3003 est:
862 2955 1040 3021 quae
1073 2932 1215 3003 illic
1246 2934 1659 3024 praecipuae
1694 2932 2070 3024 dignitates
2100 2933 2466 3004 habentur.
2511 2938 2818 3021 Cumque
2843 2934 3103 3004 multae

560 3022 624 3092 ei
651 3034 881 3093 essent
913 3021 1292 3103 facultateS,
1341 3043 1477 3092 non
1526 3022 1594 3091 id
1652 3022 1718 3091 ei
1779 3022 2009 3093 studio
2067 3019 2222 3105 fuit,
2287 3034 2364 3092 ut
2418 3044 2584 3113 opes
2642 3022 2992 3114 colligeret
3036 3038 3105 3094 et

562 3123 1012 3193 coacervaret,
1066 3110 1184 3183 sed
1215 3123 1293 3180 ut
1338 3110 1712 3182 liberaliter
1742 3124 1809 3182 et
1846 3111 2127 3182 honeste
2162 3133 2280 3182 eas
2317 3110 2749 3202 expenderet.
2807 3111 3104 3182 Delecta-

562 3201 766 3270 batur
809 3200 993 3269 enim
1027 3198 1375 3271 favoribus
1405 3211 1480 3270 et
1518 3199 1847 3272 laudibus
1895 3200 2284 3281 hominum,
2326 3211 2404 3270 ut
2451 3199 2672 3269 solent
2700 3199 2804 3269 illi
2854 3201 2979 3289 qui
3028 3201 3100 3270 in

564 3287 779 3379 pretio
829 3287 1065 3358 haberi
1095 3288 1351 3359 volunt.
1388 3293 1899 3359 Praetereuntes
1928 3288 2030 3358 vel
2064 3289 2506 3358 adventantes
2547 3288 2852 3359 illustres
2882 3290 3092 3371 viroS,

564 3388 703 3446 tam
756 3375 1135 3467 religiosoS,
1191 3398 1399 3464 quam
1455 3377 1803 3448 seculares
1833 3432 1849 3459 ‚
1904 3389 2286 3448 reverenter
2339 3377 2716 3468 accipiens,
2771 3378 2987 3448 immo
3033 3390 3101 3448 et

567 3464 995 3556 pertrahenS,
1032 3464 1409 3536 honorifice
1458 3464 1810 3547 tractabat,
1842 3478 1908 3536 et
1936 3466 2267 3555 obsequia
2310 3478 2704 3557 opportuna
2737 3465 3101 3538 officiosis-

562 3554 738 3624 sime
765 3553 1150 3626 exhibebat.
1207 3559 1309 3624 Ita
1341 3553 1546 3626 fiebat
1597 3567 1673 3625 ut
1705 3555 2091 3626 secundum
2149 3554 2482 3645 sapientis
2514 3555 2952 3638 sententiam,
2994 3578 3102 3640 re·

611 3663 698 3712 no
744 3643 988 3714 utilius
1037 3642 1297 3713 meritis
1336 3644 1741 3714 innumeros
1787 3643 1919 3713 sibi
1955 3643 2067 3715 lon
2121 3665 2158 3713 e
2202 3643 2471 3731 lateque
2503 3657 2777 3734 pararet
2807 3644 3094 3715 amicos.

617 3731 895 3802 abuisse
941 3753 1099 3802 vero
1152 3731 1367 3802 fertur
1414 3731 1604 3801 aliud
1666 3731 2001 3820 quiddam
2091 3754 2269 3824 onge
2337 3732 2853 3823 praestabilius,
2935 3754 3102 3824 erga

562 3841 902 3911 pauperes
948 3820 1208 3891 scilicet
1235 3832 1302 3890 et
1345 3820 1632 3892 afflictos
1677 3821 1993 3891 animum
2031 3821 2225 3911 pium
2255 3833 2323 3891 et
2361 3821 2773 3913 benignum.
2825 3826 3097 3893 Certum

558 3919 660 3980 est
695 3920 950 3992 autem,
984 3930 1195 3979 unam
1227 3909 1533 3998 aliquam
1572 3909 1919 3992 virtutem,
1972 3910 2033 3980 si
2062 3909 2227 3980 insit
2274 3909 2346 3979 in
2398 3910 2704 3993 homine,
2756 3910 2963 3981 etiam
3012 3909 3101 3980 ad

559 3995 733 4069 alias
778 4019 940 4069 eum
989 3997 1384 4089 perducere,
1440 3997 1626 4086 quod
1792 3998 1973 4069 idem
2022 3998 2126 4068 vel
2186 3998 2483 4069 maxime
2539 3998 2702 4069 facit
2749 3999 3096 4082 charitaS,

560 4085 710 4157 sine
762 4108 902 4175 qua
938 4097 1242 4157 caeterae
1272 4087 1557 4158 virtutes
1603 4108 1702 4158 nu
1734 4086 1838 4157 lae
1894 4099 2081 4159 sunt.
2147 4087 2510 4159 Charitatis
2567 4100 2796 4159 autem
2846 4088 3099 4158 eximia

562 4175 788 4266 proles
832 4186 937 4247 est
978 4175 1412 4266 eleemosyna
1460 4176 1692 4267 ,Icujus
1735 4176 1858 4265 qui
1904 4175 2197 4247 studiosi
2246 4187 2450 4258 sunt,
2502 4197 2806 4247 amorem
2871 4176 2988 4247 Dei
3036 4188 3104 4247 et

614 4372 970 4469 λθσιέὲέῗοω.
986 4377 1167 4426 autentu
1185 4375 1324 4426 cuju·
1341 4375 1504 4418 extum
1523 4375 1691 4417 ruine
1708 4374 1832 4427 apud
1851 4374 2145 4417 cuthbertum
2166 4374 2465 4425 (chamut-y).

618 4482 703 4510 *Φ*
732 4482 894 4534 Bellen.
