3357 4995
248 324 284 387 J
294 324 340 387 U
350 323 464 388 NII
516 323 599 386 30
2576 320 2704 384 663

574 582 700 681 DE
766 580 849 680 S.
921 579 1264 681 CASSIO
1342 580 1906 681 NARNIENSI
1977 577 2471 681 EPISCOPO

423 843 705 889 Aceronss
767 843 820 888 S.
891 840 1203 889 GnEGomo
1267 842 1449 888 PAPA.
1524 821 1959 908 Dialoqorum
2025 823 2094 886 L.
2160 822 2288 898 III,
2360 822 2427 887 C.
2509 822 2612 885 Vl.

928 1021 1113 1077 Obiit
1154 1036 1332 1078 anno
1373 1023 1491 1077 557
1532 1050 1610 1061 —
1649 1022 1808 1078 Nat.
1855 1021 2108 1076 Italus,

335 1227 560 1306 Neque
615 1220 742 1288 hoc
793 1224 980 1287 Petre
1029 1218 1267 1288 sileam
1300 1273 1315 1298 ,
1370 1217 1554 1304 quod
1608 1217 1808 1287 multi
1869 1238 2077 1297 nunc,
2143 1216 2266 1303 qui
2327 1217 2441 1285 hic
2490 1216 2574 1284 de
2621 1220 2788 1285 Nar-

250 1310 471 1377 niensi
520 1308 790 1378 civitate
838 1308 1115 1388 adsunt,
1171 1306 1342 1375 mihi
1393 1305 1633 1375 sedulo
1682 1305 2158 1376 testificantur.
2199 1304 2448 1374 Eodem
2483 1326 2790 1392 namque

250 1398 649 1468 Gotthorum
703 1411 1028 1486 tempore,
1090 1417 1249 1465 cum
1303 1394 1651 1486 praefatus
1702 1417 1816 1463 rex
1882 1393 2096 1463 Totila
2146 1394 2415 1463 Nar-niis
2465 1394 2782 1474 venisset,

248 1488 307 1555 ei
372 1488 473 1555 vir
522 1488 694 1556 vitae
746 1483 1154 1553 venerabilis
1202 1483 1477 1554 Cassius
1526 1484 1680 1574 ejus
1725 1483 1921 1553 urbis
1979 1484 2404 1573 EpiscopuS,
2459 1482 2781 1551 occurrit.

251 1576 370 1644 Cui
419 1576 583 1661 quia
631 1597 710 1643 ex
757 1573 1245 1662 conspersione
1293 1594 1566 1661 semper
1603 1571 1813 1642 facies
1862 1572 2109 1640 rubere
2138 1584 2605 1651 consueverat,
2661 1571 2788 1640 hoc

253 1687 367 1733 rex
415 1664 627 1732 Totila
678 1685 811 1731 non
846 1661 1358 1752 conspersionis
1406 1683 1555 1732 esse
1601 1660 1915 1740 credidit,
1971 1660 2086 1729 sed
2131 1660 2452 1731 assiduae
2502 1660 2792 1750 potatio-

249 1754 382 1833 nis,
418 1774 716 1838 eumque
746 1750 1147 1820 omnimodo
1174 1750 1505 1839 despexit.
1540 1750 1666 1819 Sed
1695 1749 2131 1839 omnipotens
2158 1754 2353 1830 DeuS,
2381 1762 2458 1818 ut
2489 1760 2791 1835 quantus

248 1844 353 1910 vir
399 1855 597 1920 esset,
651 1841 770 1927 qui
820 1840 940 1909 des
998 1840 1351 1919 iniebatur,
1384 1838 1791 1918 ostenderet,
1834 1839 1902 1905 in
1945 1838 2305 1907 Narniensi
2352 1859 2622 1927 camp0‚
2651 1858 2790 1924 quo

251 1953 365 1999 rex
404 1930 795 2010 advenerat,
837 1929 1187 2019 maignus
1234 1928 1520 2018 spiritus
1567 1949 1800 1996 coram
1851 1927 2042 1994 omni
2089 1928 2391 1996 exercitu
2438 1927 2591 2016 ejus
2635 1948 2791 2015 spa-

250 2019 551 2087 tharium
602 2018 873 2093 invasit,
904 2039 1204 2104 eumque
1253 2039 1491 2086 vexare
1538 2016 1911 2086 crudeliter
1958 2016 2204 2105 coepit.
2258 2016 2387 2097 Qui
2437 2037 2597 2084 cum
2632 2027 2791 2084 ante

249 2107 431 2196 regis
492 2107 730 2177 oculos
797 2107 883 2175 ad
936 2106 1402 2175 venerandum
1455 2104 1680 2174 virum
1731 2106 2040 2174 Cassium
2103 2103 2345 2173 suisset
2391 2104 2781 2174 adductus:

250 2198 437 2266 hunc
499 2198 585 2265 ab
642 2218 721 2265 eo
771 2197 872 2264 vir
924 2195 1239 2273 Domini,
1316 2194 1623 2264 oratione
1668 2194 1870 2273 sacta,
1925 2194 2123 2282 signo
2191 2192 2428 2262 Crucis
2487 2192 2781 2283 expulit,

246 2285 368 2371 qui
418 2286 484 2353 in
517 2307 677 2354 eum
732 2284 996 2374 ingredi
1026 2283 1319 2352 ulterius
1354 2304 1489 2351 non
1528 2282 2017 2371 praesumpsit.
2073 2281 2320 2367 Sicque
2367 2280 2626 2350 factum
2657 2294 2782 2361 est,

245 2387 324 2442 ut
369 2397 486 2443 rex
520 2375 859 2443 barbarus
907 2394 1179 2441 servum
1211 2372 1326 2440 Dei
1365 2371 1451 2441 ab
1486 2371 1604 2439 illo
1625 2372 1771 2461 jam
1815 2371 1925 2439 die
1960 2382 2399 2440 veneraretur
2445 2392 2523 2439 ex
2551 2368 2781 2449 corde,

248 2484 456 2550 quem
527 2463 925 2553 despectum
996 2459 1193 2530 valde
1256 2459 1594 2548 judicavit
1661 2482 1744 2529 ex
1815 2459 2009 2528 facie.
2091 2464 2259 2530 Nam
2331 2458 2504 2546 quia
2562 2458 2786 2529 virum

248 2564 474 2709 gantae
523 2552 794 2652 uirtutis
844 2550 1033 2631 vidit,
1086 2572 1250 2639 erga
1275 2572 1434 2620 eum
1478 2548 1597 2618 illa
1644 2571 1844 2618 mens
1877 2549 2081 2618 effera
2115 2549 2202 2617 ab
2241 2547 2559 2619 elationis
2606 2547 2788 2618 fastu

298 2654 617 2711 etumuit.

460 2851 713 2927 ITEM
771 2849 915 2927 EX
973 2779 1318 2929 E-JUsD.
1383 2848 1820 2927 HOMILIA
1878 2847 1978 2927 37
2019 2849 2125 2924 IN
2184 2847 2572 2925 EVANG.

338 3083 373 3166 ξ
421 3085 495 3150 1.
550 3081 853 3149 Audistis
900 3081 1239 3149 dicentem
1290 3080 1685 3159 Dominum,
1725 3079 1967 3148 fratres
1996 3079 2433 3149 charissimi:
2478 3082 2612 3146 Aut
2684 3079 2792 3146 uis

249 3193 378 3237 rese
404 3171 623 3237 iturus
662 3171 1067 3238 committere
1115 3172 1365 3239 bellum
1404 3170 1726 3238 adversus
1770 3170 1988 3237 alium
2016 3190 2263 3258 reqem,
2299 3189 2513 3236 nonne
2559 3188 2629 3235 se
2678 3188 2793 3235 ens

248 3260 440 3349 prius
488 3259 761 3347 coqz‘cat,
811 3260 877 3327 si
896 3260 1108 3349 possit
1145 3281 1296 3326 cum
1326 3259 1548 3327 decem
1582 3259 1885 3328 millibus
1930 3280 2296 3336 occurrere,
2337 3258 2421 3336 ei,
2477 3257 2603 3345 qui
2643 3278 2794 3323 cum

248 3349 498 3434 vz'qz’ntc‘
530 3348 829 3416 millibus
867 3350 1047 3416 venit
1078 3348 1168 3417 ad
1202 3349 1322 3416 se?
1353 3348 1672 3437 Alioquin
1716 3347 1938 3415 adhuc
1987 3348 2106 3415 illo
2164 3350 2357 3434 lonqe
2390 3354 2652 3434 αῃεηεε,
2693 3347 2788 3412 le-

248 3438 587 3525 qationem
616 3438 903 3516 mittens,
940 3447 1138 3527 royac
1185 3459 1268 3504 ea
1312 3458 1487 3526 quac
1513 3438 1703 3526 pacis
1733 3446 1887 3504 sunt
1916 3434 2162 3524 (Lucae
2192 3433 2393 3521 xx1v).
2451 3438 2586 3501 Rex
2633 3453 2795 3501 con·

250 3539 356 3593 tra
403 3546 632 3614 regem
681 3546 761 3593 ex
794 3546 1013 3611 aequo
1061 3524 1245 3593 venit
1290 3524 1377 3594 ad
1415 3524 1780 3614 praelium,
1833 3534 1898 3592 et
1946 3537 2174 3593 tamen
2208 3523 2268 3591 si
2308 3544 2381 3591 se
2431 3518 2795 3612 perpendit

252 3635 391 3682 non
443 3635 641 3703 posse
700 3611 1060 3694 sufficere,
1116 3613 1526 3703 legationem
1583 3613 1826 3692 mittit,
1883 3623 1948 3681 et
2008 3633 2087 3680 ea
2150 3632 2328 3698 quae
2435 3610 2579 3680 acis
2632 3620 2797 3679 sunt

252 3702 577 3802 postulat.
608 3702 872 3783 Quibus
919 3723 1082 3793 ergo
1130 3702 1459 3791 lacrymis
1489 3723 1614 3771 nos
1663 3722 1941 3791 sperare
1971 3699 2240 3768 veniam
2289 3697 2374 3768 de
2425 3719 2625 3767 emus
2672 3698 2797 3785 qui

252 3790 372 3859 illo
407 3790 476 3859 in
515 3789 865 3860 tremendo
911 3791 1226 3861 examine
1254 3812 1417 3861 cum
1468 3811 1625 3880 rege
1667 3801 1898 3860 nostro
1938 3811 2017 3858 ex
2066 3808 2285 3875 aequo
2333 3787 2420 3857 ad
2443 3786 2796 3876 judicium

251 3900 389 3948 non
438 3884 779 3961 versuum,
833 3901 1007 3966 quos
1061 3880 1395 3950 nimirum
1444 3878 1864 3949 conditionis
1913 3877 2284 3946 infirmitas
2312 3888 2378 3945 et
2425 3897 2640 3945 causa
2690 3874 2798 3943 in-

253 3965 532 4038 feriores
563 3968 881 4038 exhibet?
929 3969 1057 4038 Sed
1098 3967 1385 4039 fortasse
1405 3966 1552 4054 jam
1588 3967 1756 4036 mali
1803 3967 2032 4057 operis
2065 3965 2311 4065 culpas
2337 3962 2791 4043 abscidimuS,

244 4055 392 4144 jam
444 4079 651 4147 parva
696 4079 1010 4145 quaeque
1055 4057 1352 4128 exterius
1376 4056 1833 4127 declinamus.
1862 4054 2211 4142 Numquid
2251 4052 2338 4123 ad
2373 4051 2797 4123 reddendam

256 4144 590 4243 rationem
639 4146 1072 4238 cogitationis
1123 4159 1393 4218 nostrae
1442 4145 1878 4218 sufficimus?
1917 4149 2084 4215 Nam
2136 4165 2299 4213 cum
2345 4141 2591 4234 viginti
2641 4139 2799 4210 mil-

259 4231 443 4301 libus
488 4235 717 4305 venire
744 4236 1000 4307 dicitur
1047 4237 1130 4317 is,
1187 4246 1425 4306 contra
1455 4256 1662 4324 quem
1692 4233 1981 4304 minime
2009 4232 2268 4303 sufficit
2314 4231 2440 4303 iste
2484 4229 2797 4320 quicum

258 4319 494 4390 decem
558 4323 871 4395 millibus
931 4326 1139 4396 venit.
1209 4329 1451 4394 Decem
1518 4322 1741 4392 millia
1786 4322 2046 4413 quippe
2108 4321 2195 4391 ad
2242 4320 2490 4411 viginti
2548 4317 2791 4397 millia,

260 4408 590 4500 simplum
641 4412 727 4481 ad
776 4414 1072 4506 duplum
1122 4425 1308 4486 sunt.
1362 4418 1496 4483 Nos
1542 4425 1770 4482 autem
1800 4412 1860 4481 si
1888 4410 2183 4481 multum
2220 4408 2648 4500 proficimus,
2691 4407 2796 4474 vix
