3357 4995
727 356 854 417 516
1328 372 1405 416 na
1452 371 1825 416 xATtvrrA‘rss
1874 372 1925 417 S.
1980 370 2243 416 ioannis
2293 370 2470 415 narr.
2824 349 3044 414 JUNII
3092 351 3181 414 24

643 452 883 541 gloria,
962 451 1216 519 laetitia
1272 451 1711 539 Angelorum,
1784 450 2401 519 excellentissimus
2465 449 2692 529 homo,
2757 450 3184 538 consangui-

645 564 812 609 neus
869 539 1139 619 Christi,
1209 541 1476 609 amicus
1525 539 1787 628 sponsi,
1843 561 2134 629 sponsae
2186 550 2658 628 praeparator:
2717 543 2906 606 Unus
2938 549 3063 619 est,
3116 552 3185 606 et

645 629 1026 699 secundum
1088 650 1220 696 non
1274 629 1507 705 habet,
1562 629 1683 714 qui
1753 628 1982 697 choris
2051 629 2452 696 intertextus
2523 626 2902 716 AngeliciS,
2959 625 3186 695 subli—

644 717 880 786 mioris
928 739 1217 785 coronae
1268 717 1483 786 titulis
1537 717 2006 786 universitatis
2064 718 2410 784 humanae
2468 715 2889 784 transcendit
2938 736 3184 783 ascen-

643 829 824 874 sum.
882 806 1183 892 Denique
1216 805 1390 874 inter
1439 821 1632 874 natos
1685 805 2055 874 mulierum
2109 821 2248 873 non*
2295 805 2590 873 surrexit
2650 805 2868 893 major
2914 810 3186 873 Joanne

642 895 960 984 Baptista.
1021 893 1198 961 Felix
1254 895 1478 972 home,
1527 895 1645 980 qui
1698 893 1986 963 feliciter
2032 894 2380 962 coelorum
2435 892 2928 982 perambulans
2962 891 3184 960 offici-

644 1007 790 1060 nas,
827 1006 1040 1052 cursu
1070 983 1499 1051 velocissimo
1535 985 1847 1068 sequitur
1871 982 2416 1071 Redemptorem,
2465 1003 2585 1050 nec
2620 981 2917 1070 alicujus
2969 982 3183 1050 inter-

642 1072 947 1140 cluditur
996 1071 1265 1159 l'astigio
1314 1072 1693 1160 dignitatis,
1748 1094 1952 1158 quem
2005 1093 2317 1140 summae
2352 1069 2691 1138 felicitatis
2745 1070 3179 1138 immensitas

646 1162 905 1250 largius
956 1161 1290 1228 irroravit.
1340 1166 1702 1228 Laetantur
1748 1160 1982 1250 Angeli
2032 1173 2097 1228 et
2144 1161 2505 1245 utriusque
2541 1173 2822 1227 naturae
2855 1180 3180 1228 numero-

644 1251 808 1318 sitas
858 1249 1240 1317 admiratur
1289 1249 1636 1317 hominem
1691 1250 1787 1317 sic
1838 1250 2225 1339 ingressum
2261 1249 2590 1336 abyssum
2631 1247 2939 1326 luminiS,
2994 1259 3058 1316 et
3112 1248 3177 1314 in

646 1353 961 1406 aeternae
1038 1338 1415 1404 divinitatis
1468 1337 1751 1426 pelagus
1823 1338 2273 1426 absorptum,
2355 1350 2430 1405 ut
2501 1337 2718 1424 ipsam
2801 1335 3183 1404 reverberet

644 1427 998 1516 Angelicae
1070 1427 1386 1514 puritatis
1444 1426 1804 1520 originem.
1884 1427 2243 1495 Eleventur
2298 1446 2584 1503 omnes,
2640 1436 2704 1492 et
2773 1425 3174 1493 meritorum

647 1515 1138 1605 praerogativis
1195 1528 1348 1582 ante
1381 1516 1866 1584 consistorium
1935 1514 2307 1614 majestatis
2339 1512 2675 1582 exultent:
2735 1535 2867 1581 non
2903 1514 3031 1582 erit
3080 1525 3178 1582 ta-

648 1627 829 1684 men,
865 1604 987 1689 qui
1034 1603 1115 1670 ad
1172 1603 1507 1692 Baptistae
1538 1604 1835 1672 Joannis
1892 1603 2328 1692 privilegium
2391 1602 2636 1670 audeat
2683 1602 3012 1701 aspirare.
3049 1607 3183 1690 Age

638 1695 781 1781 jam
813 1716 875 1759 a
904 1691 1302 1778 grediamur
1330 1692 1654 1760 virtutum
1694 1693 1993 1782 insignia
2025 1713 2200 1778 quae
2234 1696 2407 1759 Deus
2450 1692 2824 1778 majestatis
2854 1691 2922 1758 in
2958 1692 3184 1759 amico

649 1804 775 1849 suo
824 1804 867 1870 g
898 1781 1121 1848 oriosa
1170 1781 1638 1849 cumulatione
1689 1782 2022 1869 signavit:
2077 1782 2174 1848 sic
2209 1779 2393 1847 enim
2435 1780 2522 1849 ab
2555 1793 2708 1848 ortu
2748 1780 2922 1848 vitae
2962 1801 3185 1866 usque

650 1869 732 1937 ad
786 1890 1103 1938 occasum
1141 1892 1298 1938 eum
1353 1870 1752 1939 hominibus
1790 1883 2229 1939 conversatus
2260 1881 2382 1946 est,
2422 1881 2498 1937 ut
2531 1869 2748 1936 forma
2799 1869 2995 1948 vitae,
3036 1891 3183 1936 mo-

648 1980 798 2026 rum
854 1957 1243 2026 informatio
1296 1958 1648 2027 habeatur.
1693 1964 1768 2026 Et
1800 1959 1954 2026 licet
2001 1959 2111 2026 hic
2161 1958 2497 2027 sermonis
2547 1957 2736 2025 aurei
2780 1978 2914 2026 non
2951 1957 3186 2026 rutilet.

648 2046 1137 2137 pulchritudo,
1212 2047 1627 2116 tentabimus
1692 2060 1914 2116 tamen
1989 2069 2212 2115 rerum
2274 2046 2617 2114 veritatem
2691 2046 3184 2132 qualicumque

651 2136 825 2224 stylo
922 2137 1167 2204 erstrin
1222 2157 1354 2212 ere,
1398 2135 1564 2204 illud
1621 2159 1693 2202 sa
1751 2135 1950 2204 ientis
2005 2135 2450 2215 attendentes,
2510 2135 2964 2223 prudentibus
3013 2135 3180 2202 viris

650 2247 782 2292 non
822 2247 863 2312 p
897 2246 1089 2291 acere
1141 2247 1182 2314 p
1239 2224 1513 2302 alerata,
1548 2225 1661 2291 sed
1725 2224 1917 2293 ortia.

735 2317 771 2398 ἓ
824 2319 911 2382 8.
968 2313 1237 2382 Primus
1285 2313 1433 2399 ejus
1487 2313 1705 2382 honor
1764 2327 1862 2381 est
1911 2312 2129 2402 gloria
2179 2313 2245 2379 in
2290 2311 2839 2380 annuntiatione.
2893 2316 3034 2381 Non
3084 2324 3184 2380 est

653 2401 1125 2470 dissimulanti
1190 2401 1461 2469 silentio
1513 2401 2036 2480 transeundum,
2090 2424 2296 2487 quam
2351 2401 2639 2470 solemni
2690 2400 3184 2491 glorificatione

699 2490 844 2559 ueri
882 2489 1093 2579 hujus
1128 2491 1194 2557 in
1236 2490 1572 2559 mundum
1630 2491 2001 2561 nunciatur
2048 2491 2426 2580 ingressus.
2480 2489 2679 2559 Adest
2728 2489 3023 2579 Angelus
3054 2492 3184 2557 Ga-

652 2513 849 2659 briel,
908 2592 972 2647 et
1019 2602 1055 2647 a
1104 2579 1439 2668 superiori
1496 2580 1842 2649 coelorum
1893 2580 2171 2648 cardine
2211 2581 2476 2648 Domini
2527 2579 2852 2648 fortitudo
2901 2579 3184 2647 descen·

652 2668 844 2745 dens,
883 2680 1012 2736 stat
1061 2690 1099 2735 a
1148 2668 1400 2738 dextris
1449 2668 1684 2739 altaris
1716 2670 2011 2737 incensi:
2068 2690 2189 2736 nee
2223 2669 2512 2754 quilibet
2558 2668 2877 2757 Angelus,
2918 2667 3032 2735 sed
3069 2666 3187 2734 ille

651 2756 1037 2834 sublimior,
1092 2757 1210 2842 qui
1264 2758 1496 2825 beatae
1540 2758 1798 2846 Virgini
1853 2757 2183 2826 nuncium
2228 2756 2453 2826 attulit
2502 2756 2883 2846 singulare:
2923 2768 2987 2822 et
3040 2754 3181 2823 ele-

650 2858 800 2913 ctus
836 2858 935 2913 est
983 2856 1057 2913 ut
1109 2847 1467 2913 nunciaret
1520 2847 1832 2922 militem,
1887 2846 2006 2931 qui
2063 2851 2305 2935 Regem
2349 2846 2678 2914 nunciare
2710 2845 3021 2923 debebat,
3057 2842 3184 2911 ad-

653 2946 783 3002 stat
832 2934 1150 3001 sacerdos
1200 2935 1740 3003 sacerdotalibus
1772 2934 2082 3014 indutuS,
2125 2946 2190 3003 et
2223 2933 2588 3023 multiplici
2626 2933 3182 3002 vestimentorum

654 3022 1000 3121 varietate,
1027 3021 1423 3091 coelestium
1462 3036 2048 3092 sacramentornm
2085 3022 2559 3113 praefigurans
2593 3023 2990 3113 imaginem,
3025 3043 3189 3111 pur-

656 3124 998 3201 gationem
1079 3124 1512 3200 peccatorum
1577 3112 1846 3197 mystici
1898 3111 2258 3201 sanguinis
2319 3112 2712 3200 aspersione
2815 3111 3178 3200 raesignat.

656 3199 977 3268 Consistit
1025 3222 1251 3267 coram
1305 3222 1462 3268 area
1511 3200 1826 3281 foederiS,
1880 3216 1941 3268 et
1989 3213 2144 3269 ante
2180 3202 2563 3269 testamenti
2605 3202 2769 3269 tabu
2802 3223 2900 3281 as,
2933 3221 3186 3269 urnam

651 3310 929 3356 auream
966 3288 1325 3356 habentem
1382 3311 1657 3367 manna,
1721 3290 1978 3377 virgam
2032 3293 2275 3368 Aaron,
2314 3288 2685 3370 Cherubin,
2742 3301 2808 3358 et
2855 3288 3189 3379 propitia-

654 3376 931 3456 torium,
966 3376 1361 3445 solemniter
1396 3377 1751 3457 infulatus,
1801 3377 2019 3445 vultui
2058 3377 2193 3457 Dei,
2227 3377 2483 3476 gloriae
2513 3378 2907 3468 majestatiS,
2957 3398 3182 3447 rerum

652 3464 964 3533 omnium
1016 3467 1298 3534 Domino
1347 3479 1495 3533 vota
1548 3465 1990 3555 percelebrat.
2049 3466 2201 3536 Dies
2251 3479 2458 3535 instat
2508 3465 2859 3545 solemniS,
2925 3480 2990 3535 et
3037 3486 3186 3534 cae-

654 3554 813 3622 teris
862 3552 1107 3622 diebus
1176 3553 1602 3623 multitudini
1668 3554 2100 3623 Judaeorum
2160 3554 2533 3634 celebrior,
2592 3556 2858 3624 Domini
2931 3554 3191 3643 praeci-

655 3642 903 3730 pientis
951 3644 1377 3711 attestatione
1426 3642 1770 3723 sublimis,
1837 3643 2037 3731 plane
2088 3643 2483 3733 spectabilis
2515 3657 2579 3712 et
2627 3644 2884 3723 festiva,
2941 3644 3011 3710 in
3052 3665 3194 3730 qua

654 3730 798 3798 sola
839 3730 964 3798 soli
1018 3732 1327 3799 Pontifici
1378 3732 1621 3801 licebat
1657 3732 1938 3800 introire
1986 3733 2054 3798 in
2108 3744 2343 3802 sancta
2393 3746 2813 3811 sanctorum,
2868 3739 2933 3798 et
2958 3752 3197 3820 asper-

653 3821 811 3909 gine
871 3819 1277 3888 multiformi
1314 3843 1627 3889 summae
1676 3820 2057 3889 divinitatis
2099 3822 2270 3889 iram
2316 3821 2736 3910 refrigerare.
2778 3819 3197 3889 Convenitur

654 3908 964 3994 undique
1014 3909 1081 3977 in
1135 3922 1439 3977 sanctam
1505 3910 1873 3989 civitatem,
1928 3924 1993 3978 et
2043 3909 2454 3999 populorum
2509 3909 2706 3977 turba
2771 3906 3200 3993 frequentior

654 3996 965 4065 cumulat
1024 3996 1375 4065 materiam
1430 3998 1871 4086 gaudiorum.
1928 4003 2111 4066 Inter
2163 3999 2327 4066 haec
2385 4020 2578 4066 sacra
2640 3996 3028 4066 consistens
3075 4002 3196 4067 Ar—

656 4084 1077 4174 changelus:
1134 4091 1225 4153 Ne
1275 4087 1539 4165 timeas,
1580 4088 1825 4173 inquit,
1877 4086 2221 4166 Zacharia,
2252 4088 2412 4172 quia
2456 4097 2777 4154 nascetur
2816 4085 2940 4155 tibi
2974 4085 3190 4166 filius,

658 4188 1023 4263 parentum
1077 4174 1437 4262 gaudium,
1487 4175 1806 4245 nobilitas
1865 4175 2155 4266 generiS,
2213 4175 2400 4244 orbis
2432 4173 2850 4263 exemplum,
2898 4174 3059 4244 finis
3100 4175 3200 4245 le-

657 4264 785 4353 gis,
848 4262 1199 4352 Evangelii
1265 4263 1715 4353 principium,
1772 4265 2011 4333 mortis
2058 4264 2393 4352 expulsiO,
2445 4262 2664 4351 janua
2712 4263 2912 4343 vitae,
2983 4262 3202 4334 decus

656 4351 1065 4432 hominum,
1143 4352 1683 4421 conversationis
1741 4353 2115 4443 splendor,
2174 4352 2402 4423 omnis
2460 4353 2771 4452 justitiae
2843 4353 3202 4444 principa-

655 4451 788 4509 tus.
844 4444 920 4508 Et
968 4461 1051 4508 ne
1102 4439 1441 4510 diffusiori
1508 4454 1797 4511 tractatu
1846 4463 2072 4510 rerum
2123 4440 2592 4512 excellentiam
2644 4441 3199 4526 confundamuS,
