3357 4995
217 334 438 398 JUNII
490 335 530 397 9
951 351 1028 396 nn
1077 351 1131 396 s.
1187 349 1449 397 ramera
1502 350 1668 397 vinc.
1722 349 1798 396 ET
1845 351 2033 396 mar.
2541 332 2667 396 227

215 435 397 524 quod
433 435 732 522 denique
782 434 865 502 ad
902 435 1156 504 exitum
1211 456 1315 504 res
1364 436 1513 524 ipsa
1557 434 1887 525 perducta
1934 434 2047 502 sit.
2101 434 2281 502 Licet
2330 433 2533 502 etiam
2581 434 2761 503 nihi-

217 525 520 593 lominus
558 538 725 592 etex
780 524 799 590 i
858 545 932 592 sa
982 523 1220 592 mortis
1273 525 1531 592 ratione
1598 524 1724 592 hoc
1781 522 2188 613 intelligere.
2247 521 2438 590 Multi
2487 523 2669 592 enim
2721 546 2759 593 e

214 613 501 682 sublimi
554 623 725 681 tecto
832 611 1050 700 eiecti,
1107 611 1277 680 nihil
1356 612 1519 681 mali
1572 611 1754 703 passi
1804 622 1999 681 sunt:
2055 609 2174 679 alii
2252 633 2447 692 vero,
2501 612 2759 698 quibus

209 724 325 772 cor
377 703 519 771 oris
587 700 894 769 membra
946 700 1127 770 laesa
1174 714 1239 768 et
1289 701 1602 771 mutilata
1653 699 1930 781 fuerint,
2002 711 2150 789 post
2221 721 2459 770 casum
2526 700 2760 790 ipsum

213 725 431 860 multo
484 802 614 858 tem
671 810 786 858 ore
828 788 1339 878 superfuerunt.
1391 795 1465 859 At
1512 790 1582 859 in
1650 789 1768 858 illa
1820 789 2010 859 beata
2062 788 2324 878 virgine
2374 787 2547 857 nihil
2628 789 2759 858 tale

211 884 387 948 Deus
437 879 585 967 ipse
623 812 767 947 iieri
808 878 1166 977 permisit:
1223 877 1337 947 sed
1374 880 1600 948 statim
1642 878 1855 967 jussit
1888 877 2195 946 animam
2247 898 2499 966 corpus
2548 877 2758 948 relin-

206 989 437 1054 quere,
478 987 768 1053 eamque
805 988 950 1056 ipse
998 966 1283 1056 accepit,
1322 967 1582 1058 quippe
1628 988 1807 1054 quae
1834 978 2171 1053 quantum
2216 965 2382 1035 satis
2431 965 2580 1046 fuit,
2614 988 2759 1035 cer-

211 1068 490 1135 taverat,
548 1067 612 1124 et
655 1077 793 1123 rem
831 1076 1103 1123 omnem
1141 1055 1578 1145 impleverat:
1618 1077 1754 1124 non
1795 1055 1981 1124 enim
2018 1076 2202 1124 mors
2253 1054 2371 1123 illa
2418 1055 2757 1140 ejusmodi

210 1167 411 1216 casus
465 1157 807 1223 naturam,
861 1143 978 1212 sed
1031 1144 1145 1213 Dei
1166 1144 1581 1231 jussionem,
1617 1156 1986 1214 consecuta
2034 1157 2155 1212 est.

294 1235 333 1320 ξ
383 1237 541 1306 1⁰.
593 1233 875 1301 Jacebat
925 1233 1134 1322 igitur
1171 1255 1290 1302 cor
1341 1255 1426 1304 us
1460 1233 1628 1304 illud
1686 1255 1819 1303 non
1869 1234 1935 1301 in
1991 1229 2161 1301 lecto
2205 1232 2460 1319 aliqu0,
2515 1232 2629 1301 sed
2686 1234 2757 1300 in
2852 1223 2867 1240 '

213 1322 379 1391 solo.
435 1326 565 1390 Nec
617 1333 969 1411 propterea
1023 1335 1245 1390 tamen
1348 1323 1579 1391 onoris
1611 1344 1853 1411 expers
1901 1334 2068 1400 erat,
2122 1322 2286 1407 quia
2323 1322 2390 1389 in
2427 1320 2571 1391 solo
2606 1321 2757 1410 ipso

202 1410 514 1499 jacebat:
572 1409 686 1478 sed
752 1408 974 1478 solum
1044 1411 1268 1499 ipsum
1320 1431 1400 1478 ex
1454 1434 1532 1480 eo
1593 1411 1723 1480 fuit
1782 1411 2217 1491 honoratum,
2272 1409 2452 1496 quod
2505 1429 2758 1499 corpus

125 1504 142 1521 ⁶
215 1498 380 1567 illud
459 1512 590 1566 tam
643 1498 1020 1587 gloriosum
1070 1520 1229 1568 exce
1285 1499 1375 1567 it:
1427 1500 1817 1587 quinimmo
1876 1500 2037 1586 quia
2109 1498 2173 1565 in
2228 1511 2402 1567 terra
2452 1499 2749 1588 jacebat,

210 1610 286 1656 eo
325 1589 479 1676 ipso
528 1608 781 1676 corpus
832 1586 999 1655 illud
1050 1600 1193 1656 erat
1237 1521 1664 1658 honoratius.
1722 1586 2131 1677 Huiusmodi
2200 1587 2386 1655 enim
2437 1599 2598 1656 sunt
2658 1588 2759 1654 in-

204 1677 453 1762 Juriae,
557 1697 683 1745 uae
737 1688 1008 1764 propter
1047 1676 1386 1745 Christum
1422 1677 1901 1766 accipiuntur„
1939 1688 2015 1745 ut
2066 1676 2342 1744 honoris
2391 1675 2755 1746 cumulum

214 1765 413 1833 nobis
472 1787 508 1830 a
565 1781 776 1832 erant.
842 1765 1121 1832 Jacebat
1169 1764 1378 1854 igitur
1428 1767 1493 1833 in
1552 1764 1696 1835 solo
1760 1765 1957 1854 ipso,
2010 1777 2074 1833 et
2122 1776 2416 1853 angusto
2456 1765 2757 1850 quodam

212 1853 401 1923 loco:
459 1852 575 1921 sed
633 1852 863 1942 Angeli
923 1852 1231 1942 Pelagiae
1304 1876 1556 1944 corpus
1613 1853 2161 1930 circumdabant,
2239 1867 2302 1920 et
2350 1852 2757 1943 Archangeli

209 1964 453 2010 omnes
503 1941 953 2022 honorabant,
1009 1941 1316 2010 Christus
1348 1942 1650 2029 denique
1697 1943 1841 2031 ipse
1893 1962 2215 2030 praesens
2263 1954 2429 2010 erat:
2489 1963 2644 2010 nam
2702 1943 2758 2011 si

208 2030 478 2099 domini
530 2042 833 2099 mortuos
881 2052 1109 2099 servos
1174 2029 1442 2117 aliquos
1490 2030 1861 2100 nobiliores
1911 2031 1994 2098 ad
2057 2029 2487 2119 sepulturam
2537 2031 2757 2099 dedu-

207 2131 399 2199 cunt,
445 2139 662 2204 neque
712 2118 780 2186 id
830 2118 1290 2188 erubescunt:
1349 2119 1562 2188 multo
1604 2120 1825 2208 magis
1856 2119 2164 2188 Christus
2209 2119 2354 2207 ipse
2390 2118 2751 2219 virginem,

206 2229 386 2293 quae
434 2208 587 2295 ejus
626 2211 835 2276 causa
886 2206 1175 2277 libenter
1205 2209 1508 2276 animam
1550 2209 1892 2288 emiserat,
1938 2220 2003 2276 et
2051 2218 2314 2275 tantum
2416 2207 2757 2278 ericulum

207 2308 633 2385 susceperat,⁴
671 2297 1052 2382 praesentia
1103 2318 1226 2366 sua
1263 2297 1595 2366 honorare
1630 2318 1761 2365 non
1811 2295 2169 2366 recusavit.
2212 2300 2374 2364 Jace
2426 2309 2493 2365 at
2529 2297 2755 2381 itaque

208 2383 354 2464 illa,
396 2396 459 2453 et
507 2384 934 2474 epitaphium
979 2385 1272 2454 habebat
1325 2386 1756 2475 martyrium,
1798 2384 1978 2472 quod
2025 2398 2441 2472 susceperat,
2489 2385 2754 2454 conses—

209 2473 428 2544 sionis
475 2484 721 2544 ornatu
770 2473 1037 2554 decora,
1094 2485 1159 2542 et
1214 2488 1391 2543 veste
1452 2475 1639 2543 omni
1712 2473 1921 2565 regali
1972 2477 2284 2573 purpura
2405 2474 2757 2567 retiosiore

211 2562 477 2630 induta.
517 2566 670 2631 Erat
702 2575 926 2633 autem
967 2564 1166 2633 vestis
1200 2562 1314 2631 illa
1342 2562 1618 2650 duplex,
1656 2585 1793 2631 una
1826 2562 2261 2652 virg1nitatis‚
2319 2585 2356 2630 a
2391 2574 2526 2630 tera
2573 2584 2754 2631 mar-

210 2651 393 2750 tyrii.
427 2651 572 2750 ‘His
622 2650 1028 2722 funebribus
1069 2651 1269 2721 donis
1299 2665 1538 2720 ornata
1569 2652 1758 2740 virgo
1808 2650 1999 2740 haee,
2045 2651 2126 2717 ad
2183 2650 2483 2720 tribunal
2511 2651 2757 2720 Christi

209 2752 498 2810 assistit.-

299 2831 335 2915 ξ
384 2836 518 2902 11.
565 2827 789 2896 Talem
831 2827 1137 2896 habitum
1181 2842 1245 2897 et
1297 2850 1420 2897 nos
1470 2829 1767 2898 viventes
1798 2850 1877 2896 ac
1929 2827 2179 2896 mortui
2232 2827 2604 2917 nobisipsis
2641 2850 2762 2917 pa—

213 2938 362 2986 rare
424 2916 851 2996 studeamus,
895 2916 1065 2984 illud
1117 2918 1432 2995 scienteS,
1471 2917 1654 3003 quod
1691 2917 1813 3004 qui
1843 2917 2102 2987 auratis
2155 2916 2457 2985 vestibus
2506 2938 2759 3006 corpus

211 3028 419 3076 suum
454 3007 901 3083 exornaverit,
951 3005 1212 3074 nullam
1249 3029 1326 3074 ex
1375 3028 1453 3074 ea
1504 3028 1573 3073 re
1607 3017 1876 3093 mortuo
1925 3004 2189 3074 homini
2240 3004 2606 3089 utilitatem
2657 3020 2760 3074 at-

212 3095 484 3163 tulerit:
539 3094 919 3180 quinetiam
975 3094 1345 3163 multorum
1402 3095 1730 3163 invidiam
1804 3108 1869 3163 et
1918 3094 2517 3183 reprehensionem
2584 3096 2762 3163 exci-

215 3183 486 3251 taverit:
541 3183 799 3272 quippe
847 3182 965 3268 qui
1019 3203 1236 3269 neque
1287 3183 1352 3250 in
1394 3195 1609 3252 morte
1657 3183 2089 3261 ambitiosuS,
2131 3195 2195 3251 et
2242 3182 2454 3252 falsae
2502 3183 2759 3273 gloriae

206 3284 535 3361 appetens
583 3293 730 3339 esse
778 3271 1190 3340 desieritht
1239 3272 1294 3339 si
1348 3272 1594 3341 virtute
1644 3294 1716 3340 se
1740 3271 2025 3351 ornarit,
2084 3271 2335 3341 multos
2366 3272 2570 3341 etiam
2606 3284 2761 3361 post

209 3372 496 3430 mortem
549 3360 657 3427 sui
688 3359 1077 3428 laudatores
1126 3359 1426 3428 habebit.
1469 3360 1731 3428 Etenim
1767 3360 1937 3450 ipsis
1967 3359 2171 3428 etiam
2198 3359 2545 3451 regalibus
2578 3360 2761 3431 aulis

209 3449 390 3538 apud
444 3470 685 3518 omnes
720 3448 1033 3519 homines
1083 3447 1518 3537 splendidius
1559 3449 1686 3518 erit
1736 3448 2131 3538 sepulcrum
2180 3448 2376 3529 illud,
2443 3449 2560 3518 ubi
2615 3472 2761 3517 cor-

210 3560 339 3638 pus
377 3538 696 3628 jacuerit,
749 3536 930 3624 quod
985 3559 1140 3606 cum
1178 3537 1420 3605 virtute
1470 3559 1548 3605 ac
1593 3538 1840 3626 pietate
1889 3536 2149 3605 vixerit.
2196 3539 2421 3625 Hujus
2466 3538 2561 3607 rei
2612 3560 2758 3607 vos·

208 3626 340 3715 ipsi
384 3640 583 3698 testes
638 3626 823 3707 estis,
877 3626 999 3713 qui
1047 3624 1336 3694 divitum
1393 3637 1869 3699 monumenta,
1926 3626 2243 3712 quamvis
2274 3626 2504 3695 aureis
2556 3627 2757 3695 vesti-

200 3714 331 3784 bus
398 3726 728 3793 contecta,
803 3727 1130 3802 tanquam
1198 3713 1567 3803 speluncas
1616 3714 1953 3801 quasdam
2034 3727 2588 3803 praetereuntes,
2669 3715 2754 3784 ad

199 3816 509 3873 sanctam
545 3803 723 3871 hanc
761 3804 1091 3893 virginem
1132 3802 1348 3870 multo
1397 3824 1554 3870 cum
1591 3802 1820 3871 studio
1869 3815 1933 3870 et
1974 3803 2190 3870 animi
2240 3802 2590 3872 alacritate
2641 3826 2754 3873 ac-

199 3894 519 3963 curritis:
554 3891 884 3977 quoniam
913 3914 1072 3961 cum
1106 3891 1457 3980 martyriO,
1499 3890 1929 3960 confessione
1953 3904 2017 3959 et
2049 3891 2462 3981 virginitate,
2500 3891 2756 3961 multae

197 3994 262 4048 et
309 4003 559 4050 aureae
596 3981 796 4049 vestis
847 3979 1016 4059 locs»,
1062 3979 1274 4050 sunus
1325 4002 1532 4049 suum
1575 3980 1858 4059 ornarit,
1916 3979 2077 4048 hinc
2132 3994 2359 4070 postea
2410 3981 2749 4051 discessit.

203 4075 394 4138 Hanc
439 4070 645 4159 igitur
697 4091 818 4157 pro
871 4069 1129 4139 viribus
1181 4082 1245 4137 et
1292 4091 1417 4138 nos
1474 4068 1847 4137 imitemur.
1904 4071 2326 4158 Contempsit
2378 4069 2494 4137 illa
2545 4071 2752 4138 vitam

205 4158 384 4227 hanc
419 4183 431 4226 :
489 4172 1012 4228 contemnamus
1050 4169 1114 4225 et
1163 4179 1287 4227 nos
1327 4157 1633 4233 delicias,
1691 4156 2108 4226 irrideamus
2150 4171 2591 4248 sumptuosos
2634 4181 2756 4247 ap-

208 4260 514 4335 paratus,
568 4246 1039 4317 abstineamus
1086 4245 1372 4337 crapula
1405 4260 1469 4315 et
1496 4245 1845 4323 ebrietate,
1898 4245 2250 4335 fugiamus
2282 4247 2745 4316 voracitatem.

294 4338 330 4421 §
380 4339 526 4408 12.
582 4340 724 4407 Non
763 4347 1011 4404 temere
1046 4334 1207 4404 haec
1259 4357 1441 4404 nunc
1476 4334 1653 4416 dico,
1697 4333 1811 4404 sed
1864 4335 2193 4421 quoniam
2232 4336 2482 4404 multos
2524 4336 2747 4414 videO,

211 4437 572 4513 postquam
608 4423 845 4493 concio
886 4424 1052 4493 haec
1080 4422 1364 4493 dimissa
1415 4422 1639 4504 fuerit,
1681 4422 1766 4492 ad
1810 4422 2229 4504 ebrietatem,
2285 4423 2368 4492 ad
2403 4426 2755 4514 cauponas
