3357 4995
206 345 428 413 JUNII
475 346 560 411 25
955 362 1034 410 nn
1081 363 1138 411 S.
1191 362 1433 412 ummo
1479 363 1737 413 uuam.
1789 363 1987 414 muse.
2528 350 2657 417 567

215 446 563 540 parabolis
608 447 696 517 ab
743 468 823 517 eo
885 447 1304 547 propositis;
1348 447 1817 539 Expositiones
1867 461 2001 522 tres
2047 471 2259 541 supra
2324 449 2567 543 viginti
2614 474 2748 522 nu-

218 549 575 606 merantur
620 534 704 606 de
752 536 1083 626 Capitulis
1111 535 1663 626 Evangeliorum,
1709 536 2003 608 breviter
2035 560 2223 609 nunc
2263 538 2535 611 litterali
2560 561 2748 611 nunc

214 625 584 716 allegorico
632 645 844 696 sensu
890 636 1160 716 compte
1205 624 1599 714 evangelica
1649 626 1989 713 quaedam
2038 626 2217 697 facta
2276 628 2741 710 illustrantes;

218 713 327 784 his
388 713 459 783 in
526 713 1072 804 expositionibus
1144 714 1428 802 antiqua
1488 713 1799 785 versione
1855 715 2020 785 itala
2068 714 2289 787 utitur
2341 717 2750 807 plerumque

217 802 574 873 Maximus.
652 801 883 873 Multis
944 801 1243 890 denique
1304 799 1650 873 auditores
1698 825 1862 874 suos
1892 859 1907 883 ,
1964 816 2405 894 posterosque
2467 804 2748 876 lectores

210 890 525 980 jucundo
562 902 627 961 et
673 889 1131 961 saluberrimo
1236 891 1373 960 avit
1418 890 1690 979 eloquio
1739 892 1807 960 in
1859 891 2297 964 Orationibus
2345 892 2738 976 MoralibuS,

218 980 486 1083 egregie
533 977 787 1051 docens
834 978 1061 1067 qualis
1109 979 1196 1049 de
1247 990 1354 1049 eat
1400 1001 1550 1051 esse
1588 978 1837 1049 Christi
1903 991 2193 1052 sectator
2237 982 2609 1071 (Homiliae
2654 988 2746 1053 De

217 1068 548 1158 deversisk
584 1067 850 1145 nullam
878 1069 1052 1137 vitae
1079 1067 1542 1138 conditionem
1575 1090 1615 1137 a
1661 1067 1891 1139 studio
1972 1069 2359 1139 erfectionis
2390 1091 2741 1153 excusare;

216 1157 300 1227 de
338 1157 580 1228 timore
628 1156 768 1238 Dei,
804 1178 887 1226 ac
915 1156 1001 1227 de
1031 1155 1270 1248 lingua
1313 1155 1785 1239 refraenanda;
1822 1155 1906 1226 de
1983 1158 2356 1250 enignitate
2382 1181 2542 1250 erga
2577 1181 2746 1251 pau-

217 1268 411 1336 peres
457 1258 523 1316 et
575 1243 940 1335 erogandis
986 1245 1465 1334 eleemosynis;
1522 1244 1647 1316 hos
1703 1245 2081 1328 italitatem,
2155 1246 2616 1318 humilitatem
2680 1259 2745 1319 et

217 1335 592 1404 castitatem
642 1333 1103 1418 commendat;
1139 1332 1525 1423 neglectum
1561 1356 1656 1424 pu
1708 1334 1823 1404 lici
1870 1356 2035 1426 erga
2080 1339 2292 1405 Deum
2327 1335 2558 1408 cultus
2586 1359 2743 1426 gra-

215 1423 517 1494 vissimis
558 1422 781 1493 verbis
820 1420 1280 1512 reprehendit3
1332 1422 1629 1510 denique
1695 1445 1955 1495 munus
2016 1423 2435 1494 sacerdotale
2495 1426 2566 1493 in
2608 1447 2743 1512 quo

214 1510 401 1581 zelus
466 1511 707 1582 salutis
752 1511 1145 1581 animarum
1197 1509 1368 1581 reful
1419 1524 1570 1592 eat,
1624 1511 1814 1581 omni
1863 1512 2051 1602 turpi
2096 1524 2390 1601 quaestu
2436 1513 2735 1597 alienuS‚

215 1612 280 1668 et
326 1599 627 1670 officium
680 1598 1122 1691 praedicandi
1168 1598 1391 1669 deseri
1445 1599 1493 1670 it
1541 1611 1744 1687 atque
1791 1600 2093 1671 inculcat
2137 1600 2418 1690 (Homil.
2474 1623 2582 1682 (311,
2637 1623 2735 1682 cv,

212 1709 338 1758 exn
379 1702 445 1757 et
490 1709 658 1775 seq„
718 1693 933 1758 Serm.
986 1709 1112 1759 xcu
1157 1700 1225 1758 et
1271 1710 1442 1790 seq„
1501 1710 1693 1758 cxvm
1746 1700 1810 1758 et
1869 1689 2068 1778 seq).

302 1779 339 1864 §
390 1781 556 1849 20.
611 1781 968 1847 Sermones
1001 1781 1064 1847 S.
1121 1777 1396 1846 Maximi
1426 1778 1505 1846 de
1528 1779 1815 1859 Sanctis,
1869 1778 1954 1847 tri
2009 1777 2148 1847 inta
2190 1791 2447 1868 septem
2497 1799 2743 1848 nume·

218 1876 484 1947 rantur,
534 1878 651 1935 aut
696 1865 1073 1955 generatim
1112 1865 1198 1935 de
1247 1866 1657 1955 Martyribus
1695 1877 1760 1935 et
1808 1870 1940 1935 Con
1973 1865 2319 1937 essoribus
2349 1889 2387 1935 a
2439 1879 2587 1948 unt,
2626 1878 2746 1936 aut

217 1954 322 2024 sin
381 1954 651 2024 ulorum
686 1954 925 2024 laudes
950 1954 1271 2035 recitant,
1310 1976 1389 2025 ac
1418 1953 1730 2045 exempla
1777 1954 2186 2025 admiranda
2213 1956 2398 2025 simu
2470 1966 2535 2025 et
2580 1955 2741 2024 imi-

217 2055 327 2113 tan
384 2065 424 2113 a
538 2054 880 2132 roponunt
923 2042 1051 2132 (a).
1097 2047 1187 2112 De
1241 2043 1331 2112 iis
1376 2055 1602 2114 autem
1652 2043 1912 2133 pluries
1970 2058 2035 2113 et
2082 2044 2152 2111 in
2202 2043 2522 2114 Homiliis
2568 2043 2729 2134 egit.

217 2131 429 2201 Lubet
534 2131 596 2200 ic
645 2131 714 2201 in
750 2131 1096 2221 specimen
1135 2136 1383 2217 (unum
1419 2130 1739 2213 sufficiat,
1792 2132 1929 2201 alia
1975 2154 2134 2202 cum
2177 2153 2379 2223 saepe
2425 2131 2495 2200 in
2539 2137 2736 2202 Rom.

216 2223 403 2289 Brev.
441 2219 854 2319 occurrant)
901 2233 1160 2310 partem
1207 2220 1651 2311 conspicuam
1703 2219 2064 2311 decerpere
2109 2242 2188 2290 ex
2229 2224 2444 2290 Serm.
2499 2219 2570 2288 in
2623 2242 2741 2289 na-

220 2308 338 2377 tali
392 2312 454 2377 S.
521 2309 870 2398 Cypriam:
925 2331 961 2374 «
995 2309 1595 2396 Quotiescumque,
1648 2308 1914 2388 fratres,
1969 2320 2362 2380 sanctorum
2416 2309 2747 2398 martyria

219 2395 667 2478 celebramus,
739 2396 933 2466 toties
980 2396 1219 2467 laudes
1287 2396 1652 2467 Salvatoris
1700 2396 2022 2474 dicimus,
2074 2411 2139 2467 et
2184 2396 2452 2484 quoties
2499 2418 2742 2466 eorum

220 2485 571 2556 afferimus
634 2485 1063 2588 passionem,
1118 2485 1311 2557 toties
1379 2485 1628 2557 Christi
1727 2485 1969 2557 loriam
2043 2485 2547 2576 praedicamus,
2602 2490 2745 2555 Non

219 2575 403 2644 enim
460 2577 883 2665 suspicimus
920 2574 1104 2662 quod
1144 2575 1330 2665 passi
1363 2587 1546 2656 sunt,
1586 2510 1724 2644 set?
1754 2586 2032 2665 propter
2083 2595 2287 2663 quem
2349 2575 2533 2665 passi
2585 2586 2747 2644 sunt

220 2663 670 2733 admiramur.
723 2664 943 2755 Igitur
972 2685 1108 2732 non
1161 2684 1381 2753 poena
1428 2664 1496 2732 in
1549 2661 1775 2744 laude,
1830 2662 1942 2733 sed
1973 2663 2145 2732 fides
2191 2664 2261 2732 in
2295 2664 2575 2733 honore.
2612 2668 2748 2732 Ma—

221 2752 635 2843 gnificamus
654 2774 817 2853 ergo
850 2757 1176 2842 Martyres
1206 2774 1340 2822 non
1373 2752 1535 2838 quia
1619 2752 1896 2822 ravibus
1931 2752 2334 2840 subjacuere
2352 2751 2742 2841 supplicii8‚

219 2841 336 2911 sed
385 2840 549 2927 quia
600 2841 893 2932 ‘ustitiae
939 2843 1148 2911 causa
1206 2840 1445 2909 eadem
1494 2852 1559 2911 to
1589 2861 1862 2910 eravere
1930 2840 2296 2931 supplicia.
2351 2845 2517 2909 Nam
2584 2839 2742 2930 plu·

220 2931 431 2999 rimos
485 2951 595 2999 sce
625 2941 968 3000 eratorum
1022 2929 1288 3018 pejores
1322 2950 1577 3018 poenas
1636 2929 1938 2999 vidimus
1991 2951 2139 3001 esse
2188 2950 2569 3019 perpessos,
2624 2928 2742 2999 sed

221 3016 393 3087 nihil
428 3017 529 3087 eis
577 3030 888 3109 prosunt,
940 3019 1102 3105 quia
1134 3023 1458 3108 Martyres
1490 3039 1698 3087 causa
1745 3018 2103 3108 justificat,
2157 3017 2522 3088 sceleratos
2576 3039 2742 3086 con-

219 3106 502 3177 scientia
551 3129 676 3176 sua
709 3107 1016 3176 damnat.
1073 3106 1300 3176 Videte
1352 3116 1577 3176 autern
1628 3128 1833 3193 quem
1865 3106 2074 3176 iidem
2126 3105 2351 3176 locum
2406 3105 2589 3196 apud
2624 3106 2747 3175 ho-

220 3193 441 3264 mines
496 3206 907 3277 mereantur,
959 3195 1078 3283 qui
1138 3218 1177 3264 a
1231 3194 1323 3265 ud
1376 3200 1584 3264 Deum
1620 3194 1850 3265 locum
1903 3196 2033 3266 sub
2068 3193 2280 3264 altare
2316 3205 2741 3264 meruerunt.

221 3282 393 3352 Dicit
440 3284 624 3354 enim
667 3283 1042 3374 Scriptura:
1090 3286 1166 3353 Vi
1212 3286 1242 3352 i
1263 3284 1494 3353 subtus
1530 3306 1725 3352 aram
1762 3286 1888 3352 Dei
1911 3286 2173 3353 animas
2210 3285 2572 3353 occisorum
2618 3294 2739 3352 etc.

217 3370 445 3462 (Apoc.
505 3372 619 3461 v1).
678 3374 811 3443 Sub
858 3396 1008 3453 ara,
1072 3372 1319 3459 inquit,
1381 3374 1523 3453 Dei,
1576 3374 1841 3441 animas
1886 3375 2247 3442 occisorum
2265 3397 2291 3451 ,·
2341 3370 2507 3459 quid
2559 3392 2746 3441 reve—

219 3461 507 3541 rentius,
564 3461 729 3548 quid
763 3460 1238 3531 honorabilius
1283 3483 1489 3548 quam
1542 3460 1672 3530 sub
1707 3460 1827 3530 illa
1871 3482 1992 3530 ara
2031 3460 2454 3547 requiescere
2487 3459 2557 3528 in
2607 3482 2748 3546 qua

221 3552 353 3619 Deo
401 3549 820 3619 sacrificium
859 3549 1267 3632 celebratur,
1313 3549 1382 3618 in
1417 3571 1555 3636 qua
1581 3550 1964 3619 offeruntur
2010 3549 2293 3629 hostiae,
2346 3549 2415 3617 in
2451 3570 2590 3636 qua
2619 3554 2747 3617 Do-

219 3638 455 3707 minus
503 3650 604 3707 est
637 3637 1074 3708 sacerdosl...
1113 3642 1241 3707 Nec
1283 3638 1624 3707 immerito
1672 3636 1815 3705 illic
1904 3659 1977 3707 ro
2006 3637 2218 3727 justis
2247 3636 2550 3706 vindicta
2586 3659 2746 3705 san—

221 3725 456 3879 guinis
503 3725 912 3816 postulatur,
956 3727 1076 3796 ubi
1110 3727 1314 3795 etiam
1350 3748 1473 3817 pro
1508 3725 1845 3814 peccatori
1896 3748 2001 3805 ηε,
2042 3725 2287 3796 Christi
2329 3724 2615 3815 sanguis
2647 3724 2747 3795 ef-

251 3813 557 3884 unditur.
614 3815 1100 3885 Convenienter
1145 3815 1357 3905 igitur
1401 3827 1467 3884 et
1499 3814 1702 3902 quasi
1742 3836 1866 3904 pro
1904 3814 2206 3902 quodam
2260 3813 2602 3884 consortio
2649 3814 2750 3884 ibi

224 3903 634 3992 Martyribus
681 3902 1039 3993 sepultura
1080 3903 1349 3973 decreta
1381 3914 1504 3984 est,
1541 3903 1663 3974 ubi
1703 3925 1888 3972 mors
1936 3902 2207 3972 Domini
2235 3902 2542 3989 quotidie
2574 3901 2750 3972 cele-

223 3987 483 4072 bratur,
519 3992 698 4062 sicut
736 3992 884 4082 ipse
912 3991 1044 4061 ait:
1095 3992 1643 4083 Quotiescumque
1693 3992 1855 4060 haec
1882 3992 2195 4079 fecer-ictis,
2226 4002 2502 4060 mortem
2531 4013 2750 4060 meam

271 4204 332 4253 (a)
363 4204 400 4245 E
426 4207 744 4256 compluribus
774 4217 894 4258 quae
920 4206 1044 4249 inter
1072 4209 1116 4249 S.
1142 4208 1331 4249 Maximi
1362 4208 1539 4258 scripta.
1561 4208 1739 4257 passim
1758 4207 2170 4254 circumferuntur,
2189 4208 2238 4248 et
2255 4203 2556 4257 supposititia
2574 4206 2631 4247 ab
2649 4215 2751 4246 eru·

217 4256 335 4300 ditis
364 4261 627 4306 censentur,
654 4262 899 4303 Sermones
922 4261 1138 4302 nonnulli
1167 4265 1214 4302 et
1243 4261 1472 4302 Romulae
1505 4262 1668 4301 extant
1697 4261 1754 4301 de
1774 4260 1818 4300 S.
1836 4258 2036 4301 Eusebio
2057 4261 2270 4305 Vercell.;
2285 4261 2424 4311 digna
2441 4261 2613 4309 purtim
2630 4268 2752 4308 quae

221 4312 283 4353 ob
310 4312 424 4360 styli
448 4311 804 4355 similitudinem
832 4316 879 4357 8.
910 4316 1150 4356 Ambrosio
1179 4315 1429 4355 Mediolon.
1462 4315 1746 4358 tribuantur,
1774 4314 1945 4362 partlm
1967 4314 2090 4354 num
2110 4314 2185 4355 SS.
2207 4315 2413 4359 Putrum,
2431 4314 2514 4353 aed
2530 4310 2752 4362 scriptor!

219 4366 408 4406 cuidam
436 4366 704 4407 nullatenus
730 4369 830 4409 illle
859 4368 1181 4418 compar-ndo.
1214 4369 1452 4408 Gemitu-e
1480 4367 1600 4407 duae
1630 4368 1815 4408 tantum
1835 4366 2075 4407 habendae
2092 4368 2334 4407 Antistius
2353 4366 2503 4407 nostri
2517 4363 2753 4409 videntur.

217 4420 278 4460 de
307 4419 350 4459 8.
378 4419 579 4459 Eusebio
607 4420 791 4467 Homil..
814 4421 1037 4462 videncet
1063 4422 1113 4461 tn
1138 4422 1263 4462 serie
1289 4422 1340 4461 ‹1ae
1366 4423 1535 4460 Sanctis
1563 4421 1626 4460 77.
1656 4421 1706 4461 et
1732 4429 1830 4470 seq.
1863 4429 1915 4460 tc
1947 4420 2108 4461 Sermo
2137 4430 2278 4470 unus,
2306 4422 2368 4461 78.
2417 4419 2650 4467 Quaedam
2685 4418 2751 4457 vt-

216 4473 381 4513 ctssim
401 4470 663 4521 antiquans
686 4484 742 4514 ex
759 4474 950 4517 Maximi
976 4475 1217 4528 opusculis
1236 4471 1473 4524 adscripta
1490 4474 1734 4515 Ambrosio
1754 4473 1900 4515 tuere.
