<?xml version="1.0" encoding="UTF-8"?>
<!DOCTYPE html PUBLIC "-//W3C//DTD XHTML 1.0 Transitional//EN"
    "http://www.w3.org/TR/xhtml1/DTD/xhtml1-transitional.dtd">
<html xmlns="http://www.w3.org/1999/xhtml" xml:lang="en" lang="en">
 <head>
  <title>
</title>
<meta http-equiv="Content-Type" content="text/html;charset=utf-8" />
  <meta name='ocr-system' content='tesseract 3.04.00' />
  <meta name='ocr-capabilities' content='ocr_page ocr_carea ocr_par ocr_line ocrx_word'/>
</head>
<body>
  <div class='ocr_page' id='page_1' title='image "./historiaeseuvit02lippgoog_0645.png"; bbox 0 0 3357 4995; ppageno 0'>
   <div class='ocr_carea' id='block_1_1' title="bbox 173 354 2631 421">
    <p class='ocr_par' dir='ltr' id='par_1_1' title="bbox 173 354 2631 421">
     <span class='ocr_line' id='line_1_1' title="bbox 173 354 2631 421; baseline 0.001 -3"><span class='ocrx_word' id='word_1_1' title='bbox 173 354 394 421; x_wconf 90' lang='lat' dir='ltr'>JUNII</span> <span class='ocrx_word' id='word_1_2' title='bbox 444 355 529 420; x_wconf 71' lang='grc' dir='ltr'><strong>ΞΒ</strong></span> <span class='ocrx_word' id='word_1_3' title='bbox 878 373 956 418; x_wconf 79' lang='lat' dir='ltr'><strong>nE</strong></span> <span class='ocrx_word' id='word_1_4' title='bbox 1005 372 1097 420; x_wconf 94' lang='lat' dir='ltr'><strong>ss.</strong></span> <span class='ocrx_word' id='word_1_5' title='bbox 1154 370 1520 419; x_wconf 63' lang='lat' dir='ltr'><strong>riurancno</strong></span> <span class='ocrx_word' id='word_1_6' title='bbox 1569 371 1643 418; x_wconf 76' lang='lat' dir='ltr'><strong>nr</strong></span> <span class='ocrx_word' id='word_1_7' title='bbox 1692 370 1890 419; x_wconf 83' lang='lat' dir='ltr'><strong>socns</strong></span> <span class='ocrx_word' id='word_1_8' title='bbox 1939 374 2051 420; x_wconf 70' lang='lat' dir='ltr'><strong>uu.</strong></span> <span class='ocrx_word' id='word_1_9' title='bbox 2503 358 2631 421; x_wconf 72' lang='lat'><strong>625</strong></span> 
     </span>
    </p>
   </div>
   <div class='ocr_carea' id='block_1_2' title="bbox 168 455 2758 4551">
    <p class='ocr_par' dir='ltr' id='par_1_2' title="bbox 168 455 2728 1234">
     <span class='ocr_line' id='line_1_2' title="bbox 168 455 2722 548; baseline 0.002 -22"><span class='ocrx_word' id='word_1_10' title='bbox 168 456 318 546; x_wconf 89' lang='lat' dir='ltr'><strong>jam</strong></span> <span class='ocrx_word' id='word_1_11' title='bbox 353 457 558 527; x_wconf 90' lang='lat' dir='ltr'><strong>etiam</strong></span> <span class='ocrx_word' id='word_1_12' title='bbox 592 479 672 526; x_wconf 88' lang='lat' dir='ltr'><strong>ex</strong></span> <span class='ocrx_word' id='word_1_13' title='bbox 704 455 1090 526; x_wconf 86' lang='lat' dir='ltr'><strong>infidelium</strong></span> <span class='ocrx_word' id='word_1_14' title='bbox 1142 478 1431 525; x_wconf 90' lang='lat' dir='ltr'><strong>numero</strong></span> <span class='ocrx_word' id='word_1_15' title='bbox 1468 455 1597 524; x_wconf 89' lang='lat' dir='ltr'><strong>viri</strong></span> <span class='ocrx_word' id='word_1_16' title='bbox 1648 478 1783 526; x_wconf 92' lang='lat' dir='ltr'><strong>non</strong></span> <span class='ocrx_word' id='word_1_17' title='bbox 1823 455 2096 547; x_wconf 89' lang='lat' dir='ltr'><strong>plebeji,</strong></span> <span class='ocrx_word' id='word_1_18' title='bbox 2130 456 2246 526; x_wconf 91' lang='lat' dir='ltr'><strong>sed</strong></span> <span class='ocrx_word' id='word_1_19' title='bbox 2301 472 2722 548; x_wconf 82' lang='lat' dir='ltr'><strong>praestantes</strong></span> 
     </span>
     <span class='ocr_line' id='line_1_3' title="bbox 179 543 2723 636; baseline 0.002 -22"><span class='ocrx_word' id='word_1_20' title='bbox 179 546 447 615; x_wconf 92' lang='lat' dir='ltr'><strong>cumin</strong></span> <span class='ocrx_word' id='word_1_21' title='bbox 483 545 677 616; x_wconf 90' lang='lat' dir='ltr'><strong>omni</strong></span> <span class='ocrx_word' id='word_1_22' title='bbox 760 566 961 614; x_wconf 87' lang='lat' dir='ltr'><strong>enere</strong></span> <span class='ocrx_word' id='word_1_23' title='bbox 1007 543 1388 626; x_wconf 89' lang='lat' dir='ltr'><strong>literarum,</strong></span> <span class='ocrx_word' id='word_1_24' title='bbox 1444 555 1591 614; x_wconf 89' lang='lat' dir='ltr'><strong>tum</strong></span> <span class='ocrx_word' id='word_1_25' title='bbox 1629 545 1702 614; x_wconf 91' lang='lat' dir='ltr'><strong>in</strong></span> <span class='ocrx_word' id='word_1_26' title='bbox 1754 545 2216 636; x_wconf 83' lang='lat' dir='ltr'>philosophia,</span> <span class='ocrx_word' id='word_1_27' title='bbox 2273 546 2376 616; x_wconf 88' lang='lat' dir='ltr'><strong>vel</strong></span> <span class='ocrx_word' id='word_1_28' title='bbox 2427 549 2723 619; x_wconf 81' lang='lat' dir='ltr'><strong>maxime</strong></span> 
     </span>
     <span class='ocr_line' id='line_1_4' title="bbox 177 633 2725 727; baseline 0.002 -24"><span class='ocrx_word' id='word_1_29' title='bbox 177 633 266 703; x_wconf 92' lang='lat' dir='ltr'><strong>ad</strong></span> <span class='ocrx_word' id='word_1_30' title='bbox 316 634 466 724; x_wconf 88' lang='lat' dir='ltr'><strong>ejus</strong></span> <span class='ocrx_word' id='word_1_31' title='bbox 500 635 722 725; x_wconf 86' lang='lat' dir='ltr'>discip</span> <span class='ocrx_word' id='word_1_32' title='bbox 756 635 942 703; x_wconf 90' lang='lat' dir='ltr'><strong>inam</strong></span> <span class='ocrx_word' id='word_1_33' title='bbox 993 633 1248 724; x_wconf 89' lang='lat' dir='ltr'><strong>cupide</strong></span> <span class='ocrx_word' id='word_1_34' title='bbox 1295 645 1722 724; x_wconf 83' lang='lat' dir='ltr'><strong>raperentur.</strong></span> <span class='ocrx_word' id='word_1_35' title='bbox 1755 634 1885 717; x_wconf 87' lang='lat' dir='ltr'><strong>Qui</strong></span> <span class='ocrx_word' id='word_1_36' title='bbox 1917 634 2199 722; x_wconf 91' lang='lat' dir='ltr'><strong>quidem</strong></span> <span class='ocrx_word' id='word_1_37' title='bbox 2247 657 2407 705; x_wconf 90' lang='lat' dir='ltr'><strong>cum</strong></span> <span class='ocrx_word' id='word_1_38' title='bbox 2438 638 2590 727; x_wconf 90' lang='lat' dir='ltr'><strong>ejus</strong></span> <span class='ocrx_word' id='word_1_39' title='bbox 2623 661 2725 707; x_wconf 89' lang='lat' dir='ltr'><strong>se-</strong></span> 
     </span>
     <span class='ocr_line' id='line_1_5' title="bbox 177 721 2726 813; baseline 0.003 -24"><span class='ocrx_word' id='word_1_40' title='bbox 177 721 468 793; x_wconf 88' lang='lat' dir='ltr'><strong>dulitate</strong></span> <span class='ocrx_word' id='word_1_41' title='bbox 524 723 731 793; x_wconf 89' lang='lat' dir='ltr'><strong>fidem</strong></span> <span class='ocrx_word' id='word_1_42' title='bbox 807 734 871 792; x_wconf 89' lang='lat' dir='ltr'><strong>et</strong></span> <span class='ocrx_word' id='word_1_43' title='bbox 928 733 1181 792; x_wconf 89' lang='lat' dir='ltr'><strong>certam</strong></span> <span class='ocrx_word' id='word_1_44' title='bbox 1256 721 1324 790; x_wconf 92' lang='lat' dir='ltr'><strong>in</strong></span> <span class='ocrx_word' id='word_1_45' title='bbox 1381 723 1586 792; x_wconf 86' lang='lat' dir='ltr'><strong>verbo</strong></span> <span class='ocrx_word' id='word_1_46' title='bbox 1636 722 1753 791; x_wconf 94' lang='lat' dir='ltr'><strong>Dei</strong></span> <span class='ocrx_word' id='word_1_47' title='bbox 1814 723 2328 813; x_wconf 87' lang='lat' dir='ltr'><strong>persuasionem</strong></span> <span class='ocrx_word' id='word_1_48' title='bbox 2406 725 2726 797; x_wconf 90' lang='lat' dir='ltr'><strong>interiore</strong></span> 
     </span>
     <span class='ocr_line' id='line_1_6' title="bbox 174 811 2726 907; baseline 0.003 -28"><span class='ocrx_word' id='word_1_49' title='bbox 174 812 433 882; x_wconf 88' lang='lat' dir='ltr'><strong>mentis</strong></span> <span class='ocrx_word' id='word_1_50' title='bbox 474 834 642 882; x_wconf 90' lang='lat' dir='ltr'><strong>suae</strong></span> <span class='ocrx_word' id='word_1_51' title='bbox 690 833 965 882; x_wconf 90' lang='lat' dir='ltr'><strong>recessu</strong></span> <span class='ocrx_word' id='word_1_52' title='bbox 1004 811 1305 903; x_wconf 90' lang='lat' dir='ltr'><strong>ingenue</strong></span> <span class='ocrx_word' id='word_1_53' title='bbox 1356 811 1763 898; x_wconf 87' lang='lat' dir='ltr'><strong>sincereque</strong></span> <span class='ocrx_word' id='word_1_54' title='bbox 1795 811 2214 894; x_wconf 82' lang='lat' dir='ltr'><strong>hausissent,</strong></span> <span class='ocrx_word' id='word_1_55' title='bbox 2269 814 2338 882; x_wconf 95' lang='lat' dir='ltr'><strong>in</strong></span> <span class='ocrx_word' id='word_1_56' title='bbox 2391 814 2512 885; x_wconf 93' lang='lat' dir='ltr'><strong>illo</strong></span> <span class='ocrx_word' id='word_1_57' title='bbox 2570 837 2726 907; x_wconf 91' lang='lat' dir='ltr'><strong>per-</strong></span> 
     </span>
     <span class='ocr_line' id='line_1_7' title="bbox 177 899 2727 1005; baseline 0.002 -35"><span class='ocrx_word' id='word_1_58' title='bbox 177 900 556 972; x_wconf 88' lang='lat' dir='ltr'><strong>secutionis</strong></span> <span class='ocrx_word' id='word_1_59' title='bbox 621 913 924 991; x_wconf 91' lang='lat' dir='ltr'><strong>tempore</strong></span> <span class='ocrx_word' id='word_1_60' title='bbox 987 899 1335 991; x_wconf 88' lang='lat' dir='ltr'><strong>praeclare</strong></span> <span class='ocrx_word' id='word_1_61' title='bbox 1385 922 1456 971; x_wconf 90' lang='lat' dir='ltr'><strong>se</strong></span> <span class='ocrx_word' id='word_1_62' title='bbox 1514 900 1894 969; x_wconf 88' lang='lat' dir='ltr'><strong>admodum</strong></span> <span class='ocrx_word' id='word_1_63' title='bbox 1949 912 2014 970; x_wconf 89' lang='lat' dir='ltr'><strong>et</strong></span> <span class='ocrx_word' id='word_1_64' title='bbox 2063 915 2457 973; x_wconf 82' lang='lat' dir='ltr'><strong>constanter</strong></span> <span class='ocrx_word' id='word_1_65' title='bbox 2503 926 2727 1005; x_wconf 88' lang='lat' dir='ltr'><strong>gesse-</strong></span> 
     </span>
     <span class='ocr_line' id='line_1_8' title="bbox 175 988 2728 1080; baseline 0.002 -24"><span class='ocrx_word' id='word_1_66' title='bbox 175 1000 374 1059; x_wconf 86' lang='lat' dir='ltr'><strong>runt:</strong></span> <span class='ocrx_word' id='word_1_67' title='bbox 429 989 616 1059; x_wconf 90' lang='lat' dir='ltr'><strong>unde</strong></span> <span class='ocrx_word' id='word_1_68' title='bbox 658 988 979 1059; x_wconf 87' lang='lat' dir='ltr'><strong>nonnulli</strong></span> <span class='ocrx_word' id='word_1_69' title='bbox 1027 1010 1265 1058; x_wconf 89' lang='lat' dir='ltr'><strong>eorum</strong></span> <span class='ocrx_word' id='word_1_70' title='bbox 1317 989 1525 1080; x_wconf 89' lang='lat' dir='ltr'><strong>capti,</strong></span> <span class='ocrx_word' id='word_1_71' title='bbox 1584 990 1783 1059; x_wconf 91' lang='lat' dir='ltr'><strong>beato</strong></span> <span class='ocrx_word' id='word_1_72' title='bbox 1824 989 2150 1079; x_wconf 79' lang='lat' dir='ltr'><strong>martyrio</strong></span> <span class='ocrx_word' id='word_1_73' title='bbox 2200 990 2408 1061; x_wconf 87' lang='lat' dir='ltr'><strong>finem</strong></span> <span class='ocrx_word' id='word_1_74' title='bbox 2457 993 2728 1063; x_wconf 83' lang='lat' dir='ltr'><strong>vivendi</strong></span> 
     </span>
     <span class='ocr_line' id='line_1_9' title="bbox 173 1077 2718 1234; baseline 0.003 -89"><span class='ocrx_word' id='word_1_75' title='bbox 173 1077 475 1234; x_wconf 56' lang='lat' dir='ltr'><strong>gloriose</strong></span> <span class='ocrx_word' id='word_1_76' title='bbox 522 1079 853 1149; x_wconf 88' lang='lat' dir='ltr'><strong>fecerunt.</strong></span> <span class='ocrx_word' id='word_1_77' title='bbox 909 1083 1001 1147; x_wconf 86' lang='lat' dir='ltr'><strong>Ex</strong></span> <span class='ocrx_word' id='word_1_78' title='bbox 1048 1099 1347 1165; x_wconf 89' lang='lat' dir='ltr'><strong>quorum</strong></span> <span class='ocrx_word' id='word_1_79' title='bbox 1398 1100 1689 1147; x_wconf 90' lang='lat' dir='ltr'><strong>numero</strong></span> <span class='ocrx_word' id='word_1_80' title='bbox 1738 1078 2010 1169; x_wconf 91' lang='lat' dir='ltr'><strong>primus</strong></span> <span class='ocrx_word' id='word_1_81' title='bbox 2066 1093 2210 1149; x_wconf 89' lang='lat' dir='ltr'><strong>erat</strong></span> <span class='ocrx_word' id='word_1_82' title='bbox 2271 1079 2718 1165; x_wconf 82' lang='lat' dir='ltr'><strong>PlutarchuS,</strong></span> 
     </span>
    </p>

    <p class='ocr_par' dir='ltr' id='par_1_3' title="bbox 170 1165 2758 2486">
     <span class='ocr_line' id='line_1_10' title="bbox 223 1165 2726 1261; baseline 0.002 -26"><span class='ocrx_word' id='word_1_83' title='bbox 223 1187 259 1235; x_wconf 91' lang='lat' dir='ltr'><strong>e</strong></span> <span class='ocrx_word' id='word_1_84' title='bbox 293 1190 431 1256; x_wconf 91' lang='lat' dir='ltr'><strong>quo</strong></span> <span class='ocrx_word' id='word_1_85' title='bbox 485 1167 691 1258; x_wconf 92' lang='lat' dir='ltr'><strong>paulo</strong></span> <span class='ocrx_word' id='word_1_86' title='bbox 738 1180 896 1238; x_wconf 90' lang='lat' dir='ltr'><strong>ante</strong></span> <span class='ocrx_word' id='word_1_87' title='bbox 944 1167 1360 1237; x_wconf 86' lang='lat' dir='ltr'><strong>mentionem</strong></span> <span class='ocrx_word' id='word_1_88' title='bbox 1389 1165 1556 1236; x_wconf 86' lang='lat' dir='ltr'><strong>feci:</strong></span> <span class='ocrx_word' id='word_1_89' title='bbox 1609 1188 1747 1255; x_wconf 92' lang='lat' dir='ltr'><strong>quo</strong></span> <span class='ocrx_word' id='word_1_90' title='bbox 1794 1167 1881 1236; x_wconf 91' lang='lat' dir='ltr'><strong>ad</strong></span> <span class='ocrx_word' id='word_1_91' title='bbox 1934 1180 2222 1238; x_wconf 90' lang='lat' dir='ltr'><strong>mortem</strong></span> <span class='ocrx_word' id='word_1_92' title='bbox 2252 1168 2570 1253; x_wconf 90' lang='lat' dir='ltr'><strong>abducto,</strong></span> <span class='ocrx_word' id='word_1_93' title='bbox 2608 1194 2726 1261; x_wconf 90' lang='lat' dir='ltr'><strong>pa-</strong></span> 
     </span>
     <span class='ocr_line' id='line_1_11' title="bbox 174 1255 2722 1347; baseline 0.002 -22"><span class='ocrx_word' id='word_1_94' title='bbox 174 1277 333 1326; x_wconf 89' lang='lat' dir='ltr'><strong>rum</strong></span> <span class='ocrx_word' id='word_1_95' title='bbox 382 1257 641 1338; x_wconf 88' lang='lat' dir='ltr'><strong>aberat,</strong></span> <span class='ocrx_word' id='word_1_96' title='bbox 679 1256 850 1345; x_wconf 90' lang='lat' dir='ltr'><strong>quin</strong></span> <span class='ocrx_word' id='word_1_97' title='bbox 901 1255 1050 1337; x_wconf 91' lang='lat' dir='ltr'><strong>iste,</strong></span> <span class='ocrx_word' id='word_1_98' title='bbox 1105 1255 1189 1324; x_wconf 92' lang='lat' dir='ltr'><strong>de</strong></span> <span class='ocrx_word' id='word_1_99' title='bbox 1235 1278 1374 1343; x_wconf 91' lang='lat' dir='ltr'><strong>quo</strong></span> <span class='ocrx_word' id='word_1_100' title='bbox 1414 1277 1640 1325; x_wconf 92' lang='lat' dir='ltr'><strong>sermo</strong></span> <span class='ocrx_word' id='word_1_101' title='bbox 1689 1256 2099 1338; x_wconf 89' lang='lat' dir='ltr'><strong>instituitur,</strong></span> <span class='ocrx_word' id='word_1_102' title='bbox 2158 1258 2508 1347; x_wconf 76' lang='lat' dir='ltr'><strong>OrigeneS,</strong></span> <span class='ocrx_word' id='word_1_103' title='bbox 2554 1259 2722 1330; x_wconf 91' lang='lat' dir='ltr'><strong>dum</strong></span> 
     </span>
     <span class='ocr_line' id='line_1_12' title="bbox 174 1343 2728 1436; baseline 0.003 -25"><span class='ocrx_word' id='word_1_104' title='bbox 174 1343 281 1413; x_wconf 91' lang='lat' dir='ltr'><strong>illi</strong></span> <span class='ocrx_word' id='word_1_105' title='bbox 329 1347 400 1415; x_wconf 92' lang='lat' dir='ltr'><strong>in</strong></span> <span class='ocrx_word' id='word_1_106' title='bbox 450 1358 753 1417; x_wconf 87' lang='lat' dir='ltr'><strong>extremo</strong></span> <span class='ocrx_word' id='word_1_107' title='bbox 790 1345 938 1436; x_wconf 86' lang='lat' dir='ltr'><strong>jam</strong></span> <span class='ocrx_word' id='word_1_108' title='bbox 990 1345 1168 1414; x_wconf 90' lang='lat' dir='ltr'><strong>vitae</strong></span> <span class='ocrx_word' id='word_1_109' title='bbox 1217 1367 1383 1413; x_wconf 92' lang='lat' dir='ltr'><strong>suae</strong></span> <span class='ocrx_word' id='word_1_110' title='bbox 1430 1345 1615 1414; x_wconf 84' lang='lat' dir='ltr'><strong>exitu</strong></span> <span class='ocrx_word' id='word_1_111' title='bbox 1667 1344 1959 1427; x_wconf 88' lang='lat' dir='ltr'><strong>adesset,</strong></span> <span class='ocrx_word' id='word_1_112' title='bbox 1991 1367 2031 1414; x_wconf 96' lang='lat' dir='ltr'><strong>a</strong></span> <span class='ocrx_word' id='word_1_113' title='bbox 2080 1345 2430 1417; x_wconf 89' lang='lat' dir='ltr'><strong>Plutarchi</strong></span> <span class='ocrx_word' id='word_1_114' title='bbox 2458 1348 2728 1419; x_wconf 88' lang='lat' dir='ltr'><strong>civibus</strong></span> 
     </span>
     <span class='ocr_line' id='line_1_13' title="bbox 170 1433 2725 1592; baseline 0.001 -88"><span class='ocrx_word' id='word_1_115' title='bbox 170 1433 372 1527; x_wconf 90' lang='lat' dir='ltr'><strong>(quip</strong></span> <span class='ocrx_word' id='word_1_116' title='bbox 425 1457 462 1505; x_wconf 93' lang='lat' dir='ltr'><strong>e</strong></span> <span class='ocrx_word' id='word_1_117' title='bbox 493 1456 775 1504; x_wconf 86' lang='lat' dir='ltr'><strong>causam</strong></span> <span class='ocrx_word' id='word_1_118' title='bbox 812 1434 1053 1503; x_wconf 91' lang='lat' dir='ltr'><strong>mortis</strong></span> <span class='ocrx_word' id='word_1_119' title='bbox 1084 1433 1432 1504; x_wconf 87' lang='lat' dir='ltr'><strong>Plutarchi</strong></span> <span class='ocrx_word' id='word_1_120' title='bbox 1468 1434 1535 1501; x_wconf 92' lang='lat' dir='ltr'><strong>in</strong></span> <span class='ocrx_word' id='word_1_121' title='bbox 1573 1456 1735 1503; x_wconf 90' lang='lat' dir='ltr'><strong>eum</strong></span> <span class='ocrx_word' id='word_1_122' title='bbox 1764 1433 2296 1525; x_wconf 81' lang='lat' dir='ltr'><strong>transferebant)</strong></span> <span class='ocrx_word' id='word_1_123' title='bbox 2307 1435 2460 1592; x_wconf 70' lang='lat' dir='ltr'><strong>¹iam</strong></span> <span class='ocrx_word' id='word_1_124' title='bbox 2495 1437 2725 1507; x_wconf 92' lang='lat' dir='ltr'><strong>denuo</strong></span> 
     </span>
     <span class='ocr_line' id='line_1_14' title="bbox 174 1522 2723 1613; baseline 0.002 -22"><span class='ocrx_word' id='word_1_125' title='bbox 174 1524 355 1594; x_wconf 91' lang='lat' dir='ltr'><strong>inter</strong></span> <span class='ocrx_word' id='word_1_126' title='bbox 383 1534 575 1594; x_wconf 89' lang='lat' dir='ltr'><strong>ectus</strong></span> <span class='ocrx_word' id='word_1_127' title='bbox 599 1522 864 1595; x_wconf 85' lang='lat' dir='ltr'><strong>fuisset.</strong></span> <span class='ocrx_word' id='word_1_128' title='bbox 899 1528 1250 1592; x_wconf 85' lang='lat' dir='ltr'><strong>Caeterum</strong></span> <span class='ocrx_word' id='word_1_129' title='bbox 1285 1523 1648 1613; x_wconf 85' lang='lat' dir='ltr'><strong>perspicax</strong></span> <span class='ocrx_word' id='word_1_130' title='bbox 1677 1524 1788 1592; x_wconf 90' lang='lat' dir='ltr'><strong>Dei</strong></span> <span class='ocrx_word' id='word_1_131' title='bbox 1824 1524 2252 1613; x_wconf 90' lang='lat' dir='ltr'><strong>providentia</strong></span> <span class='ocrx_word' id='word_1_132' title='bbox 2280 1526 2301 1592; x_wconf 91' lang='lat' dir='ltr'><strong>i</strong></span> <span class='ocrx_word' id='word_1_133' title='bbox 2333 1522 2478 1594; x_wconf 91' lang='lat' dir='ltr'><strong>lum</strong></span> <span class='ocrx_word' id='word_1_134' title='bbox 2518 1526 2723 1595; x_wconf 91' lang='lat' dir='ltr'><strong>etiam</strong></span> 
     </span>
     <span class='ocr_line' id='line_1_15' title="bbox 173 1610 2727 1703; baseline 0.002 -22"><span class='ocrx_word' id='word_1_135' title='bbox 173 1633 252 1682; x_wconf 91' lang='lat' dir='ltr'><strong>eo</strong></span> <span class='ocrx_word' id='word_1_136' title='bbox 314 1626 619 1703; x_wconf 87' lang='lat' dir='ltr'><strong>tempore</strong></span> <span class='ocrx_word' id='word_1_137' title='bbox 687 1634 725 1681; x_wconf 91' lang='lat' dir='ltr'><strong>e</strong></span> <span class='ocrx_word' id='word_1_138' title='bbox 792 1610 1097 1702; x_wconf 90' lang='lat' dir='ltr'><strong>periculo</strong></span> <span class='ocrx_word' id='word_1_139' title='bbox 1162 1611 1438 1700; x_wconf 90' lang='lat' dir='ltr'><strong>eripuit.</strong></span> <span class='ocrx_word' id='word_1_140' title='bbox 1516 1617 1672 1681; x_wconf 86' lang='lat' dir='ltr'><strong>Post</strong></span> <span class='ocrx_word' id='word_1_141' title='bbox 1737 1611 2185 1682; x_wconf 87' lang='lat' dir='ltr'><strong>Plutarchum</strong></span> <span class='ocrx_word' id='word_1_142' title='bbox 2249 1614 2600 1684; x_wconf 88' lang='lat' dir='ltr'><strong>secundus</strong></span> <span class='ocrx_word' id='word_1_143' title='bbox 2644 1636 2727 1685; x_wconf 83' lang='lat' dir='ltr'><strong>ex</strong></span> 
     </span>
     <span class='ocr_line' id='line_1_16' title="bbox 176 1699 2758 1793; baseline 0 -21"><span class='ocrx_word' id='word_1_144' title='bbox 176 1701 491 1793; x_wconf 89' lang='lat' dir='ltr'><strong>Origenis</strong></span> <span class='ocrx_word' id='word_1_145' title='bbox 526 1701 894 1791; x_wconf 89' lang='lat' dir='ltr'><strong>discipulis</strong></span> <span class='ocrx_word' id='word_1_146' title='bbox 927 1713 1189 1789; x_wconf 83' lang='lat' dir='ltr'><strong>martyr</strong></span> <span class='ocrx_word' id='word_1_147' title='bbox 1236 1699 1366 1770; x_wconf 84' lang='lat' dir='ltr'><strong>fuit</strong></span> <span class='ocrx_word' id='word_1_148' title='bbox 1398 1705 1734 1771; x_wconf 90' lang='lat' dir='ltr'><strong>Serenus:</strong></span> <span class='ocrx_word' id='word_1_149' title='bbox 1790 1702 1994 1792; x_wconf 86' lang='lat' dir='ltr'><strong>cujus</strong></span> <span class='ocrx_word' id='word_1_150' title='bbox 2025 1702 2094 1769; x_wconf 91' lang='lat' dir='ltr'><strong>in</strong></span> <span class='ocrx_word' id='word_1_151' title='bbox 2129 1702 2475 1772; x_wconf 89' lang='lat' dir='ltr'><strong>Christum</strong></span> <span class='ocrx_word' id='word_1_152' title='bbox 2526 1703 2758 1786; x_wconf 85' lang='lat' dir='ltr'><strong>fides‚.</strong></span> 
     </span>
     <span class='ocr_line' id='line_1_17' title="bbox 177 1788 2721 1882; baseline 0.001 -21"><span class='ocrx_word' id='word_1_153' title='bbox 177 1813 388 1878; x_wconf 89' lang='lat' dir='ltr'><strong>quam</strong></span> <span class='ocrx_word' id='word_1_154' title='bbox 417 1792 652 1862; x_wconf 91' lang='lat' dir='ltr'><strong>animo</strong></span> <span class='ocrx_word' id='word_1_155' title='bbox 692 1791 1083 1870; x_wconf 88' lang='lat' dir='ltr'><strong>imbiberat,</strong></span> <span class='ocrx_word' id='word_1_156' title='bbox 1116 1789 1301 1881; x_wconf 88' lang='lat' dir='ltr'><strong>ignis</strong></span> <span class='ocrx_word' id='word_1_157' title='bbox 1340 1789 1661 1859; x_wconf 90' lang='lat' dir='ltr'><strong>incendio</strong></span> <span class='ocrx_word' id='word_1_158' title='bbox 1684 1790 1851 1859; x_wconf 90' lang='lat' dir='ltr'><strong>satis</strong></span> <span class='ocrx_word' id='word_1_159' title='bbox 1881 1788 2226 1880; x_wconf 85' lang='lat' dir='ltr'><strong>explorate</strong></span> <span class='ocrx_word' id='word_1_160' title='bbox 2260 1791 2547 1882; x_wconf 89' lang='lat' dir='ltr'><strong>probata</strong></span> <span class='ocrx_word' id='word_1_161' title='bbox 2571 1792 2721 1863; x_wconf 83' lang='lat' dir='ltr'><strong>fuit.</strong></span> 
     </span>
     <span class='ocr_line' id='line_1_18' title="bbox 175 1879 2726 1971; baseline 0 -21"><span class='ocrx_word' id='word_1_162' title='bbox 175 1881 596 1960; x_wconf 87' lang='lat' dir='ltr'><strong>Heraclides,</strong></span> <span class='ocrx_word' id='word_1_163' title='bbox 636 1881 878 1950; x_wconf 90' lang='lat' dir='ltr'><strong>tertius</strong></span> <span class='ocrx_word' id='word_1_164' title='bbox 929 1891 1190 1968; x_wconf 85' lang='lat' dir='ltr'><strong>martyr</strong></span> <span class='ocrx_word' id='word_1_165' title='bbox 1218 1890 1284 1947; x_wconf 91' lang='lat' dir='ltr'><strong>et</strong></span> <span class='ocrx_word' id='word_1_166' title='bbox 1330 1891 1620 1965; x_wconf 90' lang='lat' dir='ltr'><strong>quartus</strong></span> <span class='ocrx_word' id='word_1_167' title='bbox 1653 1883 1988 1959; x_wconf 85' lang='lat' dir='ltr'><strong>Heronex,</strong></span> <span class='ocrx_word' id='word_1_168' title='bbox 2022 1879 2262 1948; x_wconf 77' lang='lat' dir='ltr'><strong>eadem</strong></span> <span class='ocrx_word' id='word_1_169' title='bbox 2296 1880 2532 1951; x_wconf 91' lang='lat' dir='ltr'><strong>schola</strong></span> <span class='ocrx_word' id='word_1_170' title='bbox 2567 1904 2726 1971; x_wconf 90' lang='lat' dir='ltr'><strong>pro-</strong></span> 
     </span>
     <span class='ocr_line' id='line_1_19' title="bbox 173 1967 2718 2057; baseline 0 -19"><span class='ocrx_word' id='word_1_171' title='bbox 173 1971 373 2052; x_wconf 88' lang='lat' dir='ltr'><strong>fecti,</strong></span> <span class='ocrx_word' id='word_1_172' title='bbox 427 1990 723 2057; x_wconf 91' lang='lat' dir='ltr'><strong>quorum</strong></span> <span class='ocrx_word' id='word_1_173' title='bbox 797 1980 1109 2055; x_wconf 88' lang='lat' dir='ltr'><strong>uterque,</strong></span> <span class='ocrx_word' id='word_1_174' title='bbox 1169 1967 1400 2057; x_wconf 88' lang='lat' dir='ltr'><strong>prior,</strong></span> <span class='ocrx_word' id='word_1_175' title='bbox 1453 1967 1622 2036; x_wconf 92' lang='lat' dir='ltr'><strong>dum</strong></span> <span class='ocrx_word' id='word_1_176' title='bbox 1673 1967 1904 2038; x_wconf 87' lang='lat' dir='ltr'><strong>adhuc</strong></span> <span class='ocrx_word' id='word_1_177' title='bbox 1950 1969 2491 2039; x_wconf 89' lang='lat' dir='ltr'><strong>catechumenus</strong></span> <span class='ocrx_word' id='word_1_178' title='bbox 2536 1985 2718 2052; x_wconf 88' lang='lat' dir='ltr'><strong>erat,</strong></span> 
     </span>
     <span class='ocr_line' id='line_1_20' title="bbox 173 2056 2724 2151; baseline -0.001 -21"><span class='ocrx_word' id='word_1_179' title='bbox 173 2060 509 2151; x_wconf 90' lang='lat' dir='ltr'><strong>posterior</strong></span> <span class='ocrx_word' id='word_1_180' title='bbox 545 2071 701 2128; x_wconf 91' lang='lat' dir='ltr'><strong>ante</strong></span> <span class='ocrx_word' id='word_1_181' title='bbox 749 2079 972 2147; x_wconf 89' lang='lat' dir='ltr'><strong>nuper</strong></span> <span class='ocrx_word' id='word_1_182' title='bbox 992 2057 1139 2147; x_wconf 86' lang='lat' dir='ltr'><strong>jam</strong></span> <span class='ocrx_word' id='word_1_183' title='bbox 1191 2056 1598 2145; x_wconf 89' lang='lat' dir='ltr'><strong>baptizatus,</strong></span> <span class='ocrx_word' id='word_1_184' title='bbox 1639 2057 1865 2127; x_wconf 88' lang='lat' dir='ltr'><strong>securi</strong></span> <span class='ocrx_word' id='word_1_185' title='bbox 1902 2078 2276 2147; x_wconf 88' lang='lat' dir='ltr'><strong>percussus</strong></span> <span class='ocrx_word' id='word_1_186' title='bbox 2318 2058 2471 2128; x_wconf 85' lang='lat' dir='ltr'><strong>suit.</strong></span> <span class='ocrx_word' id='word_1_187' title='bbox 2520 2063 2724 2128; x_wconf 91' lang='lat' dir='ltr'><strong>Prae-</strong></span> 
     </span>
     <span class='ocr_line' id='line_1_21' title="bbox 174 2145 2724 2238; baseline -0.001 -19"><span class='ocrx_word' id='word_1_188' title='bbox 174 2162 356 2219; x_wconf 88' lang='lat' dir='ltr'><strong>terea</strong></span> <span class='ocrx_word' id='word_1_189' title='bbox 393 2170 473 2217; x_wconf 83' lang='lat' dir='ltr'><strong>ex</strong></span> <span class='ocrx_word' id='word_1_190' title='bbox 519 2146 757 2217; x_wconf 89' lang='lat' dir='ltr'><strong>eodem</strong></span> <span class='ocrx_word' id='word_1_191' title='bbox 799 2145 964 2215; x_wconf 90' lang='lat' dir='ltr'><strong>ludo</strong></span> <span class='ocrx_word' id='word_1_192' title='bbox 1011 2146 1191 2215; x_wconf 90' lang='lat' dir='ltr'><strong>alius</strong></span> <span class='ocrx_word' id='word_1_193' title='bbox 1222 2167 1263 2214; x_wconf 91' lang='lat' dir='ltr'><strong>a</strong></span> <span class='ocrx_word' id='word_1_194' title='bbox 1300 2146 1520 2236; x_wconf 89' lang='lat' dir='ltr'><strong>primo</strong></span> <span class='ocrx_word' id='word_1_195' title='bbox 1571 2150 1887 2228; x_wconf 85' lang='lat' dir='ltr'><strong>Serenus,</strong></span> <span class='ocrx_word' id='word_1_196' title='bbox 1942 2146 2230 2233; x_wconf 90' lang='lat' dir='ltr'><strong>quintus</strong></span> <span class='ocrx_word' id='word_1_197' title='bbox 2277 2147 2553 2227; x_wconf 89' lang='lat' dir='ltr'><strong>athleta,</strong></span> <span class='ocrx_word' id='word_1_198' title='bbox 2601 2170 2724 2238; x_wconf 92' lang='lat' dir='ltr'><strong>pro</strong></span> 
     </span>
     <span class='ocr_line' id='line_1_22' title="bbox 174 2233 2728 2338; baseline 0 -33"><span class='ocrx_word' id='word_1_199' title='bbox 174 2236 449 2338; x_wconf 88' lang='lat' dir='ltr'><strong>pietatis</strong></span> <span class='ocrx_word' id='word_1_200' title='bbox 487 2235 881 2306; x_wconf 88' lang='lat' dir='ltr'><strong>defensione</strong></span> <span class='ocrx_word' id='word_1_201' title='bbox 928 2257 1136 2323; x_wconf 90' lang='lat' dir='ltr'><strong>quam</strong></span> <span class='ocrx_word' id='word_1_202' title='bbox 1189 2246 1609 2336; x_wconf 89' lang='lat' dir='ltr'><strong>susceperat,</strong></span> <span class='ocrx_word' id='word_1_203' title='bbox 1641 2233 1845 2325; x_wconf 88' lang='lat' dir='ltr'><strong>pleno</strong></span> <span class='ocrx_word' id='word_1_204' title='bbox 1878 2256 1994 2304; x_wconf 88' lang='lat' dir='ltr'><strong>ore</strong></span> <span class='ocrx_word' id='word_1_205' title='bbox 2025 2234 2384 2306; x_wconf 88' lang='lat' dir='ltr'><strong>laudatur:</strong></span> <span class='ocrx_word' id='word_1_206' title='bbox 2425 2237 2539 2306; x_wconf 91' lang='lat' dir='ltr'><strong>cui</strong></span> <span class='ocrx_word' id='word_1_207' title='bbox 2569 2249 2728 2337; x_wconf 88' lang='lat' dir='ltr'><strong>post</strong></span> 
     </span>
     <span class='ocr_line' id='line_1_23' title="bbox 175 2323 2723 2416; baseline 0.001 -23"><span class='ocrx_word' id='word_1_208' title='bbox 175 2339 527 2416; x_wconf 83' lang='lat' dir='ltr'><strong>ingentem</strong></span> <span class='ocrx_word' id='word_1_209' title='bbox 571 2335 1070 2395; x_wconf 86' lang='lat' dir='ltr'><strong>tormentorum</strong></span> <span class='ocrx_word' id='word_1_210' title='bbox 1107 2345 1644 2415; x_wconf 81' lang='lat' dir='ltr'><strong>perpessionem,</strong></span> <span class='ocrx_word' id='word_1_211' title='bbox 1700 2323 1885 2392; x_wconf 82' lang='lat' dir='ltr'><strong>fama</strong></span> <span class='ocrx_word' id='word_1_212' title='bbox 1929 2335 2053 2406; x_wconf 91' lang='lat' dir='ltr'><strong>est,</strong></span> <span class='ocrx_word' id='word_1_213' title='bbox 2100 2336 2310 2414; x_wconf 89' lang='lat' dir='ltr'><strong>caput</strong></span> <span class='ocrx_word' id='word_1_214' title='bbox 2337 2325 2723 2395; x_wconf 79' lang='lat' dir='ltr'><strong>cervicibus</strong></span> 
     </span>
     <span class='ocr_line' id='line_1_24' title="bbox 179 2416 792 2486; baseline -0.002 -3"><span class='ocrx_word' id='word_1_215' title='bbox 179 2416 567 2486; x_wconf 89' lang='lat' dir='ltr'><strong>abscissum</strong></span> <span class='ocrx_word' id='word_1_216' title='bbox 619 2434 792 2483; x_wconf 89' lang='lat' dir='ltr'><strong>esse.</strong></span> 
     </span>
    </p>

    <p class='ocr_par' dir='ltr' id='par_1_4' title="bbox 175 2501 2731 4551">
     <span class='ocr_line' id='line_1_25' title="bbox 265 2501 2717 2592; baseline -0 -18"><span class='ocrx_word' id='word_1_217' title='bbox 265 2507 302 2592; x_wconf 68' lang='grc' dir='ltr'><strong>ξ</strong></span> <span class='ocrx_word' id='word_1_218' title='bbox 353 2510 439 2575; x_wconf 68' lang='lat'><strong>2.</strong></span> <span class='ocrx_word' id='word_1_219' title='bbox 495 2509 586 2573; x_wconf 85' lang='lat' dir='ltr'><strong>Ex</strong></span> <span class='ocrx_word' id='word_1_220' title='bbox 609 2502 981 2573; x_wconf 87' lang='lat' dir='ltr'><strong>mulierum</strong></span> <span class='ocrx_word' id='word_1_221' title='bbox 1016 2524 1307 2572; x_wconf 89' lang='lat' dir='ltr'><strong>numero</strong></span> <span class='ocrx_word' id='word_1_222' title='bbox 1336 2523 1515 2588; x_wconf 90' lang='lat' dir='ltr'><strong>quae</strong></span> <span class='ocrx_word' id='word_1_223' title='bbox 1537 2512 1733 2571; x_wconf 91' lang='lat' dir='ltr'><strong>erant</strong></span> <span class='ocrx_word' id='word_1_224' title='bbox 1756 2501 1906 2592; x_wconf 91' lang='lat' dir='ltr'><strong>ejus</strong></span> <span class='ocrx_word' id='word_1_225' title='bbox 1939 2501 2310 2592; x_wconf 76' lang='lat' dir='ltr'><strong>disciplina</strong></span> <span class='ocrx_word' id='word_1_226' title='bbox 2342 2503 2717 2586; x_wconf 87' lang='lat' dir='ltr'><strong>institutae,</strong></span> 
     </span>
     <span class='ocr_line' id='line_1_26' title="bbox 177 2590 2723 2681; baseline 0 -19"><span class='ocrx_word' id='word_1_227' title='bbox 177 2592 388 2662; x_wconf 90' lang='lat' dir='ltr'><strong>Rhais</strong></span> <span class='ocrx_word' id='word_1_228' title='bbox 420 2593 650 2663; x_wconf 89' lang='lat' dir='ltr'><strong>adhuc</strong></span> <span class='ocrx_word' id='word_1_229' title='bbox 683 2591 1199 2673; x_wconf 87' lang='lat' dir='ltr'><strong>catechumena,</strong></span> <span class='ocrx_word' id='word_1_230' title='bbox 1265 2590 1717 2680; x_wconf 90' lang='lat' dir='ltr'><strong>baptismum,</strong></span> <span class='ocrx_word' id='word_1_231' title='bbox 1766 2603 1842 2660; x_wconf 91' lang='lat' dir='ltr'><strong>ut</strong></span> <span class='ocrx_word' id='word_1_232' title='bbox 1876 2591 2021 2681; x_wconf 91' lang='lat' dir='ltr'><strong>ipse</strong></span> <span class='ocrx_word' id='word_1_233' title='bbox 2061 2591 2387 2681; x_wconf 81' lang='lat' dir='ltr'><strong>Origenes</strong></span> <span class='ocrx_word' id='word_1_234' title='bbox 2421 2592 2723 2680; x_wconf 90' lang='lat' dir='ltr'><strong>quodam</strong></span> 
     </span>
     <span class='ocr_line' id='line_1_27' title="bbox 177 2680 2727 2771; baseline 0 -21"><span class='ocrx_word' id='word_1_235' title='bbox 177 2683 247 2750; x_wconf 92' lang='lat' dir='ltr'><strong>in</strong></span> <span class='ocrx_word' id='word_1_236' title='bbox 299 2680 446 2751; x_wconf 88' lang='lat' dir='ltr'><strong>loco</strong></span> <span class='ocrx_word' id='word_1_237' title='bbox 479 2681 597 2762; x_wconf 90' lang='lat' dir='ltr'><strong>ait,</strong></span> <span class='ocrx_word' id='word_1_238' title='bbox 636 2681 1016 2771; x_wconf 85' lang='lat' dir='ltr'><strong>perignem</strong></span> <span class='ocrx_word' id='word_1_239' title='bbox 1066 2692 1455 2760; x_wconf 89' lang='lat' dir='ltr'><strong>consecuta,</strong></span> <span class='ocrx_word' id='word_1_240' title='bbox 1494 2680 1782 2749; x_wconf 88' lang='lat' dir='ltr'><strong>excessit</strong></span> <span class='ocrx_word' id='word_1_241' title='bbox 1834 2701 1871 2749; x_wconf 95' lang='lat' dir='ltr'><strong>e</strong></span> <span class='ocrx_word' id='word_1_242' title='bbox 1937 2680 2096 2749; x_wconf 86' lang='lat' dir='ltr'><strong>vita.</strong></span> <span class='ocrx_word' id='word_1_243' title='bbox 2154 2681 2500 2770; x_wconf 90' lang='lat' dir='ltr'><strong>Septimus</strong></span> <span class='ocrx_word' id='word_1_244' title='bbox 2548 2682 2727 2750; x_wconf 89' lang='lat' dir='ltr'><strong>inter</strong></span> 
     </span>
     <span class='ocr_line' id='line_1_28' title="bbox 175 2768 2726 2855; baseline 0 -17"><span class='ocrx_word' id='word_1_245' title='bbox 175 2771 345 2842; x_wconf 92' lang='lat' dir='ltr'><strong>istos</strong></span> <span class='ocrx_word' id='word_1_246' title='bbox 381 2783 785 2840; x_wconf 90' lang='lat' dir='ltr'><strong>numeratur</strong></span> <span class='ocrx_word' id='word_1_247' title='bbox 816 2768 1172 2850; x_wconf 91' lang='lat' dir='ltr'><strong>Basilides,</strong></span> <span class='ocrx_word' id='word_1_248' title='bbox 1228 2769 1349 2855; x_wconf 88' lang='lat' dir='ltr'><strong>qui</strong></span> <span class='ocrx_word' id='word_1_249' title='bbox 1382 2768 1917 2849; x_wconf 89' lang='lat' dir='ltr'><strong>Potamioenam,</strong></span> <span class='ocrx_word' id='word_1_250' title='bbox 1959 2768 2337 2839; x_wconf 90' lang='lat' dir='ltr'><strong>multorum</strong></span> <span class='ocrx_word' id='word_1_251' title='bbox 2370 2791 2726 2839; x_wconf 89' lang='lat' dir='ltr'><strong>commen-</strong></span> 
     </span>
     <span class='ocr_line' id='line_1_29' title="bbox 179 2856 2726 2949; baseline 0 -22"><span class='ocrx_word' id='word_1_252' title='bbox 179 2859 457 2929; x_wconf 85' lang='lat' dir='ltr'><strong>datione</strong></span> <span class='ocrx_word' id='word_1_253' title='bbox 486 2859 858 2949; x_wconf 85' lang='lat' dir='ltr'><strong>insignem,</strong></span> <span class='ocrx_word' id='word_1_254' title='bbox 898 2857 984 2928; x_wconf 92' lang='lat' dir='ltr'><strong>ad</strong></span> <span class='ocrx_word' id='word_1_255' title='bbox 1021 2857 1449 2948; x_wconf 90' lang='lat' dir='ltr'><strong>supplicium</strong></span> <span class='ocrx_word' id='word_1_256' title='bbox 1483 2857 1789 2939; x_wconf 85' lang='lat' dir='ltr'><strong>deduxit,</strong></span> <span class='ocrx_word' id='word_1_257' title='bbox 1825 2858 1910 2927; x_wconf 93' lang='lat' dir='ltr'><strong>de</strong></span> <span class='ocrx_word' id='word_1_258' title='bbox 1955 2880 2094 2945; x_wconf 91' lang='lat' dir='ltr'><strong>qua</strong></span> <span class='ocrx_word' id='word_1_259' title='bbox 2133 2856 2456 2945; x_wconf 84' lang='lat' dir='ltr'><strong>frequens</strong></span> <span class='ocrx_word' id='word_1_260' title='bbox 2503 2871 2570 2928; x_wconf 89' lang='lat' dir='ltr'><strong>et</strong></span> <span class='ocrx_word' id='word_1_261' title='bbox 2615 2881 2726 2928; x_wconf 90' lang='lat' dir='ltr'><strong>ce-</strong></span> 
     </span>
     <span class='ocr_line' id='line_1_30' title="bbox 181 2945 2727 3038; baseline 0 -23"><span class='ocrx_word' id='word_1_262' title='bbox 181 2947 391 3018; x_wconf 90' lang='lat' dir='ltr'><strong>lebris</strong></span> <span class='ocrx_word' id='word_1_263' title='bbox 441 2970 667 3019; x_wconf 88' lang='lat' dir='ltr'><strong>sermo</strong></span> <span class='ocrx_word' id='word_1_264' title='bbox 699 2947 883 3038; x_wconf 89' lang='lat' dir='ltr'><strong>apud</strong></span> <span class='ocrx_word' id='word_1_265' title='bbox 944 2946 1127 3016; x_wconf 88' lang='lat' dir='ltr'><strong>cives</strong></span> <span class='ocrx_word' id='word_1_266' title='bbox 1174 2969 1338 3018; x_wconf 91' lang='lat' dir='ltr'><strong>suos</strong></span> <span class='ocrx_word' id='word_1_267' title='bbox 1361 2946 1508 3037; x_wconf 87' lang='lat' dir='ltr'><strong>jam</strong></span> <span class='ocrx_word' id='word_1_268' title='bbox 1552 2945 1881 3017; x_wconf 89' lang='lat' dir='ltr'><strong>habetur:</strong></span> <span class='ocrx_word' id='word_1_269' title='bbox 1935 2956 2170 3036; x_wconf 89' lang='lat' dir='ltr'><strong>utpote</strong></span> <span class='ocrx_word' id='word_1_270' title='bbox 2201 2969 2378 3034; x_wconf 88' lang='lat' dir='ltr'><strong>quae</strong></span> <span class='ocrx_word' id='word_1_271' title='bbox 2410 2969 2571 3017; x_wconf 89' lang='lat' dir='ltr'><strong>cum</strong></span> <span class='ocrx_word' id='word_1_272' title='bbox 2622 2949 2727 3016; x_wconf 91' lang='lat' dir='ltr'><strong>in-</strong></span> 
     </span>
     <span class='ocr_line' id='line_1_31' title="bbox 178 3035 2725 3127; baseline 0 -22"><span class='ocrx_word' id='word_1_273' title='bbox 178 3037 414 3107; x_wconf 87' lang='lat' dir='ltr'><strong>finitas</strong></span> <span class='ocrx_word' id='word_1_274' title='bbox 472 3057 683 3126; x_wconf 92' lang='lat' dir='ltr'><strong>prope</strong></span> <span class='ocrx_word' id='word_1_275' title='bbox 748 3058 1018 3126; x_wconf 86' lang='lat' dir='ltr'><strong>pugnas</strong></span> <span class='ocrx_word' id='word_1_276' title='bbox 1066 3057 1191 3127; x_wconf 91' lang='lat' dir='ltr'><strong>pro</strong></span> <span class='ocrx_word' id='word_1_277' title='bbox 1238 3036 1547 3126; x_wconf 91' lang='lat' dir='ltr'><strong>corporis</strong></span> <span class='ocrx_word' id='word_1_278' title='bbox 1614 3035 1952 3125; x_wconf 88' lang='lat' dir='ltr'><strong>pudicitia</strong></span> <span class='ocrx_word' id='word_1_279' title='bbox 1998 3047 2062 3104; x_wconf 90' lang='lat' dir='ltr'><strong>et</strong></span> <span class='ocrx_word' id='word_1_280' title='bbox 2120 3035 2534 3126; x_wconf 86' lang='lat' dir='ltr'><strong>virginitate,</strong></span> <span class='ocrx_word' id='word_1_281' title='bbox 2589 3058 2725 3124; x_wconf 89' lang='lat' dir='ltr'><strong>qua</strong></span> 
     </span>
     <span class='ocr_line' id='line_1_32' title="bbox 179 3124 2727 3215; baseline 0 -21"><span class='ocrx_word' id='word_1_282' title='bbox 179 3147 346 3215; x_wconf 89' lang='lat' dir='ltr'><strong>prae</strong></span> <span class='ocrx_word' id='word_1_283' title='bbox 400 3126 688 3196; x_wconf 88' lang='lat' dir='ltr'><strong>caeteris</strong></span> <span class='ocrx_word' id='word_1_284' title='bbox 745 3124 1140 3207; x_wconf 87' lang='lat' dir='ltr'><strong>excellebat,</strong></span> <span class='ocrx_word' id='word_1_285' title='bbox 1206 3137 1445 3195; x_wconf 88' lang='lat' dir='ltr'><strong>contra</strong></span> <span class='ocrx_word' id='word_1_286' title='bbox 1492 3124 1776 3195; x_wconf 90' lang='lat' dir='ltr'><strong>insanos</strong></span> <span class='ocrx_word' id='word_1_287' title='bbox 1830 3137 2217 3194; x_wconf 90' lang='lat' dir='ltr'><strong>amatorum</strong></span> <span class='ocrx_word' id='word_1_288' title='bbox 2259 3146 2547 3195; x_wconf 88' lang='lat' dir='ltr'><strong>suorum</strong></span> <span class='ocrx_word' id='word_1_289' title='bbox 2597 3126 2727 3195; x_wconf 92' lang='lat' dir='ltr'><strong>im-</strong></span> 
     </span>
     <span class='ocr_line' id='line_1_33' title="bbox 178 3212 2726 3305; baseline -0 -21"><span class='ocrx_word' id='word_1_290' title='bbox 178 3228 379 3305; x_wconf 90' lang='lat' dir='ltr'><strong>petus</strong></span> <span class='ocrx_word' id='word_1_291' title='bbox 428 3215 527 3299; x_wconf 94' lang='lat' dir='ltr'><strong>(in</strong></span> <span class='ocrx_word' id='word_1_292' title='bbox 562 3236 643 3284; x_wconf 89' lang='lat' dir='ltr'><strong>ea</strong></span> <span class='ocrx_word' id='word_1_293' title='bbox 702 3214 888 3284; x_wconf 92' lang='lat' dir='ltr'><strong>enim</strong></span> <span class='ocrx_word' id='word_1_294' title='bbox 940 3225 1207 3304; x_wconf 89' lang='lat' dir='ltr'><strong>praeter</strong></span> <span class='ocrx_word' id='word_1_295' title='bbox 1237 3213 1456 3284; x_wconf 88' lang='lat' dir='ltr'><strong>animi</strong></span> <span class='ocrx_word' id='word_1_296' title='bbox 1487 3212 1772 3285; x_wconf 89' lang='lat' dir='ltr'><strong>virtutes</strong></span> <span class='ocrx_word' id='word_1_297' title='bbox 1817 3213 2067 3283; x_wconf 81' lang='lat' dir='ltr'><strong>eximia</strong></span> <span class='ocrx_word' id='word_1_298' title='bbox 2117 3225 2465 3303; x_wconf 87' lang='lat' dir='ltr'><strong>praeterea</strong></span> <span class='ocrx_word' id='word_1_299' title='bbox 2510 3225 2575 3283; x_wconf 89' lang='lat' dir='ltr'><strong>et</strong></span> <span class='ocrx_word' id='word_1_300' title='bbox 2621 3214 2726 3283; x_wconf 91' lang='lat' dir='ltr'><strong>in-</strong></span> 
     </span>
     <span class='ocr_line' id='line_1_34' title="bbox 179 3302 2728 3395; baseline 0 -23"><span class='ocrx_word' id='word_1_301' title='bbox 179 3318 381 3395; x_wconf 89' lang='lat' dir='ltr'><strong>tegra·</strong></span> <span class='ocrx_word' id='word_1_302' title='bbox 395 3304 704 3394; x_wconf 89' lang='lat' dir='ltr'><strong>corporis</strong></span> <span class='ocrx_word' id='word_1_303' title='bbox 740 3302 1187 3394; x_wconf 89' lang='lat' dir='ltr'><strong>pulchritudo</strong></span> <span class='ocrx_word' id='word_1_304' title='bbox 1218 3324 1378 3373; x_wconf 91' lang='lat' dir='ltr'><strong>cum</strong></span> <span class='ocrx_word' id='word_1_305' title='bbox 1404 3302 1578 3371; x_wconf 90' lang='lat' dir='ltr'><strong>mira</strong></span> <span class='ocrx_word' id='word_1_306' title='bbox 1601 3315 1952 3372; x_wconf 85' lang='lat' dir='ltr'><strong>venustate</strong></span> <span class='ocrx_word' id='word_1_307' title='bbox 1976 3303 2320 3391; x_wconf 88' lang='lat' dir='ltr'><strong>elucebat)</strong></span> <span class='ocrx_word' id='word_1_308' title='bbox 2334 3317 2728 3373; x_wconf 88' lang='lat' dir='ltr'><strong>constanter</strong></span> 
     </span>
     <span class='ocr_line' id='line_1_35' title="bbox 181 3391 2726 3482; baseline 0 -21"><span class='ocrx_word' id='word_1_309' title='bbox 181 3392 549 3463; x_wconf 89' lang='lat' dir='ltr'><strong>sustinuit:</strong></span> <span class='ocrx_word' id='word_1_310' title='bbox 604 3404 752 3462; x_wconf 89' lang='lat' dir='ltr'><strong>tum</strong></span> <span class='ocrx_word' id='word_1_311' title='bbox 803 3391 1005 3464; x_wconf 89' lang='lat' dir='ltr'><strong>multi</strong></span> <span class='ocrx_word' id='word_1_312' title='bbox 1061 3391 1224 3462; x_wconf 90' lang='lat' dir='ltr'><strong>lices</strong></span> <span class='ocrx_word' id='word_1_313' title='bbox 1272 3404 1337 3462; x_wconf 92' lang='lat' dir='ltr'><strong>et</strong></span> <span class='ocrx_word' id='word_1_314' title='bbox 1382 3412 1623 3482; x_wconf 90' lang='lat' dir='ltr'><strong>graves</strong></span> <span class='ocrx_word' id='word_1_315' title='bbox 1671 3413 2042 3462; x_wconf 88' lang='lat' dir='ltr'><strong>aerumnas</strong></span> <span class='ocrx_word' id='word_1_316' title='bbox 2084 3414 2206 3482; x_wconf 97' lang='lat' dir='ltr'><strong>pro</strong></span> <span class='ocrx_word' id='word_1_317' title='bbox 2241 3392 2375 3462; x_wconf 87' lang='lat' dir='ltr'><strong>fide</strong></span> <span class='ocrx_word' id='word_1_318' title='bbox 2417 3393 2489 3461; x_wconf 93' lang='lat' dir='ltr'><strong>in</strong></span> <span class='ocrx_word' id='word_1_319' title='bbox 2533 3392 2726 3461; x_wconf 87' lang='lat' dir='ltr'><strong>Chri-</strong></span> 
     </span>
     <span class='ocr_line' id='line_1_36' title="bbox 179 3481 2728 3571; baseline 0.001 -21"><span class='ocrx_word' id='word_1_320' title='bbox 179 3493 365 3552; x_wconf 90' lang='lat' dir='ltr'><strong>stum</strong></span> <span class='ocrx_word' id='word_1_321' title='bbox 424 3482 884 3563; x_wconf 82' lang='lat' dir='ltr'><strong>exhaurienS,</strong></span> <span class='ocrx_word' id='word_1_322' title='bbox 951 3504 991 3551; x_wconf 89' lang='lat' dir='ltr'><strong>a</strong></span> <span class='ocrx_word' id='word_1_323' title='bbox 1087 3493 1469 3550; x_wconf 85' lang='lat' dir='ltr'><strong>extremum</strong></span> <span class='ocrx_word' id='word_1_324' title='bbox 1518 3492 1674 3571; x_wconf 91' lang='lat' dir='ltr'><strong>post</strong></span> <span class='ocrx_word' id='word_1_325' title='bbox 1720 3493 2059 3551; x_wconf 90' lang='lat' dir='ltr'><strong>tormenta</strong></span> <span class='ocrx_word' id='word_1_326' title='bbox 2096 3482 2344 3551; x_wconf 88' lang='lat' dir='ltr'><strong>acerba</strong></span> <span class='ocrx_word' id='word_1_327' title='bbox 2399 3481 2728 3569; x_wconf 90' lang='lat' dir='ltr'><strong>dictuque</strong></span> 
     </span>
     <span class='ocr_line' id='line_1_37' title="bbox 176 3568 2720 3661; baseline 0 -21"><span class='ocrx_word' id='word_1_328' title='bbox 176 3569 546 3652; x_wconf 90' lang='lat' dir='ltr'><strong>horrenda,</strong></span> <span class='ocrx_word' id='word_1_329' title='bbox 613 3592 757 3640; x_wconf 91' lang='lat' dir='ltr'><strong>una</strong></span> <span class='ocrx_word' id='word_1_330' title='bbox 819 3592 980 3640; x_wconf 91' lang='lat' dir='ltr'><strong>cum</strong></span> <span class='ocrx_word' id='word_1_331' title='bbox 1039 3583 1253 3640; x_wconf 86' lang='lat' dir='ltr'><strong>matre</strong></span> <span class='ocrx_word' id='word_1_332' title='bbox 1319 3568 1636 3639; x_wconf 81' lang='lat' dir='ltr'><strong>Marcella</strong></span> <span class='ocrx_word' id='word_1_333' title='bbox 1688 3569 1872 3660; x_wconf 90' lang='lat' dir='ltr'><strong>ignis</strong></span> <span class='ocrx_word' id='word_1_334' title='bbox 1928 3569 2271 3640; x_wconf 87' lang='lat' dir='ltr'><strong>incendiis</strong></span> <span class='ocrx_word' id='word_1_335' title='bbox 2327 3571 2720 3661; x_wconf 89' lang='lat' dir='ltr'><strong>absumpta,</strong></span> 
     </span>
     <span class='ocr_line' id='line_1_38' title="bbox 179 3657 2725 3750; baseline 0 -22"><span class='ocrx_word' id='word_1_336' title='bbox 179 3670 471 3729; x_wconf 91' lang='lat' dir='ltr'><strong>mortem</strong></span> <span class='ocrx_word' id='word_1_337' title='bbox 505 3659 814 3750; x_wconf 90' lang='lat' dir='ltr'><strong>oppetiit.</strong></span> <span class='ocrx_word' id='word_1_338' title='bbox 854 3664 1107 3729; x_wconf 86' lang='lat' dir='ltr'><strong>Ferunt</strong></span> <span class='ocrx_word' id='word_1_339' title='bbox 1154 3658 1436 3747; x_wconf 91' lang='lat' dir='ltr'><strong>quidem</strong></span> <span class='ocrx_word' id='word_1_340' title='bbox 1486 3657 1802 3746; x_wconf 77' lang='lat' dir='ltr'><strong>Aquilam</strong></span> <span class='ocrx_word' id='word_1_341' title='bbox 1847 3657 2009 3749; x_wconf 87' lang='lat' dir='ltr'><strong>(hoc</strong></span> <span class='ocrx_word' id='word_1_342' title='bbox 2055 3659 2242 3728; x_wconf 90' lang='lat' dir='ltr'><strong>enim</strong></span> <span class='ocrx_word' id='word_1_343' title='bbox 2272 3658 2549 3729; x_wconf 87' lang='lat' dir='ltr'><strong>Judicis</strong></span> <span class='ocrx_word' id='word_1_344' title='bbox 2602 3681 2725 3729; x_wconf 89' lang='lat' dir='ltr'><strong>no-</strong></span> 
     </span>
     <span class='ocr_line' id='line_1_39' title="bbox 179 3746 2728 3839; baseline 0 -23"><span class='ocrx_word' id='word_1_345' title='bbox 179 3770 339 3817; x_wconf 91' lang='lat' dir='ltr'><strong>men</strong></span> <span class='ocrx_word' id='word_1_346' title='bbox 394 3747 555 3839; x_wconf 84' lang='lat' dir='ltr'><strong>fuit)</strong></span> <span class='ocrx_word' id='word_1_347' title='bbox 657 3760 972 3835; x_wconf 91' lang='lat' dir='ltr'><strong>ostquam</strong></span> <span class='ocrx_word' id='word_1_348' title='bbox 1022 3769 1262 3838; x_wconf 89' lang='lat' dir='ltr'><strong>graves</strong></span> <span class='ocrx_word' id='word_1_349' title='bbox 1311 3746 1633 3817; x_wconf 90' lang='lat' dir='ltr'><strong>universo</strong></span> <span class='ocrx_word' id='word_1_350' title='bbox 1693 3747 1884 3817; x_wconf 91' lang='lat' dir='ltr'><strong>illius</strong></span> <span class='ocrx_word' id='word_1_351' title='bbox 1938 3748 2208 3838; x_wconf 90' lang='lat' dir='ltr'><strong>corpori</strong></span> <span class='ocrx_word' id='word_1_352' title='bbox 2257 3747 2367 3838; x_wconf 90' lang='lat' dir='ltr'><strong>pla</strong></span> <span class='ocrx_word' id='word_1_353' title='bbox 2422 3771 2497 3817; x_wconf 88' lang='lat' dir='ltr'><strong>as</strong></span> <span class='ocrx_word' id='word_1_354' title='bbox 2546 3747 2728 3816; x_wconf 89' lang='lat' dir='ltr'><strong>inssi-</strong></span> 
     </span>
     <span class='ocr_line' id='line_1_40' title="bbox 178 3836 2729 3927; baseline 0.001 -22"><span class='ocrx_word' id='word_1_355' title='bbox 178 3836 411 3919; x_wconf 80' lang='lat' dir='ltr'><strong>xisset‚</strong></span> <span class='ocrx_word' id='word_1_356' title='bbox 466 3849 578 3908; x_wconf 88' lang='lat' dir='ltr'><strong>tan</strong></span> <span class='ocrx_word' id='word_1_357' title='bbox 634 3859 741 3907; x_wconf 92' lang='lat' dir='ltr'><strong>em</strong></span> <span class='ocrx_word' id='word_1_358' title='bbox 784 3836 868 3906; x_wconf 92' lang='lat' dir='ltr'><strong>ad</strong></span> <span class='ocrx_word' id='word_1_359' title='bbox 920 3836 1229 3927; x_wconf 88' lang='lat' dir='ltr'><strong>corporis</strong></span> <span class='ocrx_word' id='word_1_360' title='bbox 1269 3836 1724 3926; x_wconf 89' lang='lat' dir='ltr'><strong>ignominiam</strong></span> <span class='ocrx_word' id='word_1_361' title='bbox 1759 3848 1825 3906; x_wconf 87' lang='lat' dir='ltr'><strong>ct</strong></span> <span class='ocrx_word' id='word_1_362' title='bbox 1856 3836 2346 3906; x_wconf 87' lang='lat' dir='ltr'><strong>contumeliam</strong></span> <span class='ocrx_word' id='word_1_363' title='bbox 2429 3836 2729 3908; x_wconf 91' lang='lat' dir='ltr'><strong>ibidino-</strong></span> 
     </span>
     <span class='ocr_line' id='line_1_41' title="bbox 182 3924 2728 4018; baseline 0 -24"><span class='ocrx_word' id='word_1_364' title='bbox 182 3925 481 3995; x_wconf 89' lang='lat' dir='ltr'><strong>sissimis</strong></span> <span class='ocrx_word' id='word_1_365' title='bbox 542 3925 1046 4018; x_wconf 87' lang='lat' dir='ltr'><strong>gladiatoribus</strong></span> <span class='ocrx_word' id='word_1_366' title='bbox 1093 3925 1283 3995; x_wconf 90' lang='lat' dir='ltr'><strong>illam</strong></span> <span class='ocrx_word' id='word_1_367' title='bbox 1319 3946 1392 3995; x_wconf 91' lang='lat' dir='ltr'><strong>se</strong></span> <span class='ocrx_word' id='word_1_368' title='bbox 1432 3924 1849 3994; x_wconf 85' lang='lat' dir='ltr'><strong>traditurum</strong></span> <span class='ocrx_word' id='word_1_369' title='bbox 1911 3925 2469 3995; x_wconf 90' lang='lat' dir='ltr'><strong>interminatum:</strong></span> <span class='ocrx_word' id='word_1_370' title='bbox 2536 3925 2728 3995; x_wconf 90' lang='lat' dir='ltr'><strong>illam</strong></span> 
     </span>
     <span class='ocr_line' id='line_1_42' title="bbox 182 4013 2724 4106; baseline 0 -23"><span class='ocrx_word' id='word_1_371' title='bbox 182 4026 412 4083; x_wconf 91' lang='lat' dir='ltr'><strong>autem</strong></span> <span class='ocrx_word' id='word_1_372' title='bbox 464 4016 819 4106; x_wconf 90' lang='lat' dir='ltr'><strong>paulisper</strong></span> <span class='ocrx_word' id='word_1_373' title='bbox 842 4015 1017 4084; x_wconf 91' lang='lat' dir='ltr'><strong>intra</strong></span> <span class='ocrx_word' id='word_1_374' title='bbox 1058 4036 1128 4085; x_wconf 91' lang='lat' dir='ltr'><strong>se</strong></span> <span class='ocrx_word' id='word_1_375' title='bbox 1165 4013 1584 4096; x_wconf 88' lang='lat' dir='ltr'><strong>meditatam,</strong></span> <span class='ocrx_word' id='word_1_376' title='bbox 1623 4036 1784 4083; x_wconf 89' lang='lat' dir='ltr'><strong>cum</strong></span> <span class='ocrx_word' id='word_1_377' title='bbox 1810 4026 2186 4103; x_wconf 85' lang='lat' dir='ltr'><strong>rogaretur,</strong></span> <span class='ocrx_word' id='word_1_378' title='bbox 2217 4013 2384 4102; x_wconf 92' lang='lat' dir='ltr'><strong>quid</strong></span> <span class='ocrx_word' id='word_1_379' title='bbox 2421 4015 2724 4096; x_wconf 90' lang='lat' dir='ltr'><strong>sentiret,</strong></span> 
     </span>
     <span class='ocr_line' id='line_1_43' title="bbox 181 4101 2731 4195; baseline 0.001 -25"><span class='ocrx_word' id='word_1_380' title='bbox 181 4101 532 4189; x_wconf 86' lang='lat' dir='ltr'><strong>ejusmodi</strong></span> <span class='ocrx_word' id='word_1_381' title='bbox 578 4126 989 4195; x_wconf 89' lang='lat' dir='ltr'><strong>responsum</strong></span> <span class='ocrx_word' id='word_1_382' title='bbox 1039 4101 1335 4184; x_wconf 91' lang='lat' dir='ltr'><strong>dedisse,</strong></span> <span class='ocrx_word' id='word_1_383' title='bbox 1387 4102 1573 4172; x_wconf 90' lang='lat' dir='ltr'><strong>unde</strong></span> <span class='ocrx_word' id='word_1_384' title='bbox 1621 4101 1765 4171; x_wconf 89' lang='lat' dir='ltr'><strong>visa</strong></span> <span class='ocrx_word' id='word_1_385' title='bbox 1816 4116 1917 4173; x_wconf 88' lang='lat' dir='ltr'><strong>est</strong></span> <span class='ocrx_word' id='word_1_386' title='bbox 1972 4102 2112 4172; x_wconf 90' lang='lat' dir='ltr'><strong>illis</strong></span> <span class='ocrx_word' id='word_1_387' title='bbox 2159 4103 2422 4191; x_wconf 93' lang='lat' dir='ltr'><strong>aliquid</strong></span> <span class='ocrx_word' id='word_1_388' title='bbox 2488 4103 2731 4195; x_wconf 90' lang='lat' dir='ltr'><strong>impie-</strong></span> 
     </span>
     <span class='ocr_line' id='line_1_44' title="bbox 184 4190 2730 4292; baseline 0.001 -32"><span class='ocrx_word' id='word_1_389' title='bbox 184 4190 343 4260; x_wconf 89' lang='lat' dir='ltr'><strong>tatis</strong></span> <span class='ocrx_word' id='word_1_390' title='bbox 370 4190 499 4292; x_wconf 86' lang='lat' dir='ltr'><strong>(sic</strong></span> <span class='ocrx_word' id='word_1_391' title='bbox 531 4194 715 4263; x_wconf 89' lang='lat' dir='ltr'><strong>enim</strong></span> <span class='ocrx_word' id='word_1_392' title='bbox 754 4191 1155 4283; x_wconf 78' lang='lat' dir='ltr'><strong>putabatur)</strong></span> <span class='ocrx_word' id='word_1_393' title='bbox 1188 4190 1547 4262; x_wconf 86' lang='lat' dir='ltr'><strong>manifesto</strong></span> <span class='ocrx_word' id='word_1_394' title='bbox 1586 4190 1877 4261; x_wconf 89' lang='lat' dir='ltr'><strong>elocuta.</strong></span> <span class='ocrx_word' id='word_1_395' title='bbox 1932 4194 2143 4279; x_wconf 82' lang='lat' dir='ltr'><strong>Atque</strong></span> <span class='ocrx_word' id='word_1_396' title='bbox 2189 4193 2538 4281; x_wconf 86' lang='lat' dir='ltr'><strong>evestigio,</strong></span> <span class='ocrx_word' id='word_1_397' title='bbox 2577 4203 2730 4282; x_wconf 89' lang='lat' dir='ltr'><strong>post</strong></span> 
     </span>
     <span class='ocr_line' id='line_1_45' title="bbox 183 4279 2722 4362; baseline -0 -12"><span class='ocrx_word' id='word_1_398' title='bbox 183 4279 609 4351; x_wconf 84' lang='lat' dir='ltr'><strong>definitivam</strong></span> <span class='ocrx_word' id='word_1_399' title='bbox 642 4281 729 4352; x_wconf 90' lang='lat' dir='ltr'><strong>de</strong></span> <span class='ocrx_word' id='word_1_400' title='bbox 766 4303 845 4351; x_wconf 92' lang='lat' dir='ltr'><strong>ea</strong></span> <span class='ocrx_word' id='word_1_401' title='bbox 873 4280 1081 4351; x_wconf 90' lang='lat' dir='ltr'><strong>latam</strong></span> <span class='ocrx_word' id='word_1_402' title='bbox 1122 4279 1556 4359; x_wconf 87' lang='lat' dir='ltr'><strong>sententiam,</strong></span> <span class='ocrx_word' id='word_1_403' title='bbox 1597 4279 1932 4351; x_wconf 88' lang='lat' dir='ltr'><strong>Basilides</strong></span> <span class='ocrx_word' id='word_1_404' title='bbox 1963 4304 2148 4351; x_wconf 92' lang='lat' dir='ltr'><strong>unus</strong></span> <span class='ocrx_word' id='word_1_405' title='bbox 2173 4303 2254 4351; x_wconf 85' lang='lat' dir='ltr'><strong>ex</strong></span> <span class='ocrx_word' id='word_1_406' title='bbox 2285 4281 2722 4362; x_wconf 77' lang='lat' dir='ltr'><strong>satellitibuS,</strong></span> 
     </span>
     <span class='ocr_line' id='line_1_46' title="bbox 181 4368 2730 4461; baseline 0 -23"><span class='ocrx_word' id='word_1_407' title='bbox 181 4391 331 4438; x_wconf 91' lang='lat' dir='ltr'><strong>eam</strong></span> <span class='ocrx_word' id='word_1_408' title='bbox 370 4384 715 4461; x_wconf 88' lang='lat' dir='ltr'><strong>acceptam</strong></span> <span class='ocrx_word' id='word_1_409' title='bbox 753 4369 837 4440; x_wconf 92' lang='lat' dir='ltr'><strong>ad</strong></span> <span class='ocrx_word' id='word_1_410' title='bbox 880 4369 1108 4440; x_wconf 91' lang='lat' dir='ltr'><strong>locum</strong></span> <span class='ocrx_word' id='word_1_411' title='bbox 1140 4369 1470 4460; x_wconf 90' lang='lat' dir='ltr'><strong>supplicii</strong></span> <span class='ocrx_word' id='word_1_412' title='bbox 1498 4368 1804 4439; x_wconf 81' lang='lat' dir='ltr'><strong>deduxit.</strong></span> <span class='ocrx_word' id='word_1_413' title='bbox 1839 4369 2266 4457; x_wconf 91' lang='lat' dir='ltr'><strong>Simulatque</strong></span> <span class='ocrx_word' id='word_1_414' title='bbox 2289 4383 2520 4454; x_wconf 79' lang='lat' dir='ltr'><strong>autem</strong></span> <span class='ocrx_word' id='word_1_415' title='bbox 2551 4370 2730 4439; x_wconf 91' lang='lat' dir='ltr'><strong>mul-</strong></span> 
     </span>
     <span class='ocr_line' id='line_1_47' title="bbox 185 4457 2726 4551; baseline -0.001 -21"><span class='ocrx_word' id='word_1_416' title='bbox 185 4457 406 4530; x_wconf 91' lang='lat' dir='ltr'><strong>titudo</strong></span> <span class='ocrx_word' id='word_1_417' title='bbox 453 4458 516 4528; x_wconf 92' lang='lat' dir='ltr'><strong>ei</strong></span> <span class='ocrx_word' id='word_1_418' title='bbox 567 4459 948 4531; x_wconf 88' lang='lat' dir='ltr'><strong>molestiam</strong></span> <span class='ocrx_word' id='word_1_419' title='bbox 1014 4457 1369 4540; x_wconf 84' lang='lat' dir='ltr'><strong>facessere,</strong></span> <span class='ocrx_word' id='word_1_420' title='bbox 1424 4470 1490 4530; x_wconf 91' lang='lat' dir='ltr'><strong>et</strong></span> <span class='ocrx_word' id='word_1_421' title='bbox 1544 4460 1912 4531; x_wconf 88' lang='lat' dir='ltr'><strong>verborum</strong></span> <span class='ocrx_word' id='word_1_422' title='bbox 1963 4458 2340 4551; x_wconf 72' lang='lat' dir='ltr'><strong>petulantia</strong></span> <span class='ocrx_word' id='word_1_423' title='bbox 2403 4459 2726 4529; x_wconf 88' lang='lat' dir='ltr'><strong>insectari</strong></span> 
     </span>
    </p>
   </div>
   <div class='ocr_carea' id='block_1_3' title="bbox 346 4565 2570 4631">
    <p class='ocr_par' dir='ltr' id='par_1_5' title="bbox 346 4565 2570 4631">
     <span class='ocr_line' id='line_1_48' title="bbox 346 4565 2570 4631; baseline -0 -4"><span class='ocrx_word' id='word_1_424' title='bbox 346 4569 585 4628; x_wconf 76' lang='lat' dir='ltr'><strong>surius</strong></span> <span class='ocrx_word' id='word_1_425' title='bbox 616 4600 637 4612; x_wconf 91' lang='lat'>-</span> <span class='ocrx_word' id='word_1_426' title='bbox 676 4568 839 4630; x_wconf 80' lang='lat' dir='ltr'><strong>Vitae</strong></span> <span class='ocrx_word' id='word_1_427' title='bbox 880 4565 986 4629; x_wconf 89' lang='lat' dir='ltr'><strong>SS.</strong></span> <span class='ocrx_word' id='word_1_428' title='bbox 1013 4568 1142 4628; x_wconf 89' lang='lat' dir='ltr'><strong>Vol.</strong></span> <span class='ocrx_word' id='word_1_429' title='bbox 1169 4599 1191 4612; x_wconf 94' lang='lat'><strong>·</strong></span> <span class='ocrx_word' id='word_1_430' title='bbox 1220 4567 1319 4631; x_wconf 86' lang='lat' dir='ltr'><strong>VI.</strong></span> <span class='ocrx_word' id='word_1_431' title='bbox 2490 4570 2570 4626; x_wconf 85' lang='lat'><strong>40</strong></span> 
     </span>
    </p>
   </div>
  </div>
 </body>
</html>
