3357 4995
218 309 434 379 JUNII
487 313 569 376 ⁴2
1061 330 1139 377 ns
1187 326 1242 376 s.
1300 329 1623 379 Honorino
1670 331 1944 378 suumn
2568 307 2698 379 267

225 415 401 484 mihi
429 413 754 483 narravit.
790 415 936 482 Dixi
962 424 1194 484 autem
1220 416 1317 484 ei:
1349 419 1541 486 «Cur
1572 416 1795 498 timeS,
1832 436 2023 485 serve
2044 415 2219 485 Jesu
2241 414 2492 486 Christi
2527 417 2643 486 Dei
2667 438 2787 487 no-

227 504 403 574 stri?
435 506 713 574 Contern
773 501 913 572 lare
938 513 1004 572 et
1042 503 1196 571 vide
1224 526 1507 593 gressus
1542 526 1755 585 meos,
1808 515 1885 573 ut
1932 505 2134 584 sciaS,
2181 503 2368 590 quod
2392 526 2548 575 sum
2580 504 2788 576 homo

227 592 408 662 sicut
459 603 566 661 tu:
619 612 708 680 pa
744 613 829 681 pa
878 613 1009 673 me,
1064 605 1141 662 ut
1171 592 1426 674 videas,
1472 593 1656 681 quod
1708 614 1868 662 caro
1914 606 1981 661 et
2027 592 2316 682 sanguis
2364 615 2491 682 ego
2539 615 2784 663 sum.»

228 685 391 770 Ipse
430 693 660 749 autem
711 701 872 750 cum
910 703 1020 750 me
1067 694 1244 751 esset
1290 681 1823 770 contemplatus,
1866 695 1932 751 et
1962 681 2222 772 gratias
2269 681 2544 772 egisset,
2585 681 2780 765 dixit,

223 774 468 839 Amen.
522 773 660 858 Ego
698 790 853 838 vero
895 770 1129 861 rogavi
1173 792 1361 852 eum,
1415 784 1480 839 et
1527 771 1847 870 persan'
1877 780 1957 839 ut
1984 791 2096 839 me
2142 769 2216 838 in
2250 792 2450 841 suam
2502 771 2786 861 spelun-

227 880 379 927 cam
434 856 827 927 deduceret.
872 857 997 926 Ille
1043 869 1271 928 autem
1313 882 1392 929 ex
1442 881 1551 929 me
1597 859 1960 946 quaesivit,
2006 859 2355 945 quomodo
2420 881 2499 929 eo
2560 882 2791 931 acces-

226 948 502 1016 sissem.
535 950 675 1036 Ego
708 966 865 1014 vero
888 947 950 1014 ei
982 946 1308 1017 audacter
1341 969 1629 1038 scopum
1666 967 1899 1016 meum
1930 958 1996 1016 et
2034 947 2428 1018 institutum
2471 949 2782 1038 exposui,

227 1057 484 1124 nempe
534 1033 717 1121 quod
756 1057 918 1105 cum
972 1034 1213 1105 vellem
1261 1056 1674 1127 cognoscere
1714 1035 1964 1106 Christi
2022 1057 2277 1118 serv05,
2330 1037 2453 1128 qui
2503 1049 2667 1108 sunt
2715 1039 2788 1107 in

230 1124 630 1204 solitudine,
702 1123 872 1193 illuc
928 1125 1211 1204 accessi,
1269 1147 1394 1195 nec
1448 1129 1624 1195 Deus
1694 1147 1773 1194 eo
1822 1145 1931 1194 me
2002 1124 2350 1194 fraudavit
2417 1125 2783 1196 desideriO.

231 1218 417 1281 Tunc
476 1234 558 1281 ex
619 1234 699 1280 eo
749 1212 1139 1284 sciscitatus
1191 1236 1374 1292 sum,
1446 1213 1718 1283 dicens:
1773 1213 2132 1296 Quomodo
2181 1214 2322 1283 huc
2372 1214 2671 1285 venisti?
2725 1226 2792 1285 et

228 1312 491 1388 quanto
534 1312 666 1370 tem
723 1322 840 1370 ore
889 1301 1214 1371 habitasti
1250 1303 1320 1370 in
1355 1303 1485 1371 hac
1520 1301 1896 1374 solitudine
1920 1306 1952 1370 ‘l
1979 1313 2045 1373 et
2069 1302 2516 1390 quamobrem
2556 1303 2790 1374 nudus

233 1390 525 1471 incedis,
582 1412 677 1458 nu
709 1389 779 1458 la
809 1412 883 1459 re
933 1395 1199 1461 tectus?
1236 1395 1304 1460 Is
1339 1404 1567 1461 autem
1619 1390 1788 1460 haec
1821 1391 1998 1461 mihi
2028 1391 2232 1460 dixit:

321 1482 359 1566 ἐ
399 1481 496 1551 ’8.
552 1501 589 1544 «
624 1482 763 1568 Ego
815 1476 917 1548 fui
967 1500 1189 1569 nuper
1238 1480 1646 1561 monachus,
1693 1479 1951 1571 degens
1998 1481 2069 1548 in
2120 1480 2449 1551 coenobio
2497 1480 2790 1550 Thebai-

231 1568 365 1648 dis,
421 1588 814 1658 magnoque
861 1580 927 1638 et
959 1567 1200 1638 fidenti
1249 1569 1482 1638 animo
1529 1591 1568 1639 o
1622 1590 1847 1639 erans.
1890 1569 2108 1640 Statui
2141 1581 2371 1638 autem
2418 1569 2654 1660 egredi
2708 1590 2789 1639 ex

231 1655 352 1726 illo
416 1656 773 1736 coenobio,
826 1670 893 1725 et
941 1657 1132 1728 solus
1178 1658 1406 1744 quiete
1474 1658 1566 1727 ha
1617 1659 1789 1727 itare
1859 1659 1926 1726 in
1993 1658 2445 1739 monasterio,
2500 1657 2789 1729 studens

231 1746 566 1835 maj0rem
622 1746 931 1814 invenire
982 1746 1394 1816 mercedem.
1455 1750 1646 1816 Hanc
1705 1747 2189 1837 cogitationem
2245 1768 2407 1815 cum
2474 1745 2792 1817 lubenter

240 1834 734 1923 suscepissem,
775 1834 1135 1903 aedificavi
1186 1856 1466 1924 parvam
1501 1834 1853 1917 cellulam,
1888 1847 1954 1905 et
1986 1835 2179 1907 solus
2208 1835 2279 1903 in
2328 1857 2406 1905 ea
2456 1835 2783 1917 habitavi,

230 1936 449 1993 artem
494 1943 821 1992 exercens
870 1923 1044 1992 meis
1087 1924 1434 1994 manibus.
1489 1924 1646 2005 Quo
1687 1924 1944 1994 factum
1978 1935 2101 2005 est,
2146 1936 2223 1993 ut
2281 1924 2483 1993 multi
2516 1945 2791 2012 quoque

233 2012 321 2080 ad
375 2033 488 2080 me
539 2011 967 2093 accederent,
1013 2012 1340 2102 jubentes
1375 2012 1549 2081 mihi
1595 2034 1796 2103 opuS,
1849 2011 2032 2100 quod
2085 2012 2257 2081 meis
2302 2011 2597 2084 facerem
2648 2035 2792 2082 ma·
2892 2083 2895 2086 Α

237 2100 474 2174 nibus.
529 2105 759 2186 Neque
801 2122 959 2171 vero
1007 2100 1182 2171 mihi
1232 2102 1425 2191 parvi
1451 2101 1722 2171 fructus
1750 2123 1830 2171 ex
1878 2102 1967 2171 iis
2013 2101 2354 2181 redibant,
2406 2123 2487 2172 ex
2534 2102 2793 2188 quibus

240 2188 673 2279 pauperibus
724 2200 789 2257 et
837 2189 1201 2280 egentibus
1252 2201 1318 2259 et
1373 2190 1764 2280 hospitibus
1829 2189 2386 2291 suppeditabam.
2453 2191 2791 2261 Inimicus

240 2291 500 2356 autem,
540 2278 660 2366 qui
693 2289 798 2348 est
828 2279 1114 2348 omnino
1153 2278 1354 2349 bonis
1388 2279 1703 2359 infestus,
1740 2278 1860 2348 illo
1891 2279 2065 2349 m1hi
2098 2291 2403 2369 tempore
2441 2278 2781 2361 invidenS,

234 2379 303 2435 et
356 2387 585 2436 meum
638 2389 804 2457 erga
838 2372 1052 2437 Deum
1096 2367 1531 2437 vehementer
1579 2389 1869 2459 scopum
1908 2381 1975 2437 et
2022 2366 2412 2437 institutum
2448 2368 2790 2457 impedire

233 2455 552 2546 cupiens,
600 2476 760 2526 cum
813 2456 1141 2527 subiisset
1189 2467 1486 2527 mentem
1537 2456 1905 2546 cujusdam
1940 2454 2333 2537 Monachae,
2371 2477 2549 2544 quae
2598 2456 2787 2548 apud

233 2566 347 2613 me
393 2543 639 2625 fuerat,
668 2546 928 2633 jubens
975 2567 1268 2635 parvum
1303 2546 1584 2633 aliquod
1625 2567 1827 2635 opus,
1872 2545 2116 2627 effecit,
2154 2558 2232 2616 ut
2262 2568 2343 2615 ea
2388 2545 2474 2615 ad
2526 2567 2635 2613 me
2683 2567 2786 2615 re—

233 2633 434 2704 diret.
492 2637 640 2716 Quo
687 2632 944 2704 sactum
983 2648 1106 2715 est,
1172 2646 1251 2704 ut
1298 2634 1510 2707 libere
1557 2634 1737 2703 inter
1786 2655 1913 2705 nos
1968 2634 2204 2713 locuti,
2249 2633 2458 2706 simul
2514 2656 2787 2721 quoque

228 2722 798 2803 habitaverimuS,
851 2735 917 2794 et
964 2735 1309 2813 postremo
1354 2722 1572 2811 (quod
1621 2736 1725 2792 est
1774 2723 2301 2814 gravissimum)
2348 2723 2784 2809 iniquitatem

229 2811 730 2901 pepererimuS,
763 2822 829 2881 et
861 2833 976 2881 sex
1027 2832 1297 2881 menses
1331 2812 1400 2879 in
1432 2824 1710 2902 peccato
1760 2812 2249 2883 manserimus.
2287 2817 2525 2882 Postea
2554 2822 2786 2881 autem

230 2921 392 2969 cum
443 2899 619 2968 mihi
672 2900 739 2967 in
793 2913 1094 2971 mentem
1146 2901 1441 2970 venisset
1492 2922 1684 2971 meae
1731 2900 1909 2970 vitae
1948 2900 2134 2981 finiS,
2187 2912 2252 2969 et
2310 2911 2665 2969 aeternum
2708 2922 2787 2970 ac

228 3010 565 3078 magnum
608 2988 985 3079 judicium,
1039 3000 1107 3058 et
1138 2989 1458 3059 tenebrae
1510 2990 1902 3069 exterioreS,
1966 3002 2032 3059 et
2072 2989 2256 3079 ignis
2307 2989 2430 3077 qui
2475 2989 2787 3079 extingui

233 3098 369 3146 non
468 3089 664 3156 otest,
703 3078 1152 3168 conflagratio
1199 3090 1264 3147 et
1303 3079 1580 3159 vermiS,
1648 3078 1772 3165 qui
1828 3099 1964 3148 non
2005 3090 2225 3168 potest
2263 3099 2337 3147 so
2395 3076 2501 3159 iri,
2560 3099 2790 3147 corro-

228 3165 358 3246 sio,
462 3166 556 3251 ixi
593 3166 780 3255 apud
824 3187 964 3236 me:
1009 3167 1136 3236 Hei
1169 3166 1367 3249 mihi,
1411 3189 1452 3237 o
1499 3167 1759 3248 anima,
1800 3166 2049 3238 melius
2087 3179 2189 3236 est
2237 3167 2331 3235 mi
2388 3167 2409 3234 i
2473 3188 2779 3257 surgere,

229 3266 297 3323 et
341 3255 533 3324 abire
598 3255 671 3322 in
722 3254 1192 3336 solitudinem,
1245 3269 1311 3324 et
1362 3256 1598 3346 fugere
1651 3278 1693 3324 a
1742 3268 2043 3346 peccato.
2107 3254 2527 3342 Relictisque
2576 3256 2787 3326 rebus

230 3342 559 3415 omnibus
605 3354 671 3412 et
719 3343 838 3413 illa
871 3342 1184 3425 muliere,
1240 3345 1392 3415 veni
1427 3345 1499 3413 in
1541 3344 1723 3413 hanc
1756 3343 2228 3423 solitudinem,
2272 3356 2338 3413 et
2365 3343 2601 3413 inveni
2635 3344 2786 3414 ion-

232 3444 392 3512 tem,
444 3443 510 3501 et
558 3432 737 3502 hanc
772 3432 1203 3523 speluncam,
1242 3444 1307 3502 et
1337 3433 1516 3503 hanc
1560 3432 1892 3522 palmam.
1938 3438 2030 3503 Ea
2061 3444 2291 3502 autem
2324 3432 2497 3502 mihi
2524 3432 2785 3515 victum

230 3520 649 3612 suppeditat.
704 3524 885 3591 Haec
929 3522 1115 3599 enim
1167 3521 1399 3611 palma
1448 3534 1731 3612 generat
1790 3522 2163 3609 quotannis
2211 3520 2577 3592 duodecim
2629 3544 2662 3590 s
2715 3542 2787 3591 a·

230 3619 355 3689 tas,
413 3631 660 3709 nempe
707 3609 1005 3700 singulis
1037 3610 1395 3680 mensibus
1443 3632 1685 3680 unam.
1742 3613 1889 3680 Una
1936 3622 2167 3679 autem
2228 3630 2261 3678 s
2312 3609 2474 3680 atha
2524 3608 2648 3679 suf
2665 3609 2787 3679 1cit

228 3697 402 3766 mihi
446 3698 724 3798 triginta
753 3698 925 3768 dies.
979 3703 1057 3769 Et
1105 3711 1337 3788 postea
1384 3700 1569 3777 venit
1616 3698 1753 3768 alia
1789 3697 2061 3788 spatha.
2096 3698 2251 3769 Nihi
2327 3711 2559 3768 autem
2590 3697 2785 3768 aliud

226 3785 446 3856 habeo
493 3787 633 3857 c1bi
660 3787 729 3856 in
763 3787 893 3857 hac
941 3785 1301 3877 spelunca,
1349 3808 1570 3876 neque
1619 3787 1839 3857 alium
1897 3800 2161 3878 potum.
2215 3788 2393 3870 Quin
2430 3786 2638 3856 etiam
2674 3808 2790 3857 ve-

228 3886 368 3948 stes
418 3897 609 3945 meae
638 3874 843 3968 longo
884 3876 1214 3967 temporis
1252 3877 1472 3967 spatio
1508 3875 1945 3958 interierunt,
1980 3888 2046 3946 et
2071 3875 2349 3968 capillis
2373 3874 2623 3967 capitis
2653 3876 2791 3946 mei

231 3975 451 4034 totum
501 3976 774 4054 corpus·
816 3964 1089 4056 tegitur.
1146 3970 1302 4035 Jam
1359 3965 1547 4035 enim
1609 3976 1917 4056 ternpore
1952 3963 2235 4055 triginta
2281 3985 2632 4036 annorum
2666 3965 2793 4034 ha-

223 4052 368 4123 bito
431 4053 502 4122 in
564 4053 694 4123 hac
743 4052 1138 4136 solitudine,
1179 4075 1306 4124 nec
1352 4075 1668 4142 unquam
1723 4053 2019 4124 cessavit
2066 4057 2184 4125 aer
2225 4053 2399 4124 mihi
2429 4052 2790 4124 salubrem

226 4140 394 4212 dare
435 4143 863 4233 temperiem,
929 4163 1154 4230 neque
1218 4165 1469 4234 panem
1510 4142 1801 4214 omnino
1827 4142 2124 4243 gustavi.
2172 4166 2210 4209 »

316 4231 355 4318 ἓ
402 4235 488 4304 4.
543 4236 911 4319 Postquam
960 4253 1040 4302 ex
1074 4230 1196 4303 illo
1235 4232 1428 4323 justo
1463 4232 1632 4302 haec
1672 4230 2079 4313 audiissem,
2139 4253 2302 4303 eum
2343 4231 2788 4322 interrogavi,

229 4318 510 4389 dicens:
573 4324 652 4390 In
703 4320 1047 4412 principio
1094 4321 1375 4409 quando
1427 4322 1567 4391 huc
1614 4319 1887 4402 venisti,
1946 4320 2366 4391 laborastine
2416 4318 2637 4400 valde,
2698 4341 2790 4389 an

235 4412 417 4478 non?
455 4414 611 4499 Ipse
644 4423 875 4481 autem
909 4410 1339 4500 respondens
1387 4409 1585 4492 mihi,
1621 4408 1830 4482 dixit:
1862 4409 2230 4480 «Primum
2270 4407 2557 4498 quidem
2592 4407 2791 4479 valde
