3357 4995
624 327 752 393 356
1359 344 1437 390 na
1485 343 1542 390 s.
1596 278 1946 390 ianuarino
1993 343 2235 390 Annam
2432 339 2437 344 ·
2725 281 2947 393 JUNII
3000 328 3083 391 ⁴5

535 428 875 517 Quicquid
930 428 1115 498 enim
1177 428 1614 517 superiorum
1690 449 1761 495 re
1814 448 1934 498 um
2009 426 2417 497 liberalitate
2462 438 2528 497 et
2594 427 3083 499 munificentia

534 519 795 611 passim
832 541 953 609 per
1001 523 1415 586 Francorum
1471 538 1676 607 regna
1730 538 1769 585 o
1825 509 2141 598 tiniierat,
2180 515 2545 587 Laubiensi
2568 517 2899 587 coenobio
2928 540 3088 588 con·

537 608 712 689 tulit,
765 620 842 677 ut
886 605 1273 676 veneranda
1307 604 1596 674 fratrum
1647 604 1793 674 illic
1827 611 1959 676 Deo
1990 605 2431 676 servientium
2464 606 2908 697 congregatio
2940 629 3078 676 non

532 708 760 788 egeret
792 696 877 765 iis
908 696 1115 765 rebus
1146 716 1324 782 quae
1375 695 1738 764 monachis
1786 716 2165 785 congruere
2197 693 2538 764 feruntur.
2594 700 3086 767 constructum

534 800 764 855 autem
806 784 986 854 idem
1028 784 1522 853 monasterium
1571 782 1658 852 ab
1713 784 1884 874 ipsis
1936 782 2410 854 fundamentis
2444 784 2575 853 sub
2605 784 2885 874 juniore
2934 783 3088 854 Clo-

533 875 770 954 dove0,
817 886 1004 943 tanto
1040 874 1324 942 florebat
1373 872 1761 962 augustius,
1797 886 2054 961 quanto
2101 887 2244 943 erat
2290 873 2503 964 regiis
2547 872 2800 963 opibus
2832 885 2899 943 et
2929 894 3091 943 mu-

536 963 889 1033 nificentia
922 962 1273 1053 copiosius
1323 960 1837 1051 locupletatum.

624 1055 660 1140 ξ
709 1059 802 1125 θ.
860 1052 980 1122 His
1028 1052 1121 1119 ita
1172 1050 1406 1140 gestis,
1466 1050 1772 1136 locisque
1820 1049 2237 1140 supradictis
2303 1048 2682 1120 honorifice
2729 1051 3082 1135 extructis,

535 1142 1002 1228 fratribusque
1059 1138 1202 1208 illic
1252 1139 1515 1208 Christo
1564 1139 2050 1219 militantibus,
2104 1139 2312 1209 rebus
2345 1139 2428 1208 ad
2475 1139 2730 1209 victum
2769 1161 3091 1210 necessa-

536 1230 661 1301 riis
709 1230 966 1304 affatim
1004 1228 1383 1306 instructis,
1421 1227 1535 1296 Dei
1566 1228 2080 1318 omnipotentis,
2120 1240 2196 1298 ut
2243 1227 2614 1307 credimus,
2656 1227 2988 1297 instinctu
3021 1241 3090 1298 et

536 1320 968 1410 providentia
1006 1318 1091 1385 ad
1128 1316 1342 1386 alium
1395 1316 1873 1406 commigravit
1922 1315 2178 1398 locum,
2230 1318 2350 1404 qui
2400 1329 2502 1386 est
2522 1316 2718 1405 juxta
2770 1321 2919 1386 Hon
2952 1318 3089 1388 flu-

535 1409 752 1488 vium,
807 1407 919 1477 cui
970 1406 1236 1494 adjacet
1268 1405 1482 1494 sylva,
1529 1406 1905 1495 Ambliagis
1935 1406 2150 1475 dicta:
2205 1405 2441 1494 ibique
2487 1427 2650 1475 cum
2701 1427 2915 1495 supra
2941 1429 3090 1476 me-

537 1498 823 1567 moratis
862 1496 1139 1565 duobus
1186 1493 1553 1584 discipulis
1600 1495 1939 1584 extirpare
1986 1494 2209 1585 coepit
2241 1493 2562 1585 virgulta,
2601 1505 2666 1563 et
2699 1515 2941 1584 parare
2991 1495 3091 1564 lo-

538 1608 703 1655 cum
766 1584 1232 1656 construendo
1299 1583 1737 1653 monasterio.
1796 1589 1963 1653 Cum
2022 1596 2250 1653 essent
2286 1596 2546 1654 autem
2598 1582 2668 1652 in
2720 1583 2849 1654 hoc
2908 1606 3090 1674 opus

537 1674 807 1754 intenti,
865 1673 1391 1764 posuissentque
1420 1671 1735 1742 cucullos
1784 1694 1946 1743 suos
1995 1672 2081 1742 ad
2140 1685 2463 1742 truncum
2517 1672 2807 1753 arboris,
2861 1672 3089 1741 domi-
3157 1694 3163 1698 ·

538 1785 674 1832 nus
741 1763 929 1832 illius
991 1761 1159 1830 locis
1208 1760 1624 1851 supervenit.
1706 1763 1835 1844 Qui
1882 1771 1960 1831 ut
2020 1762 2190 1831 vidit
2235 1784 2352 1832 eos
2411 1761 2747 1850 extirpare
2820 1762 3088 1852 sylvam

540 1875 764 1933 suam,
819 1849 1131 1921 cucullos
1170 1872 1409 1920 eorum
1460 1850 1639 1930 tulit,
1707 1863 1771 1918 et
1829 1850 2181 1921 abscessit.
2247 1849 2374 1919 Sed
2425 1850 2737 1919 invocata
2785 1872 2825 1920 a
2873 1852 3091 1920 servis

542 1940 792 2011 Christi
822 1940 1186 2011 clementia
1228 1938 1689 2030 praepotentis
1718 1940 1857 2018 Dei,
1897 1961 2051 2009 mox
2082 1939 2325 2020 adfuit,
2360 1939 2854 2026 hominemque
2888 1938 3090 2008 illum

543 2032 613 2098 in
675 2029 1009 2099 membris
1043 2028 1372 2097 omnibus
1417 2028 1772 2108 cruciavit,
1827 2029 1922 2097 ita
1967 2040 2364 2098 utaemortuo
2420 2026 2672 2096 similis
2712 2027 3085 2109 videretur,

543 2117 973 2205 disceretque
1021 2140 1098 2185 ex
1155 2117 1392 2206 poenis
1454 2117 1624 2197 suiS,
1681 2138 1814 2186 non
1869 2131 2046 2186 reete
2094 2139 2165 2186 se
2213 2116 2509 2208 gessisse
2560 2137 2725 2207 erga
2790 2115 3092 2186 famulos

540 2208 680 2276 Dei.
736 2206 1142 2276 Provolutus
1186 2228 1353 2295 ergo
1404 2205 1698 2295 pedibus
1744 2228 2009 2286 eorum,
2064 2218 2260 2306 rogat
2289 2205 2422 2274 sibi
2449 2205 2713 2273 veniam
2758 2204 2933 2284 dari,
2970 2228 3093 2275 cu-

540 2296 899 2383 cullosque
949 2316 1111 2363 suos
1161 2308 1236 2364 ut
1282 2294 1640 2385 recipiant,
1702 2295 1973 2385 magnis
2024 2295 2308 2365 vocibus
2357 2292 2680 2384 postulat,
2735 2294 3092 2381 simulque

544 2385 843 2454 mediam
882 2383 1111 2473 sylvae
1151 2395 1411 2474 partem
1465 2404 1536 2451 se
1592 2405 1714 2473 per
1756 2406 2004 2455 manus
2051 2383 2272 2454 sancti
2325 2382 2454 2451 viri
2504 2386 2636 2451 Deo
2685 2382 3090 2452 oblaturum

539 2474 926 2565 pollicetur,
965 2472 1022 2541 si
1076 2472 1232 2562 pius
1263 2473 1595 2542 Dominus
1643 2472 1923 2563 culpam
1977 2477 2228 2542 temere
2279 2471 2683 2552 admissam,
2744 2471 2874 2561 ipsi
2923 2493 3095 2542 con-

539 2564 849 2633 donaret.
890 2567 1139 2631 Orante
1185 2574 1414 2631 autem
1468 2567 1537 2629 B.
1579 2562 1977 2642 LandelinO,
2024 2563 2199 2631 miro
2250 2561 2454 2631 modo
2486 2572 2763 2651 repente
2803 2573 3091 2631 curatus

537 2664 662 2733 est,
717 2665 783 2721 et
838 2652 1012 2721 beati
1067 2651 1189 2720 viri
1245 2650 1751 2741 praedicatione
1814 2651 2196 2732 institutus,
2257 2671 2626 2739 cumpace
2669 2648 2756 2718 ad
2809 2672 2935 2721 sua
2984 2672 3093 2719 re—

539 2763 778 2811 versus
818 2753 942 2809 est.
999 2740 1109 2807 Vir
1156 2753 1381 2808 autem
1424 2740 1693 2807 Domini
1742 2740 1998 2830 gratias
2038 2761 2273 2840 agem,
2312 2738 2495 2826 quod
2547 2737 2807 2825 ubique
2853 2738 3094 2808 divina

541 2830 678 2920 ipsi
717 2829 985 2898 adesset
1034 2827 1531 2906 misericordia,
1577 2829 1953 2897 oratorium
2004 2827 2144 2897 illic
2210 2828 2593 2897 construxit
2640 2827 2709 2895 in
2755 2826 3092 2897 honorem

541 2919 1048 2990 sacratissimae
1100 2916 1398 3005 Virginis
1449 2918 1719 2997 Mariae,
1788 2917 1906 2986 ubi
1960 2939 2121 2986 cum
2182 2916 2459 2987 duobus
2522 2914 2894 3005 discipulis
2944 2916 3094 2987 suis

540 3007 834 3096 hymnis·
882 3021 947 3076 et
993 3005 1422 3075 orationibus
1473 3027 1748 3079 vacans.
1814 3006 2087 3075 divinae
2145 3005 2417 3096 pietatis
2468 3005 2730 3073 viscera
2784 3005 3095 3091 quotidie

538 3096 632 3164 im
694 3095 979 3164 lorabat.
2038 3108 2057 3115 ⁶
2267 3172 2279 3180 ,

630 3118 791 3271 gv.
847 3183 1159 3267 Quodam
1210 3196 1438 3253 autem
1490 3183 1600 3251 die
1648 3183 1886 3252 omnia
1926 3182 2378 3253 circumcirca
2419 3183 2872 3272 perlustrans,
2907 3204 3098 3253 com-

545 3272 719 3363 perit
768 3273 859 3342 ibi
897 3272 1152 3341 fontem
1196 3294 1330 3341 non
1384 3271 1645 3349 haberi,
1688 3271 1873 3341 unde
1921 3271 2166 3341 fratres
2199 3271 2345 3343 suis
2393 3272 2642 3342 usibus
2690 3272 2942 3361 aquam
2982 3294 3098 3341 ne-

545 3362 919 3443 cessariam
971 3360 1350 3429 haurirent.
1394 3361 1589 3431 Fusis
1624 3360 1837 3460 igitur
1885 3360 1969 3429 ad
2003 3365 2213 3430 Deum
2250 3360 2597 3451 precibus,
2638 3361 2945 3452 scipione
2970 3382 3098 3431 suo

545 3449 757 3519 semel
809 3450 1152 3540 percussit
1193 3462 1468 3530 terram,
1523 3462 1894 3536 statimque
1940 3450 2094 3521 fons
2129 3451 2299 3519 mire
2347 3448 2530 3519 altus
2574 3462 2640 3519 et
2670 3450 2898 3519 dulcis
2930 3453 3100 3518 ersl-

545 3538 666 3629 pit,
729 3538 942 3629 undis
990 3538 1461 3629 crispantibus
1529 3538 1809 3628 largiter
1865 3560 2180 3608 manans.
2235 3544 2421 3622 Quae
2469 3561 2579 3608 res
2627 3560 2878 3609 nomen
2943 3538 3098 3608 loco

540 3628 752 3709 dedit,
800 3628 945 3697 viro
973 3640 1208 3697 sancto
1259 3626 1458 3697 illum
1495 3626 1913 3717 Crispinium
1949 3627 2258 3729 (Crepin)
2295 3626 2710 3718 appellante.
2755 3634 2909 3698 Jam
2939 3648 3099 3697 vero

542 3740 580 3785 a
629 3716 827 3786 beato
893 3717 1181 3785 Martino
1232 3720 1539 3786 Romano
1589 3715 1916 3807 l'ontifice
1964 3716 2345 3797 ordinatuS‚
2414 3716 2688 3786 divinae
2740 3716 3098 3808 praedica-

540 3806 747 3874 tionis
788 3809 1060 3875 vomerc
1109 3805 1525 3894 Crispinium
1576 3804 1949 3875 excolebat.
2004 3811 2240 3893 Itaque
2273 3803 2616 3885 nonnulli,
2652 3806 2803 3896 ejus
2855 3804 3097 3875 audita

543 3896 926 3974 sanctitate,
962 3916 999 3962 e
1038 3894 1328 3963 diversis
1370 3893 1686 3984 partibus
1719 3893 1806 3963 ad
1855 3917 2013 3964 eum
2067 3895 2483 3976 confluxere,
2518 3894 2962 3981 adunataque
2996 3905 3102 3963 est

543 3983 909 4052 hominum
947 4005 1081 4053 non
1136 4005 1344 4072 parva
1378 3982 1751 4052 multitudo
1803 3983 1871 4051 in
1914 3983 2152 4053 eodem
2196 3982 2367 4052 loco.
2421 3989 2498 4052 At
2528 3984 2631 4053 vir
2663 3988 2795 4052 Deo
2846 3983 3097 4073 plenus

540 4062 976 4141 multitiidini
1011 4071 1377 4141 admisceri
1412 4070 1678 4153 nolens,
1720 4072 2305 4160 solitudinemque
2344 4072 2670 4142 omnibus
2705 4071 2953 4141 mundi
2993 4093 3095 4141 re-

538 4159 674 4228 bus
735 4172 1182 4250 anteponenS‚
1251 4182 1335 4229 ne
1386 4160 1768 4230 multorum
1817 4158 1905 4229 ad
1954 4161 2187 4252 ipsum
2237 4182 2584 4244 accessus,
2641 4161 2893 4230 mentis
2942 4160 3097 4249 ejus

541 4249 756 4318 aciem
825 4248 1192 4329 hebetaret,
1255 4261 1321 4319 et
1386 4273 1421 4318 a
1475 4261 1657 4319 statu
1730 4250 2164 4321 rectitudinis
2232 4249 2710 4338 detorqueret.
2765 4249 2951 4319 haud
3007 4251 3100 4319 ita

542 4339 782 4427 procul
814 4339 901 4408 ab
950 4360 1028 4409 eo
1064 4338 1209 4408 loco
1243 4338 1592 4420 recedens,
1649 4338 2036 4409 solitarium
2096 4338 2232 4409 sibi
2283 4337 2435 4409 dele
2490 4338 2539 4409 it
2585 4337 3092 4409 habitaculum.

542 4430 617 4495 In
664 4422 781 4497 illo
804 4427 1037 4518 itaque
1063 4427 1233 4511 loc0,
1270 4428 1393 4499 ubi
1417 4426 1570 4498 fons
1605 4428 1929 4519 Crispinii
1963 4429 2032 4497 in
2067 4428 2327 4499 flumen
2362 4429 2432 4498 in
2492 4428 2615 4509 uit,
2651 4428 2722 4498 in
2759 4428 3098 4498 honorem

2734 4685 2763 4694 -s
