3357 4995
186 361 381 429 mxu
431 364 474 427 2
2543 368 2625 434 35

1003 505 1401 573 ILLUSTRE
1475 506 1906 573 CERTAMEN

428 642 795 709 CLARISS.
850 642 1305 709 MARTYRUM
1358 643 1570 709 APUD
1621 643 2073 710 LUGDUNUM
2128 643 2469 710 GALLIAE

177 835 599 915 PHOTINI
648 860 797 913 vm,
844 834 1268 915 ΡΟΤΗΙΝΙ
1323 860 1497 915 mus
1533 861 1757 916 URBIs
1792 858 2054 934 emsa,
2097 834 2466 916 SANCTI
2502 861 2729 937 mac„

283 994 845 1094 EPAGATHI,
887 994 1328 1092 MATURI,
1365 995 1764 1094 ATTALI,
1803 995 2404 1075 BLANDINAE
2449 1020 2610 1075 Ero.

170 1228 652 1287 oussnnxonnn
718 1229 900 1277 ιιιυυ
961 1226 1369 1278 ιυευιΕΝτΕιι
1429 1227 1849 1277 ΒΕεοιιιΡεΕιιΕ
1901 1229 2264 1278 CHRISTIANI
2327 1231 2723 1280 viennenses

258 1333 334 1380 ΕΙ·
381 1331 867 1380 annulvssnsns:
921 1331 1183 1389 Quonim
1245 1332 1445 1379 venna
1495 1331 1600 1380 mc
1648 1331 2017 1381 suasrcnms
2075 1333 2151 1379 Ex
2200 1332 2450 1380 Ensssnu
2497 1332 2730 1381 CAESA-

260 1435 486 1482 nsssNs.
537 1433 876 1482 rus'romae
924 1433 1442 1482 ECCLESIASTICAE
1490 1414 1626 1482 Lib.
1683 1416 1722 1481 I
1735 1418 1797 1494 V,
1837 1436 1985 1504 cap.
2034 1425 2061 1481 1
2115 1424 2176 1482 et
2223 1419 2286 1495 2,
2339 1435 2725 1485 muraenam

259 1541 503 1590 JOANNE
550 1539 1180 1599 CHRISTOPHORSONQ
1232 1538 1506 1590 ANGLIAE
1555 1540 1835 1590 DOCTISS.
1890 1542 2090 1589 EPISC.

1266 1693 1466 1747 Anno
1507 1692 1638 1748 1¹77.

2161 1798 2194 1833 0

259 1874 297 1959 ξ
341 1877 423 1945 1.
497 1871 683 1941 Servi
740 1876 910 1942 Jesu
967 1870 1264 1953 Christi,
1316 1870 1437 1958 qui
1488 1871 1820 1942 Viennam
1868 1884 1934 1943 et
1982 1872 2400 1963 Lugdunum
2451 1872 2712 1943 Galliae

171 1959 535 2041 incolunt,
588 1959 919 2031 fratribus
967 1960 1038 2029 in
1088 1960 1242 2031 Asia
1301 1973 1367 2031 et
1415 1961 1758 2051 Phrygia,
1811 1962 1933 2048 qui
1982 1961 2298 2031 eamdem
2348 1961 2716 2032 nobiscum

170 2049 672 2140 redemptionis
729 2048 938 2118 fidem
1004 2062 1068 2119 et
1133 2070 1327 2140 spem
1376 2049 1680 2120 habent:
1736 2055 1869 2120 Pax
1904 2104 1920 2132 ,
1973 2051 2240 2141 gratia,
2294 2063 2360 2120 et
2406 2049 2627 2140 gloria
2685 2074 2726 2119 a

171 2144 307 2208 Deo
354 2143 552 2221 Patre
596 2150 662 2207 et
710 2137 974 2209 Christo
1018 2137 1194 2208 Jesu
1241 2139 1530 2208 Domino
1579 2149 1812 2209 nostro
1860 2138 1949 2210 sit
1993 2138 2211 2209 vohis.
2266 2138 2522 2209 Deinde
2560 2160 2724 2208 cum

171 2228 241 2296 in
308 2226 657 2328 Epistolae
723 2226 1003 2296 exordio
1062 2226 1217 2309 alia,
1248 2226 1401 2297 istis
1466 2227 1794 2318 deinceps
1842 2228 2272 2329 adjecerint,
2326 2228 2438 2298 his
2485 2228 2716 2297 verbis

168 2316 453 2385 initium
503 2315 827 2385 narrandi
878 2314 1162 2386 faciunt.
1218 2315 1762 2406 Magnitudinem
1810 2316 2293 2397 afflictationiS,
2355 2338 2534 2404 quae
2587 2318 2717 2386 hoc
2831 2399 2837 2405 ⁶

170 2405 323 2475 loco
384 2404 844 2495 ingravescit,
910 2403 1158 2494 ingens
1228 2403 1593 2494 gentilium
1656 2405 1898 2475 odium
1958 2419 2195 2478 contra
2261 2418 2540 2475 sanctos
2612 2406 2719 2473 in-

170 2496 457 2565 citatum
490 2548 507 2574 ,
574 2492 952 2594 supplicia,
1018 2514 1193 2581 quae
1257 2493 1435 2564 beati
1485 2508 1822 2585 martyres
1885 2494 2157 2586 placide
2205 2494 2713 2575 sustinuerunt,

169 2604 396 2670 neque
445 2602 572 2652 nos
622 2581 915 2653 dicendo
971 2593 1288 2653 accurate
1350 2583 1758 2674 exprimere,
1818 2604 2040 2670 neque
2103 2582 2471 2653 scribendo
2520 2580 2721 2652 facile

167 2694 207 2741 a
262 2692 621 2759 quoquam
682 2670 1179 2762 comprehendi
1228 2683 1541 2763 possunt.
1597 2677 1767 2742 Nam
1817 2671 2255 2742 adversarius
2304 2682 2537 2740 noster
2596 2670 2721 2739 ad-

161 2772 448 2831 ventum
500 2781 706 2829 suum
753 2760 858 2850 (in
906 2781 1044 2848 quo
1092 2759 1420 2830 audacter
1464 2782 1545 2832 ac
1599 2760 1812 2832 libere
1869 2760 2245 2831 Ecclesiam
2297 2759 2548 2830 Christi
2595 2781 2721 2849 op-

212 2859 612 2940 ugnaturus
644 2848 763 2936 sit)
789 2848 938 2940 jam
985 2850 1187 2936 quasi
1226 2849 1626 2939 prolusione
1655 2849 1960 2936 quadam
2002 2871 2081 2918 ac
2130 2848 2483 2939 prooemio
2530 2849 2720 2919 brevi

189 2951 481 3009 uturum
530 2937 1045 3027 praenuncians
1081 2992 1096 3018 ,
1149 2937 1478 3008 omnibus
1535 2938 1804 3009 viribus
1834 2992 1850 3019 ,
1909 2949 1986 3008 ut
2033 2936 2291 3007 dicitur
2325 2992 2340 3018 ,
2395 2937 2721 3007 Christia-

161 3048 288 3096 nos
348 3025 636 3097 adortus
699 3037 847 3097 est:
900 3038 1106 3114 atque
1152 3025 1323 3097 adeo
1370 3026 1632 3114 ubique
1672 3037 2030 3118 grassatus
2062 3081 2077 3108 ,
2148 3048 2312 3096 suos
2358 3027 2720 3098 consuefe-

162 3116 294 3196 cit,
347 3127 415 3186 et
463 3113 550 3185 ad
599 3113 861 3184 bellum
911 3126 1152 3185 contra
1210 3136 1443 3185 servos
1489 3115 1607 3185 Dei
1655 3114 2038 3207 gerendum
2086 3137 2223 3186 usu
2270 3126 2335 3185 et
2389 3117 2719 3185 exercita-

165 3205 348 3274 tione
397 3203 577 3273 mire
619 3203 967 3273 instruxit.
1034 3210 1466 3296 Quapropter
1513 3225 1652 3275 non
1702 3203 1927 3275 solum
1978 3203 2316 3276 aedificiis
2371 3204 2713 3295 publicis,

161 3290 433 3363 balneis
482 3304 547 3362 et
596 3290 744 3361 foro
804 3292 1006 3362 nobis
1058 3293 1505 3364 interdictum
1555 3304 1695 3363 est:
1742 3293 1860 3363 sed
1906 3293 2156 3374 etiam,
2209 3314 2296 3363 ne
2341 3293 2720 3382 quisquam

162 3393 478 3452 nostrum
527 3401 827 3468 usquam
868 3380 1180 3452 locorum
1228 3382 1298 3451 in
1349 3393 1800 3473 conspectum
1849 3381 2158 3472 prodeat,
2212 3382 2298 3452 ab
2358 3381 2502 3450 illis
2549 3382 2719 3451 veti-

161 3479 335 3540 tum.
389 3473 467 3539 At
563 3470 735 3539 ratia
772 3469 891 3540 Dei
925 3492 1051 3561 pro
1098 3470 1299 3541 nobis
1339 3493 1500 3541 cum
1541 3471 1821 3543 diabolo
1859 3471 2254 3553 decertavit,
2299 3482 2366 3540 et
2403 3470 2553 3550 hos,
2595 3470 2720 3557 qui

163 3572 325 3630 sunt
367 3580 503 3648 pau
534 3580 574 3628 o
608 3558 999 3629 remissiore
1031 3561 1289 3639 animo,
1332 3560 1591 3651 eripuit
1620 3583 1658 3630 e
1710 3559 2042 3651 periculo:
2096 3559 2255 3629 illos
2303 3571 2559 3640 autem,
2595 3559 2720 3645 qui

162 3648 495 3737 patientia
539 3647 811 3728 armati,
866 3659 1219 3734 tamquam
1260 3648 1503 3719 firmae
1540 3649 1706 3720 fidei
1747 3648 2136 3729 columnae,
2173 3669 2312 3717 non
2347 3646 2553 3716 modo
2584 3648 2715 3715 im-

164 3749 399 3835 petum
461 3736 682 3808 hostis
732 3736 946 3805 nostri
994 3736 1279 3819 diaboli,
1332 3737 1534 3807 facile
1580 3739 1790 3808 laturi
1840 3735 2278 3819 videbantur,
2336 3757 2572 3806 verum
2622 3748 2715 3805 et-

164 3847 299 3895 lam
350 3825 424 3894 in
476 3847 604 3897 sua
649 3825 963 3915 ipsorum
1011 3826 1237 3916 capita
1305 3826 1631 3897 eumdem
1687 3826 2201 3914 quodammodo
2249 3824 2708 3917 provocaturi,

165 3935 239 3983 ex
301 3913 595 3984 adverso
658 3915 1025 4004 opposuit:
1079 3914 1199 4001 qui
1267 3927 1415 3984 tum
1468 3915 1538 3984 in
1587 3915 1735 3986 acie
1781 3915 2045 3984 sortiter
2106 3937 2267 3984 curn
2318 3913 2714 3984 adversario

162 4003 642 4083 conflixerunt,
686 4023 891 4072 omne
938 4003 1294 4095 opprobrii
1341 4015 1407 4072 et
1463 4003 1793 4095 supplicii
1842 4024 2065 4094 genus
2099 4003 2467 4074 toleranter
2500 4002 2715 4071 susti-

163 4093 412 4161 nendo:
470 4104 618 4161 tum
666 4090 868 4161 celeri
921 4092 1146 4183 gradu
1175 4103 1616 4162 maturarunt
1648 4092 1735 4162 ad
1771 4093 2142 4172 Christum,
2188 4115 2268 4162 ea
2299 4092 2505 4173 mala,
2537 4112 2717 4178 quae

162 4195 358 4250 erant
396 4179 707 4271 ingentia
754 4191 823 4250 et
866 4181 1123 4272 gravia,
1162 4181 1413 4272 exigua
1452 4194 1518 4251 et
1537 4203 1739 4338 (Fene
1786 4180 1983 4251 nulla
2028 4180 2508 4251 existimando:
2557 4201 2713 4269 per·

164 4272 542 4359 spicueque
581 4289 816 4338 revera
864 4270 1349 4341 ostenderunt:
1402 4293 1532 4360 quo
1624 4294 1754 4340 non
1783 4282 1938 4339 sunt
1968 4272 2164 4340 condi
2211 4293 2339 4339 nae
2366 4270 2718 4361 passiones

165 4357 363 4449 hujus
425 4359 743 4449 temporis
799 4359 891 4429 ad
934 4361 1243 4447 suturam
1288 4362 1584 4450 qloriam
1613 4415 1629 4442 ,
1683 4383 1857 4450 quae
1920 4363 2151 4430 revela
2199 4362 2336 4428 itur
2397 4362 2467 4427 in
2525 4359 2717 4425 nobis

161 4445 385 4535 (Rom.
441 4470 585 4530 v111,
644 4445 782 4534 ⁴8).
