3357 4995
171 314 397 380 JUNII
447 315 530 378 45
1074 331 1158 378 vm:
1205 332 1262 378 s.
1315 330 1480 379 num
1525 331 1816 380 marma
2507 313 2624 379 341

177 413 487 492 vidisset,
556 421 621 480 et
665 411 859 481 vultu
913 409 1289 482 admodum
1341 411 1580 481 hilari:
1637 415 1741 481 «O
1768 410 2275 492 scelestissima,
2334 412 2581 498 inquit,
2614 434 2727 481 co-

174 502 365 582 hors,
406 521 634 572 nonne
666 501 858 571 vobis
890 501 1229 591 praecepi,
1263 513 1340 570 ut
1375 500 1565 570 nulla
1600 503 1771 570 cura
1814 500 2025 571 istum
2058 500 2721 590 prosequeremini‘?»

178 589 275 661 Ad
329 589 496 659 haec
543 588 871 680 Pegasius
901 589 1561 658 Commentariorum
1599 588 2005 679 praefectus:
2050 593 2231 658 «Per
2258 603 2443 660 tuam
2475 588 2725 678 ampli-

177 679 494 748 tudinem
544 677 614 747 in
650 697 920 747 carcere
969 677 1288 748 interiore
1335 677 1721 748 custoditus
1768 690 1890 760 est,
1945 677 2209 748 habens
2242 679 2313 746 in
2347 677 2523 746 collo
2557 681 2726 750 Her-

178 767 384 838 culis'
418 765 740 857 effigiem,
797 779 1252 836 trecentarum
1297 766 1632 836 librarum
1676 767 1976 857 pondere
2009 788 2311 856 gravem.
2368 766 2725 848 Quomodo

177 877 338 927 vero
369 877 583 926 sanus
628 855 849 925 factus
893 855 1003 937 sit,
1058 876 1260 924 nemo
1309 868 1620 925 nostrum
1672 855 2062 946 cognovit.»

267 941 306 1032 ξ
352 949 429 1016 2.
484 949 655 1013 Tum
701 943 945 1013 Dulas:
989 967 1023 1009 «
1060 947 1111 1013 Ο
1147 943 1483 1034 insipiens
1532 949 1834 1025 Praeses,
1889 965 1972 1012 en
2023 942 2334 1014 Christus
2385 965 2581 1015 meus
2615 965 2726 1012 sa-

182 1055 354 1102 num
405 1055 516 1101 me
561 1031 743 1113 fecit,
795 1044 859 1100 et
907 1031 992 1100 ad
1030 1032 1269 1123 plagas
1312 1044 1464 1103 tuas
1511 1032 1954 1122 excipiendas
2005 1053 2260 1120 corpus
2311 1054 2540 1102 meum
2576 1032 2725 1101 ido-

178 1143 391 1192 neum
450 1119 771 1201 reddidit,
810 1133 887 1189 ut
932 1142 1308 1211 cognoscas
1353 1127 1561 1191 Deum
1620 1144 1769 1190 esse
1830 1133 2139 1190 nostrum
2180 1120 2551 1201 medicum,
2605 1123 2725 1209 qui

178 1210 521 1284 homines,
569 1209 639 1278 in
675 1232 754 1279 eo
787 1231 979 1299 spem
1038 1231 1236 1279 suam
1268 1209 1705 1291 collocantes,
1738 1208 2131 1279 admirabili
2180 1209 2477 1295 quodam
2522 1209 2727 1279 modo

178 1321 429 1388 curare
478 1298 679 1379 solet;
734 1297 941 1368 simul
977 1298 1208 1380 etiam,
1245 1310 1318 1369 ut
1356 1321 1480 1388 ego
1511 1299 1859 1389 duplicem
1898 1298 2204 1387 martyrii
2249 1319 2573 1367 coronam
2607 1321 2717 1367 ac-

176 1388 463 1478 cipiam,
508 1400 573 1455 et
613 1400 686 1457 tu
735 1387 1188 1477 sempiternas
1225 1408 1480 1487 poenas
1517 1387 1832 1477 duplices
1880 1388 2164 1478 patiare.
2220 1392 2297 1456 At
2328 1387 2387 1454 si
2436 1400 2510 1457 tu
2560 1386 2726 1456 tales

177 1477 428 1568 plagas
470 1496 592 1564 pro
642 1476 919 1546 nomine
956 1475 1290 1566 Apollinis
1367 1477 1464 1545 tui
1522 1477 1975 1546 sustinuisses
2006 1531 2021 1556 ,
2060 1474 2338 1561 ,scilicet
2390 1476 2727 1565 potuisset

181 1566 310 1636 tibi
357 1564 718 1635 sanitatem
769 1565 1010 1634 afferre
1042 1564 1276 1654 Apollo
1319 1565 1466 1646 iste,
1518 1587 1726 1652 quem
1798 1570 2010 1634 Deum
2064 1577 2259 1633 tuum
2312 1562 2510 1644 dicis,
2560 1586 2728 1651 que-

180 1653 633 1725 madmodum
670 1653 841 1722 mihi
896 1654 1205 1723 Christus
1242 1675 1435 1723 meus
1486 1655 1846 1723 sanitatem
1897 1653 2220 1722 attuliti»
2280 1657 2452 1721 Tum
2515 1654 2724 1721 Maxi-

183 1765 388 1814 mus:
442 1742 820 1825 «Quoniam
874 1743 1079 1812 homo
1112 1743 1234 1812 iste
1285 1763 1419 1812 non
1455 1742 1707 1814 desinit
1741 1741 2098 1810 maledicta
2129 1741 2200 1810 in
2254 1741 2417 1812 deos
2463 1755 2731 1811 nostros

181 1831 490 1921 injicere,
537 1830 775 1921 ungite
807 1831 953 1926 oleo
1001 1832 1152 1920 ejus
1199 1844 1428 1922 caput,
1482 1845 1546 1900 et
1592 1833 1927 1902 carbones
1975 1831 2293 1900 ardentes
2323 1830 2728 1930 imponite.»

181 1921 305 1991 Cui
370 1919 611 1988 Dulas:
653 1942 689 1985 «
740 1919 942 1999 Licet,
1011 1920 1252 2006 inquit,
1314 1921 1674 1990 cerebrum
1737 1941 1964 1988 meum
2015 1919 2505 2000 combusseris,
2558 1919 2729 2006 quid

182 2023 358 2090 turn,
399 2008 653 2098 impiae
691 2012 1017 2079 Praeses?
1050 2009 1366 2099 Excogita
1414 2008 1547 2078 alia
1600 2021 1958 2078 tormenta.
1999 2033 2034 2075 »
2069 2014 2143 2077 At
2192 2013 2470 2078 Praeses
2529 2008 2724 2077 dixit:

184 2121 222 2170 ς(
246 2096 456 2166 Multa
504 2096 770 2186 sinapis
804 2119 1016 2186 grana
1045 2097 1114 2165 in
1143 2097 1297 2186 ejus
1330 2120 1530 2169 nares
1564 2097 2113 2167 immittite.»—«
2152 2096 2458 2178 DerideO,
2505 2096 2728 2184 inquit

192 2184 429 2267 DulaS‚
473 2207 715 2254 omnes
739 2186 1090 2255 cruciatus
1116 2198 1295 2256 tuos.
1316 2214 1335 2242 ο
1365 2192 1644 2256 Praeses
1667 2199 1923 2256 autem:
1957 2190 2313 2255 «Lacerate
2340 2197 2732 2256 constanter

186 2287 393 2343 acuto
443 2273 617 2373 ferro
663 2274 815 2363 ejus
862 2286 1093 2365 terga,
1146 2289 1211 2344 et
1258 2275 1705 2345 acerbissimo
1768 2288 1955 2344 aceto
2006 2275 2247 2365 plagas
2296 2273 2726 2365 pertundite:

188 2375 338 2432 tum
382 2373 598 2433 acutis
648 2363 837 2432 testis
886 2375 1072 2453 terga
1120 2363 1518 2433 conterite.»

285 2457 324 2533 ἓ
374 2453 455 2523 S.
511 2455 688 2522 Haec
736 2474 894 2522 cum
947 2451 1210 2532 fierent,
1268 2464 1546 2523 sanctus
1598 2464 1860 2543 martyr
1906 2451 2220 2523 dicebat:
2262 2475 2297 2519 «
2337 2451 2510 2522 Jesu
2542 2451 2734 2521 Chri-

193 2552 319 2621 ste,
373 2539 615 2609 Adesto
662 2562 854 2610 servo
906 2554 1065 2611 tuo:
1119 2563 1276 2611 ecce
1314 2542 1495 2610 enim
1534 2564 1746 2631 supra
1778 2542 2060 2612 dorsum
2116 2563 2346 2610 meum
2397 2540 2737 2610 fabricant

192 2642 610 2719 peccatoreS,
687 2630 1176 2720 prolonga-ntes
1239 2630 1667 2718 iniquitatem
1721 2652 1942 2699 suam.
1982 2653 2018 2697 »
2076 2635 2266 2699 Tunc
2306 2629 2478 2699 dixit
2528 2630 2736 2698 Maxi-

195 2739 375 2785 mus:
411 2718 706 2787 «Saltem
747 2741 931 2789 nunc
957 2740 1331 2810 persuasus
1352 2719 1469 2799 sis,
1504 2733 1569 2787 et
1598 2718 1762 2789 deos
1782 2740 1932 2788 esse
1958 2717 2423 2788 confitearis.»
2450 2718 2541 2787 Ad
2568 2718 2736 2786 haec

198 2805 441 2875 Dulas:
480 2806 808 2877 «Scilicet
855 2807 953 2877 dii
1006 2808 1102 2880 tui
1136 2807 1466 2898 adjuvant
1498 2820 1559 2875 te
1592 2820 1655 2876 et
1692 2807 2026 2876 malitiam
2079 2820 2292 2887 tuam,
2335 2806 2733 2897 praesertim

199 2899 425 2965 Venus
481 2907 546 2963 et
597 2896 833 2965 Diana.
891 2897 1144 2977 Dicam,
1220 2896 1279 2965 si
1331 2895 1573 2986 placet,
1627 2908 1692 2965 et
1740 2896 1912 2966 alias
1958 2895 2122 2966 deas
2174 2910 2343 2966 tuas,
2374 2909 2438 2966 et
2497 2917 2737 2964 earum

192 2982 657 3052 scelera.»—«
679 2983 1118 3075 Confringite,
1164 2985 1389 3072 inquit
1425 2984 1786 3066 Maximus,
1839 2986 1990 3075 ejus
2040 2983 2394 3065 maxillas,
2452 3006 2536 3053 ne
2602 2983 2739 3052 diis

195 3071 600 3141 maledicat:
676 3073 900 3162 ipsius
946 3074 1150 3143 etiam
1207 3096 1413 3144 crura
1472 3073 1849 3164 infringite,
1903 3085 1968 3142 et
2016 3073 2218 3143 talem
2271 3073 2555 3154 reddite,
2619 3072 2739 3160 qui

193 3181 280 3230 ne
312 3161 593 3230 verbum
623 3161 904 3250 quidem
934 3162 1154 3232 ullum
1188 3162 1487 3252 proferre
1521 3162 1799 3252 possit.»
1838 3168 2006 3231 Tum
2041 3162 2273 3231 Dulas:
2313 3167 2571 3241 «Mene,
2606 3161 2739 3229 ini-

189 3249 528 3335 quissime
577 3255 878 3331 Praeses,
934 3251 1272 3331 verberas,
1327 3252 1448 3338 qui
1507 3273 1665 3322 vera
1722 3250 1899 3332 dico,
1944 3251 2124 3338 quod
2186 3256 2410 3319 Venus
2476 3251 2626 3340 ipsa
2675 3264 2739 3319 et

196 3336 504 3424 reliquae
551 3338 716 3408 deae
764 3352 920 3408 tuae
969 3341 1280 3410 membra
1310 3362 1436 3409 sua
1470 3340 1535 3407 in
1592 3338 2003 3411 libidinibus
2032 3352 2095 3409 et
2129 3340 2389 3429 stupris
2424 3360 2743 3408 exercue-

196 3439 383 3506 runt,
436 3438 501 3496 et
534 3428 847 3497 Paridem
878 3439 1220 3517 pastorem
1260 3428 1458 3497 illum
1483 3427 1802 3498 Judicem
1844 3428 1971 3498 sibi
2009 3428 2539 3508 constituerunt,
2579 3449 2740 3496 cum

195 3514 586 3615 periculum
633 3515 855 3586 facere
904 3516 1175 3596 vellent,
1215 3538 1555 3603 quaenam
1607 3517 1918 3607 ipsarum
1961 3517 2179 3607 magis
2216 3519 2571 3606 peccaret?
2610 3520 2744 3585 Cur

195 3604 539 3685 lrasceriS,
596 3626 758 3674 cum
820 3604 905 3674 de
964 3605 1453 3676 execrabilium
1508 3604 1795 3675 dearum
1848 3618 2122 3675 tuarum
2175 3603 2600 3674 facinoribus
2641 3626 2744 3673 re-

193 3691 610 3783 darguaris?
659 3699 847 3764 Meus
898 3698 1075 3763 Deus
1137 3716 1335 3764 verus
1380 3705 1504 3775 est,
1559 3695 1675 3780 qui
1728 3706 1794 3763 et
1844 3692 2052 3764 homo
2100 3693 2249 3763 fleri
2318 3692 2552 3773 voluit,
2674 3694 2740 3761 ui

194 3780 399 3850 etiam
453 3802 612 3851 cum
664 3783 733 3851 in
786 3786 998 3852 Cruce
1046 3783 1224 3852 fixus
1277 3781 1541 3863 suisset,
1593 3795 1659 3852 et
1721 3795 1955 3872 postea
2003 3781 2341 3872 sepultuS,
2397 3782 2592 3851 tertio
2684 3780 2745 3849 ie

195 3871 596 3953 resurrexit,
620 3883 685 3940 et
734 3871 922 3941 sedet
953 3870 1040 3941 ad
1071 3870 1415 3940 dexteram
1466 3872 1708 3953 Patris,
1745 3885 2214 3958 venturusque
2259 3883 2362 3941 est
2390 3891 2548 3939 cum
2586 3870 2746 3960 igne

193 3957 281 4027 ad
331 3958 498 4027 deos
546 3972 698 4029 tuos
749 3958 1208 4049 perdendos.»
1240 3963 1419 4028 Haec
1450 3959 1743 4029 audiens
1769 3959 2105 4030 Maximus
2138 3960 2332 4029 dixit:
2371 3959 2738 4039 «Videsne,

194 4044 502 4127 sceleste,
547 4061 623 4118 ut
669 4060 735 4118 et
783 4061 856 4118 tu
901 4048 1079 4118 duos
1119 4048 1283 4118 deos
1331 4048 1631 4118 habes?»
1678 4048 1773 4118 Ad
1809 4049 1976 4117 haec
2013 4048 2244 4118 Dulas:
2290 4052 2439 4117 «Ne
2480 4067 2742 4138 pecces,

193 4135 446 4223 inquit,
490 4148 555 4205 et
600 4158 810 4218 erreS,
845 4136 1084 4206 dicens
1130 4136 1305 4207 duos
1356 4137 1559 4206 deos:
1616 4136 1911 4206 Trinitas
1951 4136 2137 4206 enim
2187 4149 2311 4218 est,
2364 4157 2573 4223 quam
2628 4158 2745 4205 co-

195 4223 432 4293 limus.
449 4247 615 4291 »—«
637 4229 834 4315 Erg0,
863 4225 1087 4312 inquit
1114 4225 1476 4306 MaximuS,
1516 4237 1649 4294 tres
1673 4224 1841 4295 deos
1876 4225 2295 4296 habes.»—-«
2316 4224 2742 4304 Trinitatem,

195 4312 427 4401 inquit
459 4312 691 4396 DulaS‚
729 4312 1058 4384 confiteor
1085 4328 1150 4383 et
1171 4315 1405 4395 adoro,
1442 4313 1652 4383 Credo
1694 4313 1762 4383 in
1786 4319 2077 4396 Patrem,
2109 4313 2438 4384 confiteor
2464 4312 2742 4391 Filium,
