3357 4995
2665 89 2884 220 κδ’

2665 225 2766 276 ‚2

686 334 771 401 90
1151 346 1491 396 raANsLAr.
1546 347 1639 395 ss.
1694 347 1807 394 uir.
1863 347 2044 395 parm
2088 347 2164 394 ar
2212 345 2588 395 maenum
2671 351 2680 362 ’
2751 303 3063 414 ’·.1ᾗ[ΙΝΙΙ
3110 329 3152 394 2

603 436 833 507 statim
882 443 1171 513 erectuS,
1217 442 1283 502 et
1332 431 1610 501 sanitati
1643 453 1854 519 quam
1906 430 2361 511 desiderabat,
2420 430 2569 500 sine
2619 450 2811 532 [qma
2858 427 2959 524 Jest
2997 430 3158 501 red-

604 525 817 594 ditus.
872 521 1200 593 Similiter
1237 533 1302 590 et
1339 519 1571 610 puella
1595 519 1938 608 quaedam
1969 520 2056 589 de
2085 520 2236 610 ipso
2268 519 2417 588 vico
2452 519 2781 609 Trajeeto‘,
2817 519 3159 591 vocabulo

605 609 1050 692 Theothildis,
1103 608 1306 700 cujus
1340 608 1617 690 dextera
1664 630 1917 679 manus
1967 619 2114 678 erat
2166 607 2381 677 simili
2428 607 2896 684 contractione
2925 609 3159 678 intan-

607 715 748 771 tum
784 698 1198 790 complicata
1243 710 1448 785 atque
1477 697 1787 780 distorta,
1824 710 1902 767 ut
1933 696 2020 766 ad
2061 717 2338 767 omnem
2370 716 2576 767 usum
2627 710 2805 772 esset
2852 697 3152 767 inutilis:

606 791 775 859 haec
817 787 1058 858 eadem
1106 786 1220 856 die
1267 799 1425 856 ante
1471 786 1745 855 easdem
1784 791 2190 856 Sanctorum
2225 784 2553 873 reliquias
2694 786 2752 855 ri
2801 785 3011 862 modo
3037 809 3160 856 cu-

604 891 754 948 rata
797 889 922 947 est.
977 875 1244 959 Quibus
1310 875 1499 957 visis,
1577 874 1881 965 populus
1926 876 1995 944 in
2058 873 2349 945 basilica
2403 805 2865 975 congQatus
2931 874 3160 965 coepit

604 989 768 1067 prae
799 965 1017 1035 nimia
1040 963 1458 1034 exultatione
1490 976 1697 1051 atque
1722 962 1978 1033 laetitia
2011 964 2081 1032 in
2121 963 2400 1051 hymnis
2429 974 2496 1031 et
2523 963 2807 1052 litaniiS,
2862 962 3160 1033 sublatis

606 1077 675 1124 in
729 1054 946 1125 altum
988 1052 1295 1133 vocibuS,
1336 1051 1575 1123 laudes
1611 1052 1897 1121 Domino
1944 1051 2332 1126 decantare.
2374 1056 2541 1121 Cum
2592 1052 2822 1122 subito
2878 1051 3160 1123 intravit

654 1165 779 1215 uer
843 1141 1128 1230 quidam
1183 1139 1461 1222 surduS,
1516 1153 1723 1227 atque
1754 1140 1824 1209 in
1877 1139 2104 1210 media
2154 1139 2375 1240 plebis
2425 1131 2872 1222 multitffline
2920 1153 3162 1231 stupe-

633 1246 827 1303 actus
859 1242 925 1301 et
971 1230 1256 1300 attonito
1296 1228 1547 1299 similis
1580 1229 1904 1299 constitit.
1937 1234 2025 1299 Ac
2074 1228 2324 1298 deinde
2354 1251 2516 1298 cum
2566 1241 2725 1300 ante
2745 1229 2973 1299 altare
3000 1251 3162 1300 san-

605 1320 699 1392 cti
748 1319 1139 1400 SalvatoriS‚
1200 1318 1383 1405 quod
1434 1319 1506 1388 in
1563 1317 1788 1387 media
1844 1318 2136 1388 ecclesia
2176 1318 2478 1407 positum
2526 1330 2649 1397 est,
2699 1319 3158 1408 pervenisset,

606 1420 1013 1498 erumpente
1062 1406 1378 1497 protinus
1424 1406 1510 1477 de
1550 1407 1837 1477 naribus
1885 1407 2037 1497 ejus
2075 1406 2441 1497 sanguine,
2483 1427 2621 1493 quo
2668 1406 2793 1476 diu
2850 1407 3165 1497 privatus

606 1499 830 1568 fuerat
875 1496 1175 1567 auditus·
1208 1493 1433 1565 officio
1471 1495 1770 1566 donatus
1817 1509 1941 1565 est.
3056 1571 3072 1584 ι

696 1588 733 1673 ξ
779 1590 931 1659 19.
988 1589 1064 1653 In
1114 1584 1491 1654 crastinum
1528 1597 1783 1666 autem,
1823 1584 1890 1652 id
1923 1595 2046 1664 est,
2080 1593 2325 1671 quarto
2375 1583 2540 1652 Idus
2567 1583 2764 1654 Junii
2798 1584 3026 1654 visum
3060 1595 3165 1655 est

607 1674 831 1757 nobiS,
870 1685 948 1744 ut
979 1672 1303 1743 feretrum
1344 1673 1528 1760 quod
1579 1694 1810 1742 saeros
1859 1685 2242 1762 martyrum
2293 1673 2561 1742 cineres
2593 1673 3167 1753 continebanal-

588 1764 748 1856 ‚tius
794 1763 1044 1833 elevari
1113 1761 1409 1842 deberet,
1463 1762 1549 1830 ad
1618 1762 1747 1831 hoc
1806 1761 2140 1841 videlicet,
2194 1774 2270 1830 ut
2317 1760 2671 1848 aliquanto
2736 1762 3165 1832 eminentius

606 1863 807 1933 esset,
845 1873 1056 1939 quam
1096 1851 1308 1920 altare
1346 1851 1463 1919 cui
1510 1850 1904 1940 appositum
1939 1863 2104 1931 erat,
2143 1863 2208 1922 et
2235 1849 2507 1920 facilius
2541 1850 2627 1920 ab
2667 1850 3166 1920 accedentibus

608 1939 1441 2030 ce1·nipotuissot.·1dque
1477 1939 1677 2009 nobis
1725 1938 2160 2017 facientibus,
2213 1939 2506 2008 etinter
2565 1938 2959 2009 faciendum
3013 1938 3169 2008 lita-

610 2031 764 2099 nias
796 2050 954 2099 curn
993 2029 1107 2097 Dei
1142 2027 1347 2108 laude
1376 2027 1809 2106 canentibus,
1851 2027 2082 2118 puella
2118 2026 2456 2113 quaedam
2491 2027 2576 2096 de
2604 2027 2870 2097 familia
2904 2031 2970 2096 S.
3016 2032 3169 2096 Ser-

608 2119 770 2187 vatii
819 2141 859 2187 a
906 2116 1254 2187 nativitate
1303 2138 1429 2187 sua
1478 2115 1772 2205 pedibus
1805 2138 1886 2185 ex
1926 2117 2393 2186 contractione
2440 2115 2772 2195 distortis,
2831 2117 3169 2186 manibus

608 2207 818 2277 etiam
857 2228 938 2276 ex
985 2227 1350 2275 nervorum
1391 2204 1813 2275 distensione
1845 2204 2227 2286 dissolutis,
2260 2206 2550 2295 insuper
2586 2218 2653 2274 et
2702 2217 2918 2285 muta,
2950 2226 3167 2292 quarn

611 2295 822 2386 paulo
871 2305 1027 2364 ante
1076 2295 1145 2362 in
1196 2293 1556 2362 basilicam
1607 2294 1716 2362 sui
1765 2293 2183 2374 detulerunt,
2237 2306 2303 2362 et
2348 2314 2578 2363 coram
2631 2293 2875 2364 feretro
2918 2314 3169 2384 posue·

612 2398 799 2464 runt,
853 2383 1082 2453 subito
1131 2382 1408 2452 sanitati
1455 2394 1557 2451 est
1596 2381 1886 2462 reddita,
1944 2383 2036 2452 ita
2062 2394 2140 2451 ut
2184 2382 2422 2453 eadem
2474 2383 2643 2451 hora
2689 2393 2757 2451 et
2795 2382 3038 2469 loqui,
3104 2395 3173 2452 et

611 2472 949 2554 incedere,
1002 2484 1067 2542 et
1115 2471 1441 2543 manibus
1489 2469 1575 2540 ad
1625 2471 1857 2541 omnia
1896 2471 2280 2541 necessaria
2330 2470 2624 2561 perfecte
2670 2471 2769 2542 uti
2833 2472 3162 2562 potuerit.

701 2566 738 2650 ξ
790 2567 960 2635 20.
1007 2562 1494 2631 Monasterium
1531 2560 2194 2640 sanctimonialium,
2223 2560 2387 2629 Eike
2415 2561 2773 2643 vocabule,
2806 2561 3020 2631 situm
3055 2583 3172 2631 su-

612 2674 733 2742 per
768 2657 1024 2722 Mosam
1076 2650 1364 2719 fluvium
1428 2661 1551 2719 est.
1607 2654 1686 2718 In
1784 2671 1874 2718 uo
1942 2649 2280 2736 quaedam
2348 2653 2480 2718 Deo
2530 2662 2820 2729 sacrata,
2881 2649 3172 2719 nomine

614 2741 868 2829 Saliga,
910 2751 1046 2809 toto
1076 2760 1386 2825 corpore,
1421 2749 1702 2827 excepto
1792 2749 1978 2808 e‘xtro
2009 2737 2316 2818 brachio,
2362 2736 2514 2807 diro
2544 2738 2891 2838 paralysis
2923 2738 3174 2808 morbo

611 2829 952 2898 dissoluta
974 2829 1271 2917 jacebat.
1311 2827 1488 2896 Huic
1532 2847 1651 2916 per
1698 2827 1997 2913 quietem
2033 2825 2320 2913 quidam
2369 2849 2448 2896 ex
2497 2827 2934 2897 vicinissuis
3002 2827 3174 2896 asti-

613 2918 801 2995 tisse,
846 2939 926 2986 ac
959 2916 1077 2985 tali
1112 2936 1428 2985 sermone
1457 2936 1609 2984 earn
1646 2914 2100 3005 oompellasse
2148 2915 2337 2984 visus
2370 2927 2494 2996 est,
2548 2929 2628 2985 ut
2667 2915 2948 2996 diceret,
2986 2915 3171 2999 Quid

614 3005 815 3094 agis?
863 3005 982 3074 Cui
1031 3026 1191 3073 cum
1241 3003 1361 3072 illa
1412 3023 1545 3071 non
1606 3002 1822 3086 aliud,
1877 3025 2086 3089 quam
2143 3025 2215 3074 se
2271 3002 2342 3072 in
2395 3003 2566 3075 lecto
2615 3026 2742 3073 suo
2811 3004 3176 3092 quiescere

615 3092 1108 3184 respondisset,
1144 3091 1520 3170 Audistine,
1558 3092 1808 3178 inquit,
1848 3092 2110 3180 aliquid
2154 3092 2240 3161 de
2274 3093 2565 3173 Sanctis,
2605 3093 2724 3180 qui
2760 3094 2828 3161 in
2862 3094 3174 3183 TraJecto
3293 3132 3302 3155 .

611 3181 697 3251 ad
751 3187 814 3251 S.
871 3181 1251 3251 Servatium
1303 3185 1678 3250 venerunt?
1714 3182 1833 3249 Cui
1882 3203 2041 3251 cum
2097 3180 2266 3250 nihil
2331 3181 2416 3251 de
2459 3180 2566 3251 his
2608 3203 2680 3251 se
2730 3180 3013 3253 audisse
3068 3203 3176 3251 re-

613 3270 1026 3361 spondisset,
1082 3273 1321 3359 Surge,
1378 3268 1495 3348 ait,
1552 3268 1892 3351 velociter,
1958 3283 2163 3357 atque
2210 3269 2379 3338 illuc
2428 3282 2877 3360 properanter
2935 3270 3177 3339 venire

615 3357 973 3429 contende.
1043 3362 1210 3427 Nam
1263 3356 1361 3426 ibi
1419 3379 1492 3428 es
1540 3356 1851 3426 omniurn
1928 3358 2401 3428 membrorum
2454 3372 2732 3429 tuorum
2804 3372 3178 3449 receptura

612 3448 1003 3517 sanitatem.
1052 3444 1180 3515 Sed
1230 3466 1389 3515 cum
1421 3467 1629 3535 exper
1680 3444 1898 3515 efacta
1938 3446 2114 3516 nibil
2151 3447 2235 3516 de
2268 3446 2376 3517 his
2414 3445 2640 3518 facere
2670 3461 3007 3528 curasset,
3047 3447 3175 3517 ite-

617 3558 771 3607 rum
823 3535 1136 3622 sequenti
1189 3545 1384 3604 nocte
1416 3535 1502 3604 ab
1532 3554 1612 3604 eo
1664 3555 1773 3602 em
1811 3534 2025 3604 simili
2059 3534 2262 3605 modo
2291 3547 2393 3605 est
2418 3535 2795 3618 admonita,
2831 3548 2909 3606 ut
2940 3536 3178 3624 Traje-

613 3636 801 3694 ctum
853 3636 1185 3715 pergeret.
1243 3622 1368 3692 Illa
1417 3635 1671 3703 tamen,
1713 3635 1788 3692 ut
1838 3623 2057 3713 priuS,
2120 3636 2348 3714 spreta
2387 3625 2732 3695 monentis
2778 3645 2965 3707 voce,
3033 3647 3179 3712 quo

603 3714 987 3803 jubebatur
1032 3711 1305 3782 distulit
1352 3711 1722 3802 proficisci.
1768 3712 1989 3781 Tertia
2039 3733 2197 3783 vero
2246 3726 2442 3782 nocte
2481 3713 2647 3785 vidit
2679 3713 3003 3784 eumdem
3036 3713 3178 3784 sibi

613 3814 859 3882 astare,
913 3811 978 3870 et
1024 3822 1185 3870 cum
1222 3801 1553 3887 quadam
1591 3800 1947 3871 severitate
1994 3824 2122 3871 cur
2170 3801 2430 3871 monita
2477 3824 2605 3872 sua
2640 3803 3180 3892 contempsisset

614 3892 1066 3981 interrogare,
1106 3888 1514 3977 baculoque,
1553 3910 1759 3976 quem
1812 3901 1978 3959 tunc
2029 3911 2244 3959 manu
2279 3903 2506 3961 tenere
2542 3891 2929 3971 videbatur,
2990 3891 3181 3964 latus

612 3980 764 4069 ejus
814 3990 1193 4068 percutere,
1246 3990 1451 4065 atque
1489 3990 1565 4047 ut
1612 3978 1998 4078 Trajectum
2033 3978 2355 4049 velociter
2403 3992 2739 4071 pergeret,
2795 3980 3174 4069 imperare.

615 4073 746 4138 Nec
796 4068 913 4137 illa
939 4068 1085 4159 jam
1138 4088 1308 4136 ausa
1360 4066 1576 4136 trinae
1626 4067 1912 4136 visionis
1960 4067 2352 4138 auctoritati
2401 4069 2740 4150 resistere,
2793 4068 3038 4139 accitis
3086 4069 3180 4138 ad

616 4179 691 4228 se
738 4155 1153 4247 propinquis
1190 4169 1256 4224 et
1302 4154 1571 4234 amicis,
1627 4156 2014 4246 Trajectum
2065 4168 2142 4226 ut
2188 4156 2322 4228 sibi
2363 4155 2640 4243 jussum
2691 4167 2836 4226 erat
2880 4155 3182 4227 deduci-

615 4258 750 4325 tur,
804 4257 870 4316 et
928 4245 998 4313 in
1048 4243 1339 4313 basilica
1400 4245 1580 4314 beati
1630 4245 1914 4313 Servatii
1952 4244 2150 4334 juxta
2199 4266 2431 4315 sacros
2483 4258 2861 4333 martyrum
2901 4245 3181 4317 cineres

615 4332 1015 4404 collocatur.
1082 4337 1388 4420 Cumque
1439 4332 1536 4403 ibi
1584 4334 1968 4422 promissae
2016 4333 2331 4403 sanitatis
2381 4334 2914 4424 praestolaretur
2974 4355 3182 4404 even·

615 4434 789 4505 tum,
859 4421 1103 4509 quinto
1173 4420 1454 4492 demum
1522 4420 1633 4490 die
1682 4434 2048 4511 postquam
2113 4421 2283 4493 illuc
2333 4433 2647 4504 venerat,
2702 4444 2861 4492 cum
2913 4442 3179 4513 magna
