3357 4995
225 341 446 407 JUNII
492 341 585 406 24.
1040 392 1047 399 .
2545 339 2661 406 50⁴

519 601 718 685 ΕΠ]
720 603 865 683 SD.
926 600 1313 683 VENER.
1371 600 2166 684 PRAECURSORIS
2218 602 2460 684 DOM.

622 818 1047 888 ENCOMIUM
1097 820 1257 885 PER
1305 820 1369 885 S.
1421 819 1643 886 JOAN.
1701 817 2362 887 CHRYSOSTOMUM

1044 1032 1335 1094 HABRTUR
1379 1033 1447 1084 m
1494 1031 1968 1082 MRTAPHRASTE.

313 1253 353 1338 ἓ
400 1258 472 1324 1.
528 1249 703 1320 Festi
772 1248 1168 1319 celebrandi
1215 1262 1279 1319 et
1330 1250 1644 1340 publicae
1706 1249 2000 1320 laetitiae
2075 1250 2223 1319 dies
2283 1263 2385 1320 est
2432 1261 2761 1352 opportu—

233 1362 388 1420 nus,
442 1340 511 1408 in
549 1361 686 1426 quo
736 1338 906 1407 mihi
951 1350 1335 1408 revocatum
1387 1353 1489 1408 est
1536 1339 1605 1406 in
1645 1340 2048 1408 memoriam
2086 1339 2421 1410 Gabrielis
2454 1340 2762 1410 ministe-

227 1430 435 1511 rium,
474 1439 539 1498 et
586 1426 946 1497 Zachariae
976 1425 1462 1496 sacerdotium.
1507 1432 1736 1517 Nuper
1787 1428 1973 1497 enim
2037 1428 2361 1498 audivisti
2403 1429 2761 1519 Evangeli-

225 1530 400 1587 stam
449 1516 821 1597 dicentem,
883 1515 1074 1600 Quod
1125 1515 1485 1585 Zachariae
1528 1516 1886 1606 obtigerat,
1938 1527 2016 1585 ut
2079 1516 2343 1587 suffiret
2402 1515 2761 1607 ingressus

224 1606 296 1675 in
348 1605 680 1694 templum
732 1605 887 1673 Dei:
940 1610 1016 1674 Et
1063 1604 1383 1674 universa
1457 1604 1827 1674 multitudo
1896 1606 2295 1696 expectabat
2339 1617 2526 1675 extra
2589 1616 2762 1675 tem-

224 1694 419 1786 plum
472 1694 639 1762 hora
668 1691 964 1763 suffitus
1002 1697 1078 1761 Et
1116 1693 1305 1763 visus
1341 1705 1442 1763 est
1478 1694 1539 1761 ei
1589 1693 1879 1784 angelus
1911 1695 2181 1763 Domini
2208 1707 2395 1764 stans
2426 1716 2466 1763 a
2505 1693 2761 1764 dextris

223 1783 460 1853 altaris
508 1779 806 1853 suffitus.
859 1787 935 1851 Et
980 1784 1434 1870 conturbatus
1480 1795 1582 1852 est
1630 1783 1870 1852 videns
1918 1782 2301 1862 Zacharias,
2338 1793 2403 1852 et
2434 1783 2640 1853 timor
2671 1784 2762 1853 ir-

225 1873 365 1941 ruit
396 1892 604 1962 super
665 1870 921 1961 ipsum.
966 1870 1040 1940 Ei
1090 1882 1315 1940 autem
1370 1871 1540 1940 dixit
1587 1871 1921 1962 Angelus:
1973 1877 2068 1941 Ne
2125 1874 2360 1942 timeas
2393 1874 2755 1954 Zacharia,

223 1963 538 2062 quoniam
586 1961 920 2029 eoeaudica
967 1969 1075 2029 est¹
1111 1960 1486 2050 deprecatio
1533 1971 1674 2029 tua.
1731 1960 2259 2049 Ejicit*metum,
2312 1974 2378 2030 et
2406 1960 2556 2050 ers
2611 1960 2761 2031 loco

225 2049 449 2150 injicit
496 2047 939 2117 desiderium.
995 2052 1159 2117 Nam
1200 2069 1358 2117 cum
1392 2048 1696 2129 dixisset,
1736 2052 1826 2118 Ne
1853 2049 2134 2118 timeas:
2186 2071 2320 2119 non
2372 2049 2605 2130 tacuit,
2639 2049 2759 2119 sed

226 2151 430 2208 etiam
487 2137 897 2227 precationis
928 2136 1199 2206 lucrum
1235 2137 1649 2225 significavit
1694 2137 2046 2228 (exaudita
2092 2148 2193 2206 est
2238 2135 2450 2220 enim,
2506 2138 2756 2224 inquit,

225 2225 615 2315 deprecatio
684 2225 867 2314 tua).
930 2225 1333 2308 Quodnam?
1399 2228 1728 2296 Leviticae
1787 2226 2009 2295 tribus
2075 2247 2164 2295 au
2215 2238 2609 2296 umentum.
2679 2232 2763 2296 Et

226 2336 369 2383 ecce
433 2336 613 2384 umor
676 2325 797 2383 tua
853 2316 1203 2384 Elizabeth
1268 2318 1489 2406 pariet
1546 2317 1808 2405 filium,
1874 2325 1936 2384 et
2002 2337 2165 2384 voca
2212 2317 2269 2383 is
2334 2337 2568 2383 nomen
2615 2317 2764 2404 ejus

225 2408 573 2472 Joannem.

311 2493 347 2579 ἓ
398 2496 487 2562 2.
539 2495 590 2562 O
638 2490 1045 2562 admirabile
1094 2504 1159 2561 et
1214 2493 1583 2582 mysticum
1622 2490 2061 2561 miraculum.
2118 2491 2352 2561 Merito
2401 2490 2763 2563 Zacharias

229 2580 709 2651 ratiocinando
753 2593 818 2652 et
864 2603 943 2651 co
994 2581 1229 2650 itando
1290 2582 1697 2671 impedituS,
1767 2601 1837 2650 re
1888 2581 2173 2671 ugnavit
2225 2579 2502 2671 Angelo.
2558 2580 2759 2650 Aliud

228 2670 414 2739 enim
468 2670 772 2761 rogabat,
817 2681 881 2738 et
927 2693 964 2739 a
1000 2669 1113 2740 iud
1166 2671 1450 2759 accepit.
1488 2675 1615 2739 Pro
1645 2691 1827 2760 popu
1862 2692 1900 2739 o
1937 2670 2368 2760 precabatur,
2424 2682 2489 2739 et
2539 2669 2764 2739 nomi-

230 2758 528 2828 nabatur
559 2772 752 2848 pater
797 2758 948 2827 filii.
1014 2759 1392 2841 Quaerebat
1433 2759 1700 2827 veniam
1754 2771 2212 2848 peccatorum,
2279 2770 2344 2828 et
2394 2759 2573 2828 uteri
2629 2768 2766 2828 ste—

226 2847 380 2916 rilis
411 2848 674 2937 accepit
710 2847 1272 2936 promissionem.
1328 2847 1678 2917 Maluisset
1725 2846 2048 2916 Zacharia
2075 2847 2303 2916 curari
2339 2848 2609 2919 animas
2655 2847 2765 2915 in·-

226 2934 565 3015 fidelium,
615 2956 822 3023 quam
874 2935 1329 3006 intumescere
1368 2952 1635 3005 uterum
1671 2935 2122 3005 Elizabethae.
2163 2936 2395 3005 Merito
2442 2957 2605 3026 ergo
2635 2934 2767 3005 fuit

226 3024 699 3094 conturbatus,
754 3029 909 3094 Erat
962 3024 1145 3094 enim
1200 3023 1402 3093 homo
1450 3024 1754 3094 serviens
1805 3024 2201 3105 mutationi,
2255 3025 2522 3094 etiamsi
2585 3036 2765 3094 esset

227 3111 583 3203 praeditus
615 3113 947 3203 dignitate
978 3113 1402 3184 sacerdotali.
1464 3113 1719 3182 Deinde
1772 3113 1978 3183 etiam
2028 3114 2213 3203 apud
2266 3134 2337 3182 se
2384 3112 2755 3203 cogitabat,

226 3217 567 3288 quaenam
604 3212 781 3271 esset
814 3201 1034 3271 aliena
1070 3214 1133 3271 et
1182 3201 1615 3272 admirabilis
1660 3202 1789 3270 viri
1818 3200 2028 3272 visio:
2080 3201 2406 3289 quisnam
2458 3202 2516 3271 is
2554 3213 2755 3283 esset,

228 3290 349 3377 qui
390 3290 632 3360 audaci
683 3290 854 3381 pede
904 3290 970 3358 in
1015 3312 1288 3360 sacrum
1345 3291 1676 3381 templum
1736 3291 2190 3360 ascendebat:
2295 3290 2403 3360 uis
2455 3290 2511 3359 is
2557 3302 2760 3372 esset,

226 3379 349 3466 qui
384 3401 424 3447 a
452 3379 707 3536 (ἐξηγῇ
754 3378 991 3449 altaris
1037 3378 1309 3449 suffitus
1341 3392 1613 3462 astaret,
1661 3392 1987 3467 tanquam
2016 3380 2137 3467 qui
2173 3401 2269 3449 nu
2303 3379 2350 3448 li
2389 3391 2567 3449 esset
2608 3401 2766 3469 pec-

228 3478 379 3538 cato
427 3490 464 3537 a
547 3488 676 3537 ms.
736 3500 737 3503 ¹

315 3558 354 3643 ἓ
400 3560 491 3627 8.
545 3557 712 3638 Quis
772 3556 885 3626 hic
932 3567 1056 3638 est,
1109 3556 1353 3647 ajebat,
1414 3558 1534 3644 qui
1574 3556 1819 3628 alienis
1880 3569 1946 3627 et
1983 3555 2273 3627 diversis
2328 3555 2572 3627 formis
2635 3556 2768 3626 cir-

229 3645 580 3714 cumcirca
653 3658 993 3726 coruscat,
1067 3656 1131 3714 et
1190 3657 1375 3715 metu
1426 3667 1644 3715 meam
1709 3646 2106 3736 comprimit
2173 3644 2533 3715 animam?
2580 3650 2768 3716 Nun-

229 3753 441 3821 quam
484 3754 610 3825 ego
656 3734 841 3803 enim
877 3733 1016 3803 vidi
1052 3755 1193 3803 rem
1238 3746 1372 3803 tam
1417 3733 1935 3805 admirabilem:
1977 3734 2419 3804 hominemne
2472 3733 2761 3816 alatum,

229 3842 318 3891 an
372 3822 719 3894 volucrem
771 3821 1078 3892 humana
1130 3821 1352 3893 forma
1402 3821 1841 3913 praeditum?
1890 3822 2068 3906 Quid
2120 3822 2249 3893 hoc
2302 3822 2430 3904 sit,
2491 3822 2757 3891 dubito.

234 3911 361 3978 Mei
405 3912 589 3981 enim
642 3909 915 3982 suffitus
962 3911 1231 3981 videtur
1266 3933 1415 3982 esse
1462 3911 1717 4012 aliquis
1765 3911 2173 4002 speculator,
2226 3923 2291 3980 et
2341 3931 2530 3981 meae
2562 3911 2770 3980 inter-

234 3999 529 4068 cessioni
574 4020 727 4070 esse
784 3999 1299 4090 impedimento.
1353 3999 1595 4090 Populi
1646 3999 2018 4071 multitudo
2051 4022 2158 4070 me
2192 3998 2360 4069 foris
2398 4021 2604 4070 orans
2651 4021 2768 4069 ex-

233 4098 480 4177 pectat,
516 4100 844 4176 tanquam
896 4088 1193 4158 scribam
1236 4088 1548 4159 coelestis
1589 4089 1816 4179 Regis,
1869 4100 1934 4158 et
1981 4089 2094 4158 hic
2133 4110 2243 4160 me
2275 4089 2466 4161 intus
2497 4087 2763 4159 retinet.

232 4178 360 4244 Per
406 4195 515 4245 me
559 4177 705 4268 regi
752 4198 989 4268 preces
1017 4177 1332 4259 offerunt,
1389 4177 1653 4247 veniam
1693 4190 1994 4268 petentes
2047 4178 2500 4248 delictorum:
2547 4189 2612 4246 et
2660 4177 2768 4246 in-

229 4275 459 4333 certus
506 4284 687 4348 sum,
730 4288 815 4334 an
853 4266 1107 4356 possim
1140 4267 1409 4368 explere
1458 4266 1697 4356 populi
1732 4266 2182 4349 desiderium,
2220 4277 2286 4336 et
2315 4287 2465 4336 meo
2498 4264 2770 4335 satisfa-

227 4368 384 4423 cere
429 4351 696 4424 officio:
738 4366 804 4424 et
833 4354 949 4425 hic
972 4354 1276 4427 constitit
1302 4375 1552 4425 novum
1588 4355 1762 4424 mihi
1808 4355 2101 4426 afferens
2150 4356 2511 4426 nuncium.
2563 4358 2763 4425 Cessa

226 4441 558 4531 deinceps
603 4454 702 4523 tu,
753 4443 874 4530 qui
904 4464 1013 4514 me
1059 4454 1294 4516 terres.
1334 4444 1400 4514 Si
1434 4444 1619 4515 enim
1654 4466 1841 4518 esses
1871 4468 1913 4515 a
1961 4450 2093 4516 Deo
2141 4444 2400 4516 missus
2432 4441 2756 4533 AngeluS,
