3357 4995
169 321 363 388 JUNII
409 323 448 386 4
792 339 872 386 ns
920 339 974 386 s.
1031 337 1376 389 rnanmsco
1423 339 1809 391 cAaaccloLo
1858 340 2040 390 conr.
2081 289 2094 302 ’
2483 328 2609 392 105

174 424 374 504 Spiritu
415 425 481 489 S.
524 424 911 504 disponente,
956 427 1059 517 qui
1106 443 1229 490 non
1260 429 1490 507 patitur
1529 437 1882 491 sanctorum
1924 443 2180 490 suorum
2207 428 2465 506 gloriam
2506 431 2701 494 occul-

178 506 293 578 tari,
329 513 606 585 tempore
648 506 997 568 innocentii
1042 506 1091 567 11
1133 506 1239 587 Pp.
1285 510 1460 585 (ante
1498 508 1653 571 med.
1682 524 1820 571 saec
1862 506 2011 588 XII)
2053 507 2357 572 Ecclesiae
2385 508 2447 570 S.
2474 510 2698 574 Mariae

175 595 313 647 trans
351 586 647 666 Tyberim
692 586 1013 649 fundentis
1052 585 1255 650 oleum
1298 585 1640 650 fundatoris
1682 589 1925 667 quando
1966 587 2179 653 eadem
2219 587 2471 651 ecclesia
2513 590 2699 655 fabri-

171 664 487 740 cabatur...,
530 666 787 729 consilio
827 672 889 728 et
931 666 1217 730 mandato
1257 667 1528 745 ejusdem
1572 667 2003 732 PontificiS.....
2053 683 2198 729 cum
2250 683 2469 746 magna
2517 686 2700 733 reve-

171 746 331 808 rentia
372 746 742 808 levaverunt
782 760 1002 823 corpus
1043 746 1459 829 gloriosissimi
1525 746 1768 821 Quirini
1810 745 2008 827 Episc.
2059 755 2122 809 et
2169 747 2489 826 Martyris,
2537 749 2699 828 quod

169 823 494 888 detulerunt
535 825 605 887 in
649 825 1017 904 praedictam
1063 825 1377 890 ecclesiam
1404 875 1421 898 ,
1463 843 1533 888 ac
1574 842 1717 890 cum
1759 828 2014 907 hymnis
2073 836 2137 890 et
2199 827 2582 892 orationibus
2634 828 2696 891 in

168 904 347 981 majori
389 905 569 968 altari
600 905 793 981 ejusd.
841 905 1125 969 ecclesiae
1156 906 1588 970 condiderunt.

384 1211 634 1313 VlTA
701 1212 778 1311 S.
851 1210 1383 1314 FRANClSCl
1450 1210 2081 1344 ⁴CARACClOLO
2152 1211 2440 1314 CONF.

748 1450 1070 1500 CLERICOR.
1122 1449 1308 1499 REGG.
1363 1452 1653 1500 MINORUM
1701 1451 2098 1500 FUNDATORIS

878 1595 895 1604 ,
961 1558 1157 1608 JUXTA
1203 1557 1582 1607 CANONIZAT.
1636 1558 1884 1606 BULLAM

607 1666 649 1712 A
698 1665 800 1713 Plo
847 1667 1008 1714 PAPA
1053 1666 1144 1713 vn
1190 1662 1466 1714 INEUNTR
1512 1666 1623 1718 xlx
1672 1665 1951 1714 sancum
1999 1665 2232 1714 EDITAM

894 1826 1080 1885 Obiit
1139 1841 1319 1884 anno
1361 1830 1526 1884 1608
1571 1856 1642 1867 -
1706 1828 1948 1884 Italus.

233 2013 268 2097 ξ
311 2015 389 2082 1.
444 2013 617 2079 Cum
669 2006 871 2078 multi
914 2008 1107 2077 omni
1155 2019 1371 2078 aetate
1411 2007 1542 2076 viri
1585 2007 1839 2078 eximia
1893 2008 2069 2082 vitae
2121 2007 2499 2077 claruerint
2537 2029 2697 2077 san-

159 2098 499 2177 ctimonia,
551 2096 811 2184 quibus
845 2096 1344 2186 pretiosissima
1373 2096 1442 2164 in
1492 2096 1704 2166 coelis
1729 2117 1980 2166 corona
1995 2096 2304 2186 Justitiae
2337 2119 2378 2165 a
2411 2098 2698 2167 Domino

155 2185 414 2255 reddita
457 2197 583 2265 est,
624 2185 1056 2272 honoresque
1104 2185 1562 2255 venerationis
1601 2185 1673 2253 in
1727 2185 1923 2262 terris
1954 2185 2246 2256 solemni
2273 2185 2413 2255 ritu
2443 2185 2699 2256 decreti

156 2283 330 2355 sunu
371 2274 790 2374 peculiarem
842 2285 1068 2343 tamen
1119 2273 1255 2343 sibi
1312 2274 1540 2344 locum
1595 2273 1951 2343 vindicant
2009 2279 2104 2344 Re
2156 2274 2457 2344 ularium
2500 2275 2699 2344 ordi-

158 2385 317 2433 num
368 2362 815 2442 lustitutores,
855 2362 978 2448 qui
1017 2384 1179 2432 voce
1213 2362 1581 2432 Salvatoris
1626 2363 1850 2433 Nostri
1880 2368 2047 2434 Jesu
2079 2367 2121 2432 C
2180 2363 2326 2432 risti
2360 2362 2697 2434 admoniti

157 2452 222 2520 in
279 2450 631 2543 evangelio
697 2450 1030 2532 dicentis,
1086 2472 1380 2522 messem
1441 2450 1725 2538 quidem
1774 2473 1927 2523 esse
1974 2451 2293 2532 multam,
2345 2453 2698 2541 operarios

157 2552 375 2612 autem
416 2562 700 2630 paucos,
752 2552 817 2610 et
863 2540 1199 2630 Apostolis
1228 2539 1733 2630 discipulisque
1786 2541 1934 2613 suis
1982 2541 2494 2629 praecipientis,
2531 2554 2611 2611 ut
2658 2564 2700 2610 a

161 2630 436 2699 Domino
481 2629 730 2699 messis
763 2628 1115 2720 operarios
1163 2628 1341 2699 mitti
1384 2642 1645 2720 rogent,
1696 2651 1834 2698 non
1874 2628 2100 2701 solum
2162 2628 2300 2718 ipsi
2400 2650 2474 2697 ro
2515 2629 2698 2700 virili

160 2718 435 2806 partein
469 2739 637 2809 agro
670 2718 1026 2788 Dominico
1070 2717 1443 2788 excolendo
1503 2730 1858 2788 strenuam
1909 2739 2189 2808 operam
2239 2717 2343 2786 col
2377 2729 2692 2799 ocarunt‚

163 2828 383 2877 verum
430 2808 501 2875 in
548 2806 785 2877 futura
835 2807 1040 2877 etiam
1077 2816 1388 2897 tempora
1422 2806 1944 2898 prospicientes,
1998 2806 2161 2897 igne
2207 2804 2485 2876 divinae
2530 2807 2699 2878 cha-

166 2895 366 2992 ritatis
416 2895 709 2977 incensi,
760 2907 828 2965 et
873 2894 1094 2997 gratia
1146 2895 1463 2966 Paracliti
1513 2895 1813 2986 Spiritus
1870 2895 2173 2966 roborati
2220 2894 2698 2966 sanctissimas

166 2982 303 3053 lllas
349 2985 705 3055 societates
752 2985 1224 3065 instituerunt,
1263 2984 1334 3053 in
1366 3006 1540 3072 quas
1569 2983 1818 3056 adsciti
1874 2984 2215 3065 homines,
2268 2995 2334 3053 et
2381 2996 2695 3055 votorum

168 3072 474 3163 religione
531 3072 867 3154 adstricti,
901 3073 1021 3142 alii
1069 3073 1247 3144 vitae
1291 3072 1864 3163 contemplativae
1905 3084 2075 3143 totos
2125 3094 2196 3145 se
2259 3071 2693 3154 devoverent,

169 3160 271 3230 alii
315 3183 466 3232 vero
499 3163 684 3233 hanc
728 3163 826 3232 ita
871 3173 1344 3249 sequerentur,
1382 3174 1461 3233 ut
1508 3161 1717 3233 simul
1768 3162 1857 3232 iis
1914 3163 2117 3232 etiam
2173 3161 2579 3233 ministeriis
2626 3183 2700 3232 se

170 3251 646 3341 manciparent,
692 3272 871 3339 quae
919 3251 1388 3340 proximorum
1442 3250 1649 3321 saluti
1707 3251 2185 3341 procurandae
2230 3249 2433 3320 utilia
2470 3262 2700 3321 essent

171 3350 354 3425 atque
395 3352 812 3431 opportuna.
1753 3342 1754 3345 ’
2335 3406 2344 3415 .

245 3429 411 3527 ᾗ).
463 3435 694 3516 Neque
738 3428 923 3497 enim
974 3426 1436 3498 honorificum
1471 3427 1828 3499 dumtaxat
1874 3442 1976 3500 est
2024 3427 2370 3499 Ecclesiae
2399 3449 2699 3517 sponsae

174 3513 417 3601 Christi,
466 3539 647 3606 quae
702 3517 1134 3588 circumdata
1181 3516 1502 3587 varietate
1564 3518 1636 3588 in
1702 3519 1920 3588 sacris
1981 3517 2199 3589 literis
2249 3515 2694 3599 describitur,

176 3606 557 3697 praecipuos
590 3605 1069 3702 religiosarum
1103 3604 1527 3677 familiarum
1574 3606 1980 3678 fundatores
2008 3607 2103 3677 ita
2137 3603 2551 3697 perfectione
2597 3606 2699 3674 vi-

177 3701 290 3772 tae,
324 3706 384 3764 et
428 3694 908 3787 prodigiorum
957 3693 1359 3765 coelestium
1409 3696 1634 3787 gratia
1681 3695 2114 3779 excelluisse,
2169 3706 2243 3765 ut
2281 3693 2352 3764 in
2416 3698 2699 3766 Sancto·

177 3798 315 3878 rum
354 3804 720 3856 numerum
776 3782 1016 3855 referri
1075 3783 1476 3866 meruerint,
1538 3806 1781 3856 verum
1821 3784 2147 3855 universo
2190 3804 2469 3871 quoque
2527 3783 2699 3854 fide-

180 3864 333 3968 lium
394 3873 617 3947 coetui
662 3873 1117 3945 utilissimum
1178 3884 1304 3954 est,
1367 3874 1477 3954 iis,
1552 3875 1757 3943 vitam
1826 3872 2272 3944 laudabiliter
2331 3884 2581 3953 actam,
2636 3883 2702 3942 et

178 3969 436 4052 virtutes
479 3984 718 4034 eorum
766 3961 1145 4033 imitandas
1190 3964 1506 4053 proponi,
1544 3985 1584 4032 a
1630 3962 1892 4051 quibus
1935 3974 2028 4033 tot
2075 3959 2469 4052 spiritualia
2517 3961 2701 4031 dona

180 4065 240 4113 ιιι
285 4048 686 4123 christianos
734 4049 1032 4142 populos
1079 4049 1504 4132 derivarunt,
1542 4050 1888 4129 etadhuc
1935 4073 2059 4142 per
2102 4070 2343 4122 eorum
2378 4050 2700 4120 alumnos

182 4152 248 4203 ex
291 4136 574 4211 instituti
604 4140 717 4211 sui
748 4139 1022 4231 legibus
1050 4140 1123 4210 in
1171 4139 1374 4211 vinea
1406 4140 1681 4212 Domini
1730 4140 2029 4212 Sabaoth
2059 4139 2341 4210 assidue
2376 4139 2698 4209 laboran-

184 4230 267 4292 tes
310 4225 648 4299 uberrime
694 4249 979 4300 manare
1012 4250 1149 4299 non
1199 4241 1494 4300 cessant.
1548 4227 1752 4311 Quid,
1806 4229 1995 4316 quod
2042 4227 2472 4320 reginarium
2499 4226 2701 4297 insti-

184 4320 460 4410 tutorum
494 4316 760 4387 alumni
787 4316 1243 4388 validioribus
1292 4317 1597 4388 stimulis
1650 4317 1736 4386 ad
1794 4317 2210 4388 currendam
2261 4315 2700 4408 perfectionis

183 4417 348 4471 viam
392 4426 532 4476 sese
576 4406 858 4478 excitari
909 4405 1241 4489 sentiunt,
1308 4405 1478 4476 dum
1536 4405 1905 4497 magistros
1936 4461 1953 4489 ,
2018 4417 2474 4497 parentesque
2536 4423 2700 4475 suos
