3357 4995
608 284 737 352 346
1129 300 1208 348 nn
1255 300 1346 348 ss,
1401 297 1566 360 vno,
1620 297 2002 348 cansarum
2048 299 2126 350 nr
2172 298 2455 348 nonasro
2713 283 2751 348 J
2761 283 2935 350 UNII
2984 284 3068 350 ⁴5

522 383 930 456 videbantur
958 383 1029 453 in
1078 404 1157 452 eo
1204 381 1401 471 quasi
1427 381 1793 454 duodecim
1819 382 2105 485 lapides,
2138 383 2353 454 nimio
2383 381 2651 475 fulgore
2676 383 3065 457 radiantes:

523 495 983 565 aspersusque
1012 471 1084 541 in
1123 493 1203 542 eo
1249 484 1351 543 est
1397 472 1567 543 odor
1620 472 2120 554 suavissimuS,
2177 472 2271 543 ita
2301 484 2380 543 ut
2425 485 2617 564 pater
2664 475 2887 544 sancti
2938 474 3073 546 Viti

522 563 890 651 omnisque
960 560 1221 631 familia
1269 583 1433 631 cum
1483 562 1748 652 ingenti
1810 561 2263 632 admiratione
2323 561 2752 633 clamarent:
2819 568 3067 654 Papae,

521 670 904 740 numquam
956 671 1081 720 nec
1121 650 1191 718 in
1243 648 1527 720 deorum
1583 650 1860 743 templis
1907 661 2093 722 tanta
2125 649 2475 721 mirabilia
2510 649 2834 721 vidimus.
2888 656 3073 723 Atto-

521 739 848 829 nitusque
894 738 1130 829 Hylas,
1166 737 1377 810 dixit:
1431 739 1535 808 Dii
1581 750 1913 811 venerunt
1949 739 2019 808 in
2069 740 2378 822 domum·
2414 759 2638 809 meam
2694 737 2781 809 ad
2840 739 3073 812 filium

521 833 781 909 meum;
834 828 1193 920 coepitque
1239 828 1510 899 curiose
1556 829 1928 909 attendere,
1965 849 2086 918 per
2114 828 2366 898 ostium
2419 828 2795 920 respiciens
2834 828 2902 898 in
2946 852 3076 901 cu-

520 916 871 988 biculum:
938 916 1237 1005 viditque
1303 916 1586 1006 angelos
1632 916 1998 986 duodecim
2059 917 2275 988 alatos
2344 916 2565 987 instar
2620 916 3067 1005 aquilarum,

520 1004 1009 1076 inaestimabili
1061 1004 1578 1095 pulchritudine
1607 1018 1673 1076 et
1721 1004 2086 1095 splendore
2136 1004 2504 1088 radiantes,
2549 1017 3068 1095 cantantesque,

522 1099 835 1174 Sanctus,
891 1099 1203 1175 Sanctus,
1259 1098 1572 1164 Sanctus.
1625 1099 1719 1164 Eo
1766 1106 1993 1165 autem
2045 1093 2413 1186 splendore
2448 1094 2599 1252 e11us
2638 1093 2874 1165 oculos
2920 1116 3073 1186 per-

521 1184 939 1275 stringente,
991 1195 1392 1253 excaecatus
1444 1194 1569 1264 est,
1626 1182 2006 1271 didicitque
2053 1195 2314 1254 secreta
2360 1205 2479 1254 coe
2509 1182 2681 1253 estia
2743 1204 2878 1252 non
2926 1183 3064 1255 nisi

522 1295 696 1364 puro
747 1271 997 1343 mentis
1042 1270 1231 1362 cerni
1272 1292 1472 1363 posse
1533 1271 1813 1342 intuitu.
1867 1276 1943 1343 At
1990 1271 2233 1342 beatus
2283 1293 2452 1361 puer
2498 1272 2727 1353 Vitus,
2791 1271 3068 1364 pietatis

524 1360 779 1431 ductus
824 1361 1093 1443 affectu,
1143 1382 1263 1451 pro
1313 1372 1503 1450 patre
1534 1383 1660 1431 suo
1691 1360 1888 1431 enixe
1913 1361 2174 1430 orabat.¹
2211 1365 2407 1430 Pater
2451 1373 2680 1431 autem
2714 1360 2867 1451 ejus
2902 1383 3069 1450 prae

523 1449 739 1519 nimio
785 1448 1020 1519 dolore
1066 1448 1481 1520 clamitans:
1536 1453 1707 1531 Heu,
1767 1449 2014 1537 inquit,
2064 1449 2333 1540 perdidi
2384 1448 2618 1519 lumen
2671 1448 3061 1532 oculorum,

520 1549 586 1607 et
633 1538 893 1628 ingenti
940 1537 1174 1607 dolore
1220 1550 1425 1625 atque
1456 1538 1780 1629 angustia
1831 1554 2170 1626 torqueor.
2226 1537 2598 1628 Plangebat
2645 1538 2903 1627 pariter
2934 1537 3063 1607 do-

522 1626 792 1697 minum
826 1649 1031 1697 suum
1069 1649 1419 1699 servorum
1469 1639 1535 1696 et
1564 1626 1978 1697 ancillarum
2021 1626 2324 1719 plurima
2355 1626 2750 1707 multitudo,
2805 1626 3071 1718 quippe
3158 1681 3164 1685 .

521 1716 945 1786 cruciatibus
989 1727 1055 1785 et
1099 1714 1486 1786 ululatibus
1536 1715 2018 1786 miserabiliter
2060 1730 2396 1785 vexatum.

613 1812 649 1886 ἓ
698 1812 784 1878 5.
839 1803 932 1873 Ad
974 1826 1133 1874 cum
1184 1816 1413 1875 autem
1472 1803 1842 1875 clamorem
1894 1804 2064 1875 adeo
2111 1815 2455 1875 commota
2504 1816 2607 1874 est
2668 1803 2946 1886 civitas,
2990 1816 3070 1873 ut

522 1893 729 1964 etiam
778 1892 1180 1963 Valerianus
1212 1898 1491 1964 Praeses
1537 1891 1623 1962 ad
1672 1915 1871 1964 voces
1909 1892 2232 1963 commoti
2277 1891 2519 1983 populi
2557 1893 2641 1963 ad
2686 1891 2901 1982 Hylae
2945 1890 3070 1963 do-

523 2004 714 2052 mum
756 1984 876 2071 pro
927 2003 1039 2051 ere
1071 1994 1500 2051 accurreret:
1553 2004 1853 2069 cumque
1886 2002 2045 2052 eum
2081 1980 2362 2052 vidisset
2408 1982 2584 2051 inter
2633 2003 2885 2051 manus
2919 2003 3067 2051 ser-

523 2069 843 2141 vulorum
923 2070 1283 2142 uminibus
1331 2070 1674 2150 orbatum,
1710 2084 1775 2140 et
1823 2069 2083 2161 ingenti
2133 2069 2423 2140 stridore
2455 2068 2894 2151 clamantem,
2960 2092 3072 2140 so·

521 2158 704 2229 licite
751 2158 1179 2250 perquisivit,
1231 2159 1516 2247 quinam
1566 2159 1634 2228 id
1673 2159 1773 2228 illi
1823 2159 2208 2242 accidisset.
2264 2157 2639 2249 Respondit
2691 2158 2755 2227 ei
2804 2157 3060 2248 Hylas:

520 2271 556 2314 «
588 2252 665 2318 ln
713 2246 1039 2318 cubiculo
1089 2259 1479 2318 manentem
1515 2246 1737 2317 filium
1779 2269 2008 2317 meum
2059 2248 2329 2317 curiose
2375 2246 2875 2338 contemplans,
2923 2246 3071 2317 vidi

519 2337 706 2419 deos,
750 2358 1047 2425 quorum
1098 2335 1283 2406 oculi
1347 2349 1542 2406 erant
1590 2336 1808 2405 instar
1856 2335 2208 2406 stellarum
2238 2391 2255 2418 ,
2316 2347 2381 2405 et
2429 2349 2749 2428 aspectus
2806 2335 3067 2406 similis

519 2423 803 2517 fulguri.
851 2431 1138 2496 Tantum
1184 2435 1411 2497 autem
1466 2423 1901 2517 splendorem
1953 2423 2128 2494 ferre
2176 2446 2310 2495 non
2363 2423 2618 2508 valens,
2670 2423 2907 2494 infelix
2957 2424 3066 2493 ni-

522 2516 656 2585 mis
681 2514 918 2585 oculos
944 2514 1221 2585 amisi.»
1246 2513 1650 2585 Valerianus
1673 2515 1804 2584 ait:
1848 2519 2218 2597 «Potentes,
2254 2526 2333 2584 ut
2364 2515 2640 2596 asseris,
2674 2513 2774 2583 dii
2799 2513 3064 2585 suere.»

517 2605 721 2674 Duxit
765 2615 994 2674 autem
1044 2604 1246 2674 illum
1294 2626 1452 2674 cum
1486 2603 1702 2674 servis
1731 2604 1883 2693 ejus
1915 2602 2000 2673 ad
2038 2602 2372 2695 templum
2407 2603 2614 2685 Jovis,
2666 2615 2824 2672 ante
2862 2604 3069 2693 cujus

517 2714 708 2762 aram
757 2707 987 2764 votum
1060 2692 1490 2783 nuncupavit
1535 2692 1747 2782 Hylas
1778 2747 1794 2774 ,
1846 2691 2130 2762 dicens:
2187 2714 2223 2759 «
2263 2692 2536 2782 Jupiter
2609 2691 3066 2762 invictissime

517 2780 714 2863 deus,
780 2781 838 2854 si
882 2781 1053 2850 mihi
1102 2780 1486 2852 reddideris
1533 2779 1770 2850 lumen
1829 2781 2188 2851 oculorum
2222 2835 2237 2860 ,
2293 2779 2605 2851 victimas
2652 2780 3062 2852 innumeras

469 2894 478 2901 “
517 2870 800 2940 offeram
854 2869 1015 2940 tibi:
1068 2881 1484 2958 taurumque
1528 2869 1945 2940 conflatilem
1986 2891 2146 2939 cum
2182 2869 2510 2941 cornibus
2542 2869 2796 2951 aureiS,
2834 2883 2900 2939 et
2930 2869 3068 2938 vir-

517 2959 715 3049 gines
749 2980 1005 3040 sacraS,
1056 2981 1096 3028 o
1128 2956 1257 3028 dea
1293 2963 1512 3039 Vesta,
1569 2958 1692 3028 tibi
1726 2957 1994 3038 dicab0,
2032 2980 2195 3028 cum
2245 2971 2467 3027 vestro
2498 2978 2615 3027 ero
2664 2957 2907 3027 solatio
2942 2980 3069 3049 po-

517 3048 750 3117 tituS.»
793 3046 923 3117 Sed
970 3068 1130 3117 cum
1172 3045 1348 3122 nihil
1384 3046 1665 3117 sentiret
1721 3046 2030 3127 remedii,
2084 3047 2298 3116 immo
2330 3067 2487 3117 vero
2534 3046 2739 3121 etiam
2780 3045 3068 3117 acriori-

517 3134 650 3205 bus
678 3134 996 3207 dolorum
1047 3134 1349 3205 stimulis
1387 3148 1772 3226 urgeretur,
1804 3135 2045 3205 beatus
2076 3156 2247 3227 puer
2271 3136 2463 3205 Vitus
2498 3156 2726 3225 genua
2750 3136 3063 3216 flectens,

519 3224 884 3294 Dominum
922 3224 1021 3293 sic
1058 3224 1321 3295 orabat:
1376 3246 1412 3291 «
1445 3224 1575 3308 Qui
1623 3225 1904 3294 Tobiam
1962 3222 2378 3295 illuminasti
2419 3224 2726 3305 Domine,
2791 3223 2898 3294 sac
2934 3223 3069 3293 mi-

518 3312 961 3383 sericordiam
1013 3333 1173 3382 cum
1206 3325 1396 3403 patre
1431 3334 1604 3394 me0‚
1644 3313 1703 3383 si
1753 3313 1876 3383 tibi
1923 3313 2416 3383 consenserit.»
2449 3313 2614 3383 Deni
2666 3332 2752 3383 ue
2791 3313 2877 3383 ad
2905 3335 3066 3383 aras

517 3400 935 3472 daemonum
966 3400 1171 3490 Hylas
1218 3400 1482 3472 diutius
1532 3401 1829 3471 inaniter
1883 3400 2220 3482 clamans»,
2277 3399 2551 3471 tandem
2664 3423 2903 3472 omum
2954 3423 3065 3472 re-

516 3490 818 3570 ducitur,
858 3490 979 3560 ubi
1017 3490 1258 3560 beatus
1305 3490 1497 3561 Vitus
1544 3489 1966 3561 sacrificium
2017 3489 2247 3561 laudis
2274 3490 2562 3560 Domino
2609 3490 2896 3561 sedulus
2929 3489 3067 3558 im-

516 3578 863 3650 molabat:
922 3578 1347 3669 prociditque
1385 3578 1471 3649 ad
1505 3601 1735 3669 genua
1773 3578 1951 3649 beati
1988 3577 2208 3669 pueri,
2261 3591 2327 3648 et
2366 3578 2460 3650 ait
2495 3602 2509 3646 :
2552 3578 2742 3658 «Fili,
2791 3578 3065 3655 salvum

516 3689 627 3736 ine
651 3666 832 3739 fac.»
864 3672 930 3738 S.
965 3668 1154 3738 Vitus
1173 3665 1368 3739 dixit:
1401 3668 1641 3737 «Visne
1671 3689 1887 3738 sanus
1919 3666 2069 3737 fieri
2107 3670 2368 3758 pater?»
2410 3666 2787 3758 Respondit
2821 3667 3062 3758 Hylas:

519 3755 724 3826 «Volo
751 3756 875 3839 fili,
912 3767 978 3827 et
1010 3777 1449 3848 summopere
1470 3754 1859 3826 desidem.»
1892 3761 2098 3826 Porro
2131 3756 2281 3857 ipso
2312 3755 2515 3827 etiam
2548 3755 2781 3827 dolore
2821 3755 3070 3827 volun-

518 3857 723 3915 tatem
771 3858 1075 3936 cogente,
1128 3843 1300 3915 dixit
1344 3845 1409 3914 ei
1456 3844 1698 3917 beatus
1729 3844 1944 3915 Vitus:
1982 3845 2096 3915 «Si
2125 3867 2224 3915 vis
2272 3866 2484 3915 sanus
2514 3844 2689 3927 fieri,
2731 3845 3070 3915 renuncia

514 3933 689 4016 Jovi,
726 3933 1027 4015 Herculi,
1067 3938 1108 4003 J
1116 3933 1354 4015 unoni,
1394 3933 1757 4015 Minervae,
1812 3938 2047 4003 Vestae
2085 3945 2150 4004 et
2179 3932 2548 4025 Apollini.»
2598 3938 2657 4004 H
2710 3933 2811 4004 las
2841 3933 3063 4004 dixit:

518 4027 640 4092 «Et
667 4024 789 4110 qui
839 4021 1116 4093 tandem
1166 4020 1308 4091 illis
1354 4023 1860 4093 renunciabo?›
1894 4027 1965 4091 B.
2020 4022 2211 4091 Vitus
2259 4022 2396 4092 ait:
2433 4027 2620 4092 «Non
2700 4043 2817 4095 eos
2864 4020 3064 4105 illos,

516 4110 634 4181 sed
684 4109 1056 4182 daemones
1092 4131 1243 4181 esse
1273 4108 1492 4193 dicas,
1524 4132 1561 4181 e
1636 4123 1922 4192 statuaS,
1966 4132 2142 4198 quas
2176 4110 2515 4182 hactenus
2545 4109 2847 4192 coluisti,
2886 4110 3069 4181 nihil

515 4199 770 4271 habere
801 4199 1073 4271 virtutis
1117 4198 1534 4271 confitearis.
1636 4199 1656 4268 i
1699 4199 1771 4269 id
1818 4221 1899 4269 ex
1947 4199 2151 4269 corde
2195 4197 2461 4282 seceris,
2518 4221 2675 4271 mox
2720 4197 2908 4270 oculi
2963 4200 3069 4270 tui

516 4300 942 4380 patescent.»
977 4286 1191 4377 Hylas
1229 4288 1423 4359 dixit:
1464 4287 1863 4359 «Renuncio
1891 4286 2102 4359 illis.»
2152 4292 2223 4358 B.
2254 4288 2447 4359 Vitus
2489 4286 2708 4359 dixit:
2765 4310 2801 4356 «
2827 4292 2921 4358 Ex
2953 4287 3068 4359 his

518 4377 742 4450 verbis
808 4378 946 4448 tuis
1010 4376 1260 4469 colligo
1308 4376 1711 4448 induratum
1787 4399 1907 4447 cor
1953 4388 2153 4479 tuum
2194 4399 2209 4444 :
2255 4376 2376 4449 sed
2437 4389 2715 4469 propter
2758 4398 2877 4449 eos
2940 4376 3069 4466 qui
