3357 4995
686 316 776 381 62
1146 330 1492 380 TRANSLAT.
1546 331 1639 380 ss.
1694 331 1810 379 nn.
1865 330 2045 379 parm
2093 331 2170 378 Er
2216 330 2594 381 nanceium
2841 313 3064 379 JUNII
3115 316 3160 379 2

595 438 773 506 quae
819 416 904 486 ad
974 413 1152 486 h'anc
1219 415 1686 486 devectionem
1753 415 2142 486 necessaria
2206 414 2666 496 videbantur,
2748 415 3002 505 raptim
3085 427 3158 487 et

595 528 759 576 cum
808 526 1086 576 summo
1126 504 1357 575 studio
1406 504 1858 594 praeparatis,
1898 503 2127 595 pri-ma
2161 502 2315 575 luce
2355 515 2510 595 post
2540 504 2961 594 completum
2997 525 3161 574 ma-

598 595 898 666 tutinum
950 592 1286 674 officium,
1343 614 1621 663 sacrum
1683 591 1885 663 illum
1948 605 2015 662 et
2080 591 2661 664 inaestimabilem
2714 593 3153 673 thesaurum,

595 706 753 755 cum
805 682 1066 773 ingenti
1118 680 1312 753 luctu
1359 702 1440 750 ac
1489 701 1798 751 moerore
1844 678 2124 751 illorum
2175 682 2299 769 qui
2343 681 2417 750 in
2465 681 2615 751 loco
2647 692 2843 751 erant
2878 702 3157 751 reman-

595 773 764 855 suri,
810 770 1253 851 sustulimuS,
1290 780 1496 856 atque
1542 769 1671 839 iter
1718 769 2016 870 ingressi
2047 782 2319 860 portare
2349 770 2738 861 coepimus,
2775 769 3158 841 comitante

600 883 726 932 nos
796 882 935 961 pau
989 879 1187 929 erum
1258 858 1463 928 turba
1494 911 1510 938 ,
1562 879 1741 945 quae
1806 857 1926 928 illo
1975 880 2099 953 per
2142 880 2260 928 eos
2308 846 2591 928 dies'ob
2637 857 3157 948 eleemosynam

595 950 905 1041 accipien
961 970 1073 1018 am
1131 946 1625 1033 undecumque
1671 947 2121 1017 confluxerat.
2175 952 2344 1017 Nam
2393 946 2580 1016 circa
2617 958 2978 1018 manentes
3027 967 3161 1037 po-

593 1038 746 1130 puli
791 1036 959 1125 quid
1020 1058 1060 1106 a
1112 1034 1208 1105 ud
1256 1055 1384 1106 nos
1447 1046 1793 1126 ageretur,
1846 1034 2125 1126 penitus
2173 1035 2614 1126 ignorabant.
2669 1040 2830 1106 Erat
2874 1033 3156 1105 coelum

595 1149 800 1219 grave
848 1124 1031 1198 sordi
1091 1123 1149 1193 is
1198 1122 1530 1205 nubibu5‚
1568 1136 1635 1193 et
1661 1144 1842 1211 quae
1874 1124 1945 1193 in
1993 1125 2346 1213 ingentem
2381 1123 2690 1214 pluviam
2726 1125 2861 1195 cito
2900 1122 3161 1195 resolvi

594 1224 901 1317 possent,
956 1213 1093 1283 nisi
1140 1212 1211 1282 id
1260 1211 1499 1281 divina
1544 1212 1765 1284 virtus
1811 1211 1962 1283 fieri
2027 1212 2445 1302 prohiberet.
2511 1217 2679 1284 Nam
2749 1224 2888 1284 tota
2947 1223 3160 1283 nocte

594 1304 715 1374 illa
763 1304 1110 1373 intantum
1150 1300 1301 1371 sine
1347 1300 1863 1371 intermissione
1909 1300 2242 1391 pluebat,
2292 1314 2371 1371 ut
2418 1301 2621 1371 nobis
2666 1300 2795 1371 iter
2840 1299 3016 1371 illud
3069 1321 3158 1370 ea

593 1391 704 1462 die
752 1390 1066 1461 inchoari
1131 1410 1332 1479 posse
1378 1389 1669 1460 minime
1731 1390 2102 1461 videretur.
2158 1389 2288 1460 Sed
2336 1388 2529 1460 illam
2581 1402 2887 1461 nostram
2934 1388 3150 1460 dubi·

593 1481 945 1561 tationem,
997 1500 1080 1548 ex
1117 1477 1520 1549 infirmitate
1566 1477 1730 1548 fidei
1779 1480 2190 1559 venientem,
2244 1499 2551 1569 superna
2583 1479 2804 1569 gratia
2835 1494 2957 1569 per
2989 1500 3158 1548 suo-

593 1590 751 1639 rum
802 1567 1046 1638 merita
1101 1572 1534 1647 Sanctorum,
1593 1566 1798 1658 longe
1859 1567 2057 1638 aliter
2105 1581 2312 1654 atque
2372 1567 2967 1648 existimavimus,
3028 1566 3161 1637 ha-

594 1657 758 1743 bere
805 1678 877 1727 se
925 1655 1104 1737 fecit,
1205 1655 1438 1725 uando
1486 1655 1667 1725 viam
1718 1677 1842 1747 per
1868 1678 2079 1744 quam
2115 1655 2557 1737 incessimus,
2587 1655 2657 1724 in
2693 1654 2901 1725 aliam
2935 1659 3157 1743 quam

595 1746 1004 1836 sperabatur
1042 1765 1136 1832 qu
1212 1744 1447 1814 itatem
1494 1744 1799 1824 vidimus
1845 1744 2060 1817 fuisse
2107 1755 2628 1815 commutatam.
2679 1749 2848 1814 Nam
2905 1755 2972 1813 et
3019 1744 3158 1815 luti

593 1856 842 1925 parum
895 1831 1329 1914 invenimuS,
1394 1843 1459 1902 et
1505 1833 1713 1915 rivos,
1766 1834 1888 1921 qui
1936 1834 2006 1904 in
2066 1845 2203 1903 tam
2254 1832 2502 1923 grandi
2549 1854 2630 1903 ac
2667 1833 2825 1924 jugi
2851 1832 3142 1923 ·pluvia,

594 1935 670 1993 ut
717 1943 798 1991 ea
847 1932 1046 1991 nocte
1089 1932 1259 2001 erat,
1311 1942 1617 1991 crescere
1663 1921 2019 2004 solebant,
2073 1943 2279 2013 pene-
2296 1921 2472 1991 nihil
2523 1923 2822 1992 crevisse
2886 1922 3156 2013 reperi-

594 2033 778 2081 mus.
849 2010 999 2080 Ubi'
1046 2031 1206 2080 vero
1274 2007 1599 2081 de,saltu
1646 2011 1954 2101 egressi,
2019 2010 2370 2100 proximas
2411 2010 2618 2080 villas
2680 2010 3105 2080 accessimus
3134 2066 3152 2094 ,

594 2099 1074 2187 frequentibus
1120 2097 1480 2168 obviorum
1544 2119 1624 2168 ac
1676 2103 1809 2169 Deo
1866 2098 2107 2170 laudes
2165 2098 2546 2169 dicentium
2605 2099 2831 2169 turbis
2894 2099 3158 2189 excipi-

593 2210 799 2258 mur:
853 2187 975 2275 qui
1022 2208 1150 2258 nos
1206 2208 1330 2277 per
1387 2197 1540 2256 octo
1587 2186 1729 2257 sere
1775 2187 2136 2258 leucarum
2182 2186 2486 2278 spatium
2535 2187 2888 2268 comitati,
2942 2187 3154 2258 nobis

591 2298 671 2346 ac
721 2275 976 2346 nostris
1014 2287 1081 2346 et
1124 2276 1201 2345 in
1256 2295 1452 2346 sacro
1499 2296 1708 2345 onere
1772 2274 2056 2346 ferendo
2103 2275 2329 2347 devoti
2376 2276 2750 2364 adjutores,
2811 2288 2878 2345 et
2923 2276 2994 2345 in
3038 2275 3154 2345 di·-

588 2365 772 2435 vinis
821 2364 1152 2436 laudibus
1199 2362 1515 2435 dicendis
1562 2363 1851 2455 impigri
1895 2363 2087 2435 fuere
2134 2376 2606 2437 concentores.
2662 2370 2739 2435 At
2782 2364 2907 2433 ubi
2967 2363 3151 2434 vidi-

591 2475 774 2527 mus,
810 2452 994 2542 quod
1029 2473 1108 2523 ea
1139 2450 1252 2523 die
1282 2451 1383 2522 ad·
1405 2450 1636 2523 locum
1677 2452 2097 2541 destinatum
2135 2454 2491 2547 pervenire
2531 2475 2670 2524 non
2710 2466 3145 2555 poteramuS,

590 2542 999 2613 divertimus
1063 2540 1151 2611 ad
1215 2540 1450 2610 villam
1521 2542 1825 2612 Ostheim
1897 2541 2313 2634 appellatam
2346 2598 2362 2626 ,
2423 2565 2602 2630 quae
2664 2563 2812 2612 vlae
2863 2554 3146 2613 nostrae

592 2633 921 2723 contigua
979 2630 1430 2702 cernebatur:
1499 2642 1565 2699 et
1628 2629 2010 2702 inclinante
2059 2632 2206 2722 jam
2253 2634 2582 2722 vespera,
2649 2632 2720 2700 in
2782 2630 3154 2701 basilicam

591 2725 665 2790 B.
720 2721 1019 2803 Martini,
1071 2741 1249 2808 quae
1304 2718 1377 2788 in
1439 2718 1683 2789 eadem
1731 2718 1895 2789 villa
1939 2734 2065 2802 est,
2110 2731 2348 2791 sancta
2395 2720 2516 2789 illa
2562 2741 2855 2811 corpora
2901 2718 3155 2790 intuli-

592 2830 800 2881 mus:
872 2823 938 2879 et
985 2808 1195 2879 sociis
1242 2806 1498 2879 nostris
1544 2807 1634 2877 ad
1684 2808 2012 2881 excubias
2060 2807 2417 2880 ducendas
2477 2807 2575 2878 ibi
2622 2808 2959 2890 dimissiS,
3011 2830 3150 2899 ego

589 2918 752 2967 cum
803 2898 1048 2987 paucis
1094 2896 1181 2967 ad
1231 2895 1464 2968 locum
1511 2918 1649 2984 quo
1700 2897 2181 2979 tendebamuS,
2237 2897 2631 2968 festinando
2678 2897 3048 2987 praecessi,
3083 2910 3155 2968 et

588 3005 691 3065 ea,
744 3006 922 3072 quae
953 2985 1057 3055 ‘ad
1104 2986 1566 3076 receptionem
1617 2998 2018 3058 sanctorum
2065 3001 2432 3077 corporum
2483 3007 2656 3057 usus
2714 2985 3140 3076 postulabat,

590 3095 715 3164 per
762 3086 1030 3144 noctem
1081 3072 1514 3173 praeparavi.

680 3163 717 3250 ἓ
761 3165 895 3234 12.
967 3161 1063 3231 Ad
1111 3161 1472 3232 basilicam
1536 3182 1737 3245 ver0,
1790 3163 1863 3232 in
1911 3183 2051 3250 qua
2097 3160 2379 3232 illorum
2428 3174 2948 3234 sacrosanctum
2997 3162 3150 3233 the—

591 3272 879 3321 saurum
930 3249 1373 3331 dimisimus
1408 3251 1962 3321 sanctimonialis
2007 3251 2352 3337 quaedam
2402 3250 2805 3341 paralytica,
2861 3252 3153 3322 nomine

590 3338 978 3430 Ruodlang,
1035 3337 1120 3408 de
1180 3339 1597 3408 monasterio
1645 3339 2123 3420 Machesbach,
2184 3338 2371 3428 quod
2421 3339 2508 3409 ab
2555 3339 2797 3410 eadem
2846 3339 3149 3410 ecclesia

587 3428 805 3499 unius
854 3426 1092 3499 leucae
1156 3427 1376 3517 spatio
1407 3425 1841 3517 disparatum
1881 3440 2049 3510 erat,
2097 3428 2183 3498 ab
2231 3428 2476 3498 amicis
2523 3428 2672 3499 suis
2720 3450 2800 3498 ac
2850 3428 3146 3519 propin-

588 3517 747 3604 quis
788 3518 858 3586 in
910 3537 1106 3586 carro
1153 3515 1478 3596 adducta,
1524 3537 1686 3586 cum
1726 3517 1927 3607 juxta
1972 3515 2299 3588 feretrum
2332 3522 2741 3587 Sanctorum
2777 3517 3151 3588 inter'cae-

591 3617 773 3676 teros
820 3605 1118 3696 vigilans
1166 3615 1624 3692 atque-orans
1675 3617 2149 3694 pernoctaret,
2223 3617 2495 3697 recepta
2542 3605 2858 3676 omnium
2921 3626 3150 3675 mem-

587 3693 873 3764 brorum
925 3694 1240 3775 sanitate,
1294 3693 1596 3783 propriis
1636 3694 1932 3784 pedibus
1973 3694 2165 3765 nullo
2200 3705 2651 3775 sustentante,
2690 3693 2794 3763 vel
2826 3693 3148 3781 quolibet

589 3782 796 3853 modo
830 3782 1404 3863 adminiculante,
1458 3782 1544 3852 ad
1596 3781 1824 3853 locum
1866 3783 2055 3853 unde
2098 3796 2399 3865 venerat,
2454 3784 2525 3851 in
2587 3783 2969 3853 crastinum
3034 3805 3148 3853 re—

590 3893 829 3963 gressa
859 3883 984 3943 est.
1015 3876 1092 3941 At
1123 3892 1249 3941 nos
1289 3870 1892 3944 albescente'coelo
1923 3884 2307 3963 surgenteS,
2344 3872 2552 3942 sociis
2587 3872 2841 3941 nostris
2866 3871 3152 3941 venien-

591 3960 778 4031 tibus
818 3961 1091 4032 obviam
1146 3959 1245 4030 ire
1291 3960 1747 4050 perreximus,
1790 3961 2120 4032 habentes
2153 3961 2518 4031 nobiscum
2563 3960 3006 4029 immodicam
3047 3961 3150 4031 vi-

591 4049 906 4119 cinorum
951 4061 1342 4120 nostrorum
1390 4048 1934 4129 multitudinem,
1977 4050 2096 4136 qui
2147 4049 2328 4119 fama
2361 4048 2696 4119 adventus
2731 4054 3149 4118 Sanctorum

589 4138 814 4219 exciti,
872 4139 956 4207 ad
1011 4138 1138 4207 hoc
1188 4138 1412 4225 primo
1453 4136 1765 4214 diluculo
1799 4161 1922 4228 pro
1955 4139 2220 4209 foribus
2254 4138 2504 4208 nostris
2553 4138 3031 4216 constiterunt,
3071 4153 3152 4207 ut

590 4247 731 4295 una
773 4227 1138 4297 nobiscum
1193 4225 1458 4295 Sanctis
1488 4225 1760 4296 obviam
1816 4226 2280 4318 procederent.
2337 4233 2414 4296 Et
2461 4227 2896 4297 occurrimus
2934 4226 3035 4294 eis
3075 4228 3146 4294 in

591 4337 671 4385 eo
721 4315 893 4396 loco,
930 4316 1052 4386 ubi
1084 4314 1451 4406 Gaspentia
1500 4315 1825 4387 fluviolus
1876 4321 2111 4385 Moeno
2162 4316 2514 4387 miscetur.

679 4406 715 4492 ξ
763 4408 900 4478 18.
958 4404 1124 4475 Inde
1164 4403 1420 4496 pariter
1469 4403 1910 4484 incedentes,
1953 4427 2030 4474 ac
2083 4404 2352 4474 Domini
2403 4405 2619 4476 nostri
2668 4409 2832 4472 Jesu
2890 4403 3148 4474 Christi
