3357 4995
668 305 796 367 528
1406 323 1483 368 na
1532 324 1585 369 s.
1643 321 1950 369 smruclo
2001 320 2295 368 EPISCOPO
2774 302 2991 366 JUNII
3045 297 3130 367 24

579 406 854 474 Noveris
893 416 1147 485 autem,
1203 407 1536 491 quianon
1584 406 1711 475 hoc
1761 406 2126 476 sustinebit
2173 406 2541 492 quisquam
2597 415 2956 473 nostrum:
3007 405 3131 474 sed

583 494 695 562 hic
746 493 1137 582 sepelietur.
1180 499 1483 563 Matrona
1521 496 1908 585 respondit:
1966 497 2034 563 Si
2083 516 2363 583 germen
2416 494 2650 583 stirpis
2698 494 2848 582 ejus
2889 493 3131 578 inqui-

581 583 753 662 ritis,
798 605 877 650 ex
926 582 1082 651 aliis
1130 582 1244 651 hic
1277 584 1675 684 regionibus
1717 584 2147 652 adventavit:
2197 584 2253 653 si
2302 605 2519 667 aquas
2569 582 2882 651 fluminis
2931 582 3131 671 inge-

583 672 754 752 ritis,
792 693 1039 760 parum
1076 671 1261 739 sitim
1324 691 1470 761 ejus
1522 673 1944 752 mollierunt,
1997 693 2204 758 quam
2260 671 2489 760 potius
2519 693 2556 739 e
2602 671 2789 740 coelo
2831 691 3133 739 manans

579 760 731 828 fons
782 758 897 828 ille
931 760 1264 828 restinxit.
1322 766 1627 847 Cumque
1687 763 1849 830 llaec
1898 774 1961 829 et
2023 760 2504 849 hujuscemodi
2571 760 2746 828 inter
2793 781 2864 828 se
2927 761 3137 828 verba

582 848 983 937 proferrent,
1037 860 1101 916 et
1136 849 1642 937 Lipidiacenses
1692 851 1934 918 effossa
1979 850 2214 928 humo,
2259 863 2323 917 et
2357 849 2665 938 deposito
2699 848 3135 937 sarcophago

575 958 731 1006 eum
788 937 1075 1027 sepelire
1129 940 1527 1017 niterentur,
1583 939 1971 1009 convocatis
2005 953 2316 1006 matrona
2355 937 2656 1016 auxiliiS‚
2702 937 2956 1026 fugatis
3009 960 3136 1025 pa-

580 1027 936 1114 gensibus,
978 1027 1209 1115 rapuit
1243 1039 1557 1096 sanctum
1611 1050 1865 1117 corpus
1905 1050 1983 1095 ac
2028 1027 2201 1094 ferre
2251 1027 2473 1116 coepit
2522 1027 2590 1094 in
2625 1027 2869 1094 feretro
2908 1024 2994 1093 ad
3033 1027 3135 1093 vi-

577 1137 741 1183 cum
810 1115 1479 1195 Transaliacensem,
1534 1116 1889 1204 dispositis
1946 1117 2013 1182 in
2065 1116 2308 1184 itinere
2377 1114 2822 1204 psallentium
2882 1115 3136 1184 turmis

577 1226 736 1272 cum
771 1204 1128 1284 Crucibus,
1184 1204 1420 1283 cereis,
1467 1217 1670 1290 atque
1705 1205 1912 1273 odore
1960 1204 2331 1294 fragrantis
2381 1203 2877 1292 thymiamatis,
2933 1203 3133 1284 Quod

581 1291 683 1359 illi
713 1305 1095 1372 cernentes,
1122 1292 1542 1382 poenitentia
1571 1295 1760 1374 moti,
1802 1294 2136 1361 miserunt
2165 1308 2313 1381 post
2349 1305 2755 1372 matronam,
2793 1292 3126 1361 dicentes:

584 1385 1025 1468 peccavimus
1074 1380 1453 1448 resistendo
1512 1381 1656 1462 tibi,
1727 1382 2024 1471 profecto
2085 1382 2269 1449 enim
2327 1381 2814 1470 cognoscimus
2888 1381 2956 1448 in
3000 1380 3132 1448 hoc

579 1490 728 1537 esse
781 1469 1050 1538 Domini
1101 1470 1545 1538 voluntatem.
1578 1475 1770 1538 Nunc
1800 1484 2024 1539 autem
2081 1471 2400 1559 petimus,
2435 1483 2509 1538 ut
2544 1492 2676 1537 non
2716 1469 3136 1556 abjiciamur

578 1558 664 1626 ab
706 1558 914 1641 liujus
954 1557 1217 1626 funeris
1252 1558 1623 1644 obsequiis,
1657 1560 1772 1627 sed
1826 1558 2276 1627 admittamur
2308 1559 2552 1627 officiis
2601 1559 2774 1648 ejus.
2824 1558 2948 1626 llla
2976 1579 3136 1626 vero

578 1646 1035 1735 permittente,
1093 1659 1166 1714 ut
1207 1660 1681 1732 sequerentur,
1735 1649 2149 1736 conjunctus
2182 1661 2284 1715 est
2323 1663 2607 1733 uterque
2661 1646 2960 1737 populus
2999 1670 3013 1712 :
3066 1659 3136 1713 et

579 1734 678 1804 sic
729 1736 984 1822 pariter
1031 1757 1251 1822 usque
1300 1736 1385 1804 ad
1422 1737 2053 1807 Transaliacensem
2095 1737 2319 1804 vicum
2365 1738 2733 1815 venienteS,
2772 1734 3138 1805 celebratis

580 1823 825 1898 Missis,
882 1824 1157 1892 beatum
1208 1845 1462 1913 corpus
1530 1847 1691 1894 cum
1741 1847 2016 1894 summo
2078 1825 2336 1893 honore
2396 1825 2790 1914 gaudioque
2838 1823 3137 1913 sepelie-

579 1924 766 1980 runt.
826 1917 896 1980 ln
950 1934 1087 1999 quo
1129 1912 1273 1981 vico
1305 1915 1580 2002 saepius
1631 1936 1702 1981 se
1751 1914 2187 1982 beatissimus
2228 1915 2295 1981 in
2325 1914 2697 1983 virtutibus
2729 1912 3129 1981 declaravit.

582 2000 708 2068 Sed
761 2013 824 2068 et
860 2000 1205 2090 Lipidiaco
1255 2002 1663 2091 plerumque
1713 2025 1887 2092 opus
1934 2002 2083 2088 ejus
2123 2018 2440 2071 sanctum
2491 2001 2898 2071 ostenditur.
2946 2006 3135 2070 Uter-

582 2109 716 2174 que
766 2091 949 2157 enim
1004 2088 1195 2158 locus
1272 2091 1483 2159 unius
1547 2093 1762 2160 sancti
1824 2090 2186 2180 praesidiis
2251 2095 2743 2160 communitur.
2800 2090 3133 2159 Fortassis

583 2191 811 2245 autem
861 2178 1300 2265 quorundam
1351 2179 1867 2249 incredulorum
1905 2179 2190 2248 latratus
2224 2180 2307 2248 ad
2335 2181 2501 2247 haec
2549 2192 2841 2248 conatur
2868 2179 3135 2248 obstre-

585 2287 767 2355 pere:
826 2267 941 2337 sed
978 2268 1237 2336 noverit
1282 2289 1321 2335 a
1384 2291 1492 2336 me
1541 2270 1762 2337 visum
1822 2267 2194 2337 Debdatum
2248 2268 2728 2357 Presbyterum
2782 2290 3136 2339 summam

583 2357 999 2444 octogenarii
1049 2355 1194 2424 aevi
1227 2356 1581 2431 ferentem.
1615 2358 1737 2443 qui
1786 2357 2149 2425 miliihaec
2182 2370 2257 2426 ut
2287 2359 2544 2446 scripta
2571 2369 2756 2435 sunt,
2805 2356 3125 2434 contulit,

582 2444 1004 2517 confirmans
1053 2457 1502 2525 sacramento,
1561 2447 1736 2515 nihil
1772 2468 1842 2517 se
1890 2446 1974 2514 de
2024 2446 2132 2514 his
2180 2441 2482 2516 admixto
2518 2445 2881 2516 mendacio
2929 2466 3133 2515 enar-

588 2554 797 2602 rasse.

1160 2796 1399 2896 VITA
1466 2797 1842 2898 BREVlS
1921 2798 2007 2900 S.
2080 2796 2557 2897 SIMPLlClI

1260 3023 1626 3088 EPISCOPI
1678 3023 2456 3088 AUGUSTODUNENSIS

585 3255 665 3301 nx
713 3254 1023 3301 ctu-:como
1072 3253 1413 3309 runcum„
1472 3234 1636 3300 libro
1687 3234 1765 3299 cle
1816 3234 2040 3321 ,qlorz'a
2092 3235 2570 3319 t'onsessomm,
2612 3256 2759 3321 cap.
2814 3241 2891 3302 76
2930 3240 2991 3299 ct
3030 3241 3139 3302 77.

1475 3417 1749 3473 Floruit
1806 3417 2080 3472 saeculo
2123 3418 2239 3471 IV.

679 3601 715 3685 ἓ
762 3605 839 3672 1.
929 3598 1302 3667 Decedente
1348 3599 1825 3687 (Egemonio)
1873 3599 2113 3667 beatus
2170 3599 2566 3688 Simplicius
2616 3598 2958 3666 Ecclesiae
3008 3599 3030 3665 i
3086 3599 3151 3668 si

584 3687 1246 3777 (Augustodunensi,
1302 3688 1558 3775 Autun)
1616 3689 2083 3777 praeponitur.
2143 3688 2292 3755 Fuit
2366 3688 2576 3776 stirpe
2626 3687 2886 3762 nobili,
2945 3709 3025 3755 va
3058 3686 3150 3755 de

592 3776 783 3845 dives
836 3778 903 3845 in
954 3776 1205 3865 opibus
1270 3775 1529 3856 seculi,
1606 3776 2074 3845 nobilissimae
2121 3776 2401 3865 conjugi
2464 3777 2790 3844 sociatus.
2844 3776 2968 3844 His
3017 3774 3156 3844 fuit

592 3865 1006 3943 castissima,
1062 3865 1418 3952 obtegente
1467 3865 1723 3944 seculo,
1777 3865 1945 3945 vita,
2001 3865 2129 3934 soli
2179 3871 2308 3932 Deo
2356 3866 2670 3953 cognita,
2728 3862 3146 3933 mortalibus

594 3967 825 4023 autem
901 3953 1156 4042 ignota.
1236 3959 1441 4022 Erant
1489 3954 1693 4022 etiam
1755 3955 1959 4024 ambo
2020 3954 2238 4043 justi,
2291 3967 2355 4021 et
2412 3955 2476 4020 in
2541 3953 3152 4042 eleemosynarum

592 4043 862 4112 semina
910 4064 988 4110 ac
1039 4041 1435 4141 vigiliarum
1486 4043 1917 4111 tolerantiam
1967 4042 2487 4142 promptissimi.
2548 4047 2813 4110 Interea
2872 4055 3159 4131 propter

596 4130 814 4211 illam,
873 4144 949 4199 ut
997 4130 1341 4212 diximuS,
1396 4132 1612 4200 seculi
1664 4131 2068 4200 dioniiatem
2122 4130 2520 4221 Simplicius
2569 4130 2940 4200 decedente
2977 4137 3157 4220 Ege-

602 4222 838 4289 monio
888 4242 928 4288 a
976 4219 1251 4310 populis
1297 4219 1599 4310 eligitur,
1656 4186 1780 4290 sed’
1823 4244 1862 4288 a
1911 4225 2042 4288 Deo
2093 4241 2214 4308 pro
2272 4220 2604 4289 castitatis
2653 4232 2717 4287 et
2770 4220 3163 4289 sanctitatis

601 4309 822 4399 gloria
869 4307 1275 4379 destinatur.
1335 4314 1621 4400 Accepto
1671 4332 1945 4396 quoque
1985 4309 2424 4399 pontificatus
2473 4308 2735 4389 ordine,
2789 4310 2991 4378 beata
3040 4330 3158 4378 so-

604 4420 737 4481 ror,
792 4421 969 4486 quae
1019 4400 1216 4490 prius
1264 4399 1487 4469 fuerat
1518 4421 1654 4468 non
1707 4398 2017 4479 libidine,
2066 4398 2182 4469 sed
2218 4398 2526 4467 castitate
2555 4398 2699 4466 viro
2751 4398 3157 4487 conjuncta,
