3357 4995
665 313 791 380 644
1226 330 1305 377 ΒΕ
1351 329 1443 376 ss.
1496 325 1833 375 Arosrous
1880 325 2075 375 runo
2121 326 2197 373 131·
2244 324 2447 372 mum
2749 305 2971 373 JUNII
3022 306 3119 371 29

577 436 840 485 annum
889 412 1320 503 praedicasse
1381 411 1698 502 pietatem
1750 413 1820 481 in
1869 411 2239 491 Christum,
2291 421 2356 479 et
2401 408 2574 479 alios
2640 407 2819 479 duos
2883 429 3116 479 annos

579 508 941 573 Caesareae
976 502 1386 593 transegisse
1434 500 1507 569 in
1535 521 1832 570 carcere.
1871 501 1990 571 His
2038 521 2196 570 vero
2241 498 2603 590 conjungit
2627 495 2804 570 duos
2831 517 3119 585 quoque

577 592 841 683 priores
888 612 1131 671 annoS‚
1182 610 1354 677 quos
1385 589 1524 682 egit
1570 593 1845 670 Romae,
1879 602 1946 659 et
1973 588 2254 660 ultimos
2300 586 2578 657 decem:
2631 597 2711 688 ut
2753 587 2906 687 ejus
2931 606 3115 687 quo-

578 702 713 768 que
761 678 1311 771 praedicationis,
1364 689 1430 749 et
1478 678 1848 749 vocationis
1894 678 2297 748 universum
2336 688 2611 767 tempus
2657 687 2747 748 stt
2793 688 3115 766 triginta·

579 770 889 857 quinque
919 768 1087 838 anni
1131 766 1259 857 (a).

666 859 704 946 ξ
753 860 908 930 ²4.
958 861 1037 926 Et
1082 869 1243 927 sunt
1290 854 1568 944 quidem
1609 868 1839 926 nostra
1878 854 2304 945 hujusmodi,
2358 866 2425 926 et
2450 873 2628 942 quae
2656 864 2944 943 possunt
2984 873 3119 921 no-

584 958 803 1017 strum
848 946 916 1015 in
967 967 1086 1016 vos
1115 944 1532 1015 desiderium
1562 944 1940 1026 ostendere,
1975 966 2017 1013 o
2055 942 2378 1035 Apostoli,
2409 954 2478 1013 et
2505 940 2881 1012 fraternum
2917 962 3122 1011 amo-

581 1056 724 1105 rem
793 1034 863 1103 in
926 1056 1042 1103 eos
1078 1034 1199 1121 qui
1256 1046 1418 1105 sunt
1467 1032 1899 1125 congregati:
1956 1037 2133 1103 Haec
2180 1032 2367 1103 enim
2434 1042 2538 1102 est
2581 1042 2805 1101 vestra
2850 1029 2995 1109 lex,
3052 1040 3124 1099 et

580 1123 970 1194 communis
1000 1122 1271 1193 Domini
1302 1135 1368 1192 et
1395 1121 1726 1212 magistri,
1761 1133 1837 1191 ut
1878 1143 2002 1193 nos
2031 1120 2322 1191 invicem
2369 1120 2774 1211 diligamuS,
2803 1131 2871 1188 et
2894 1139 3120 1206 quae·

581 1234 820 1282 ramus
890 1210 1263 1281 multorum
1323 1210 1710 1281 utilitatem.
1767 1214 1896 1280 Vos
1942 1222 2172 1280 autem
2220 1209 2526 1282 vicissim
2577 1206 2777 1278 nobis
2845 1206 3122 1278 reddite

582 1322 848 1381 curam,
901 1322 1107 1387 quam
1162 1311 1470 1370 nostrum
1520 1299 1795 1389 geratiS,
1849 1299 2181 1368 adversus
2226 1298 2389 1369 vitia
2438 1297 2820 1378 victoriam,
2872 1308 3123 1367 contra

581 1387 952 1458 daemones
984 1388 1461 1467 resistentiam,
1517 1387 1733 1457 animi
1764 1388 2062 1474 quietem
2111 1409 2189 1457 ac
2232 1408 2470 1476 pacem
2499 1408 2664 1486 erga
2709 1406 2978 1467 omneS,
3009 1396 3122 1455 at·

581 1499 717 1565 que
762 1476 931 1546 adeo
968 1477 1173 1546 etiam
1216 1476 1402 1566 ipsos
1426 1476 1546 1563 qui
1575 1475 1768 1546 nulla
1791 1476 1875 1545 de
1904 1497 2115 1547 causa
2147 1487 2310 1546 sunt
2335 1475 2534 1546 nobis
2572 1473 2865 1554 mimici,
2891 1471 3122 1544 animi

585 1565 794 1637 simul
838 1565 1181 1635 lenitatem
1233 1586 1313 1634 ac
1362 1563 1784 1654 patientiam,
1850 1563 2372 1635 beneficentiam
2420 1574 2486 1634 et
2536 1575 2858 1634 mutuum
2920 1583 3123 1632 amo-

585 1676 755 1724 rem.
810 1659 939 1723 Vos
984 1666 1165 1723 certe
1213 1675 1561 1744 rogamus,
1616 1654 1688 1722 in
1737 1675 2177 1741 quocumque
2231 1651 2536 1724 universi
2587 1650 2733 1721 loco
2772 1651 2949 1732 sitis,
2990 1648 3116 1720 sed
3176 1676 3181 1680 ·

585 1742 791 1811 etiam
826 1742 892 1810 in
932 1741 1274 1824 universo,
1302 1755 1378 1811 ut
1409 1742 1780 1823 credimuS‚
1835 1764 1961 1812 nos
1991 1763 2264 1830 quoque
2295 1740 2633 1832 respicite,
2684 1752 2751 1810 et
2775 1738 2863 1810 ad
2895 1738 3126 1809 animi

588 1830 1148 1918 tranquillitatem
1199 1842 1498 1901 nostram
1558 1831 1766 1900 vitam
1827 1829 2167 1911 deducite,
2237 1841 2669 1921 peccatorum
2735 1840 3117 1919 expertem,

585 1919 790 1990 rectis
823 1919 1017 1989 factis
1064 1930 1129 1988 et
1163 1919 1360 1989 bonis
1391 1942 1430 1989 o
1481 1919 1719 1990 eribus
1750 1918 2049 2009 plenam,
2101 1918 2357 1990 divinis
2388 1918 2672 2010 dignam
2720 1917 2984 1988 oculis:
3038 1930 3126 1989 ut

590 2008 660 2077 in
708 2006 837 2077 hac
887 2008 1017 2078 vita
1048 2007 1402 2078 vobiscum
1434 1941 1680 2077 Festum
1713 2021 2041 2099 perpetuo
2071 2006 2518 2089 celebranteS,
2573 2006 2643 2075 iu
2674 2004 2909 2077 futuro
2933 2005 3127 2076 bona

583 2117 856 2253 qtuquue
889 2097 1228 2254 ριὲοὴῐῐιρεῑεμ
1272 2117 1817 2185 consequamur:
1871 2097 2093 2188 gratia
2121 2110 2186 2166 et
2210 2096 2632 2187 benignitate
2679 2094 2955 2166 Domini
2994 2117 3127 2164 no-

587 2206 619 2253 s
654 2207 708 2253 r1
793 2207 918 2255 esu
1044 2208 1137 2255 ris
1170 2209 1214 2254 1.

723 2417 1327 2500 EORUMDEM
1382 2417 1509 2496 SS.
1573 2416 2338 2520 APOSTOLORUM
2392 2413 2990 2497 PRINCIPUM

1069 2617 1495 2692 ENCOMIUM
1547 2617 1611 2682 S.
1675 2616 2012 2685 JOANNIS
2060 2615 2632 2685 CHRYSOSTOMI

984 2791 1379 2840 Pssnmsmms
1448 2790 1796 2840 ELEGANTIA
1865 2792 1940 2840 BT
2009 2792 2400 2850 ELOQURNTLA
2468 2791 2721 2842 numus

1549 2898 1615 2948 IN
1662 2899 1882 2947 EORUM
1929 2898 2143 2948 FESTO.

674 3055 712 3142 ξ
758 3059 833 3127 1.
888 3053 1066 3123 Coeli
1114 3066 1179 3123 et
1227 3065 1441 3125 terrae
1489 3054 1685 3125 video
1733 3070 2100 3136 certamen,
2156 3066 2432 3147 propter
2463 3067 2891 3147 praesentem
2938 3055 3131 3128 cele-

588 3142 901 3213 britatem
955 3144 1322 3213 memoriae
1370 3144 1869 3234 Apostolorum,
1930 3144 2344 3216 coelestibus
2458 3145 2694 3215 uidem
2746 3144 3124 3218 virtutibus

590 3229 1058 3311 laudantibus,
1124 3244 1189 3301 et
1253 3232 1451 3301 bonis
1501 3233 1725 3303 verbis
1776 3234 2348 3322 prosequentibus
2448 3233 2787 3304 octrinam
2859 3233 3127 3304 laboris

586 3340 849 3401 eorum,
903 3331 1138 3410 utpote
1191 3321 1374 3407 quod
1411 3343 1529 3411 per
1574 3343 1691 3393 eos
1737 3344 1817 3390 co
1873 3320 2091 3392 nitum
2141 3321 2347 3392 fuerit
2391 3322 2623 3393 carnis
2668 3345 2710 3393 a
2745 3323 2958 3394 Verbo
2993 3344 3125 3394 su-

588 3419 860 3497 sceptae
909 3409 1347 3498 mysterium:
1382 3409 1727 3495 quomodo
1775 3433 1810 3480 c
1842 3423 2023 3480 amet
2054 3409 2346 3482 Paulus:
2400 3415 2484 3482 Ut
2513 3411 2898 3482 innotescat
2929 3433 3126 3482 nunc

591 3496 1096 3587 principatibus
1133 3510 1197 3567 et
1247 3498 1694 3597 potestatibus
1741 3498 1811 3568 in
1860 3498 2270 3570 coelestibus
2334 3521 2456 3590 per
2508 3499 2881 3571 Ecclesiam
2933 3499 3127 3572 mul-

590 3583 797 3675 tiplex
832 3586 945 3655 Dei
978 3587 1354 3676 sapientia:
1390 3587 1510 3673 qui
1557 3598 1721 3656 sunt
1757 3600 1986 3658 autem
2036 3588 2105 3658 in
2158 3599 2359 3670 terra,
2396 3586 2801 3660 hominibus
2833 3601 3130 3659 conten-

589 3673 913 3743 dentibus
948 3696 1064 3764 per
1093 3675 1841 3759 commemorationem,
1896 3678 2192 3747 summis
2220 3676 2558 3767 Apostolis
2604 3677 2853 3769 dignas
2879 3677 3129 3749 laudes

590 3762 855 3842 afferre,
901 3764 1126 3851 utqui
1158 3785 1280 3854 per
1313 3763 1499 3855 ipsos
1531 3763 1859 3834 redierint
1889 3764 1975 3834 ad
2018 3765 2331 3836 salutem.
2366 3766 2546 3849 Quid
2572 3767 2757 3837 enim
2798 3779 2902 3838 est
2926 3771 3128 3837 Petro

590 3850 862 3939 majus?
909 3852 1085 3933 Quid
1136 3874 1290 3921 vero
1341 3866 1556 3944 potest
1601 3852 1897 3923 conferri
1944 3876 2103 3924 cum
2151 3852 2405 3925 Paulo?
2449 3855 2571 3942 qui
2601 3854 2881 3943 quidem
2914 3877 3130 3946 opere

588 3951 655 4009 et
699 3960 1013 4012 sermone
1051 3962 1326 4011 omnem
1370 3955 1689 4012 naturam
1738 3954 2037 4012 creatam
2081 3944 2302 4014 vicere
2336 3957 2472 4013 tam
2522 3944 2591 4013 in
2649 3942 2862 4027 coelo,
2907 3965 3124 4032 quam

593 4028 663 4096 in
715 4041 925 4098 terra:
997 4029 1111 4116 qui
1166 4027 1310 4099 luto
1356 4031 1663 4120 corporis
1712 4031 2088 4122 implicati,
2164 4031 2264 4102 vel
2322 4032 2496 4123 ipsis
2542 4031 2816 4123 Angelis
2862 4033 3132 4105 inventi

591 4130 754 4188 sunt
810 4116 1123 4207 majores.
1178 4118 1355 4201 Quid
1410 4141 1570 4210 ergo
1618 4118 1932 4192 dicemus
1980 4120 2063 4190 de
2113 4120 2461 4212 magistris
2519 4134 2806 4192 naturae
2851 4134 3128 4194 creatae

642 4314 708 4367 (ο)
740 4317 854 4357 oum
884 4317 1016 4357 Pauli
1045 4318 1296 4358 conversio
1322 4327 1444 4357 anno
1473 4321 1579 4369 post
1599 4316 1926 4360 Ascensionem
1947 4317 2130 4361 Domini
2150 4321 2410 4370 contigerit.
2429 4330 2577 4361 annus
2597 4319 2964 4364 mactationis
2982 4324 3129 4366 Petro

593 4369 667 4409 est
695 4378 837 4419 supra
866 4371 1063 4411 Paulum
1092 4371 1350 4416 addendum
1379 4371 1638 4412 vocationis
1670 4376 1826 4413 autem
1855 4376 1961 4413 anto
1991 4375 2187 4414 Paulum
2215 4376 2361 4414 ferme
2392 4377 2606 4423 quatuor.
2642 4375 2761 4416 Hinc
2796 4376 2932 4425 Juxta
2971 4386 3129 4427 nuper

591 4422 799 4473 nuatum,
820 4423 876 4464 ad
892 4425 1076 4473 signum
1096 4426 1119 4448 ·
1136 4425 1485 4472 correctionem,
1507 4427 1693 4476 tempus
1713 4437 1797 4478 pro
1818 4428 2018 4477 utroque
2041 4428 2261 4476 Apostolo
2279 4428 2476 4469 deducet
2493 4429 2677 4470 Lector.
