3357 4995
256 329 480 395 JUNII
533 329 613 392 113
1001 344 1076 391 nn
1124 347 1179 392 s.
1234 344 1507 394 mironio
1556 351 1596 393 A
1646 346 2082 400 mammem
2590 331 2718 395 309

262 433 535 511 assolet,
601 429 696 499 illi
761 429 990 516 aliqua
1031 451 1109 498 ex
1163 442 1347 519 parte
1399 431 1876 511 inhaesissent,
1929 453 2046 501 eos
2098 432 2421 522 lacrymis
2469 455 2810 522 compun-

262 522 512 591 ctionis
566 534 631 588 et
678 519 949 609 capillis
1000 532 1274 589 sanctae
1335 520 1935 609 contemplationis
2001 521 2440 610 abstergeret,
2494 521 2809 591 coelestis

263 610 525 702 patriae
624 608 971 697 ropediem
1022 608 1290 678 civibus
1324 607 1721 677 felicissime
1755 610 2310 698 conjungendus.
2353 617 2526 680 Cum
2577 625 2808 680 autem

262 700 377 769 die
409 722 544 786 qua
600 721 706 767 am
743 719 781 766 e
830 720 953 766 sua
991 695 1242 766 cellula
1293 698 1565 787 prandii
1617 700 1783 767 hora
1831 698 2319 779 descendisset,
2359 722 2518 770 cum
2579 699 2810 768 fratri-

260 791 396 859 bus
433 808 553 878 pro
589 808 773 854 more
797 786 1172 855 discubuit.
1211 792 1405 855 Facta
1443 809 1596 855 vero
1627 799 1729 856 est
1766 787 1905 855 illic
1936 810 2145 877 super
2189 811 2347 878 eum
2387 811 2637 857 manus
2680 793 2807 856 Do-

266 878 464 957 mini,
500 876 858 965 coepitque
893 889 1165 963 repente
1200 877 1407 945 totius
1440 877 1749 965 corporis
1785 877 2047 946 viribus
2074 876 2375 947 destitui.
2422 878 2649 945 Morbo
2683 900 2805 946 au-

263 978 400 1035 tem
437 967 659 1056 magis
707 988 785 1033 ac
837 964 1058 1054 magis
1109 965 1586 1046 invalescente,
1643 966 1963 1040 fratrum.-
1989 967 2311 1037 manibus
2356 978 2802 1045 sustentatus,

262 1079 304 1124 a
355 1076 594 1123 mensa
642 1054 970 1122 surrexit:
1027 1052 1141 1121 sed
1198 1076 1358 1123 cum
1411 1054 1801 1124 fatiscentes
1834 1066 2023 1123 artus
2073 1056 2413 1123 sustinere
2465 1078 2600 1124 non
2656 1078 2807 1144 pos-

265 1157 389 1224 set,
432 1144 498 1210 in
538 1142 903 1232 cujiisdam
943 1141 1172 1209 lectuli
1199 1156 1574 1212 stramenta
1609 1166 1680 1212 se
1718 1163 2041 1232 praeceps
2077 1144 2455 1212 inclinavit.
2496 1143 2808 1212 Sentiens

266 1234 497 1319 itaque
544 1232 850 1321 corporis
899 1230 1421 1300 dissolutionem
1486 1232 1868 1310 imminere,
1926 1235 2139 1301 accito
2189 1232 2273 1300 ad
2320 1255 2390 1301 se
2447 1234 2632 1301 socio
2682 1255 2809 1302 suo

265 1321 472 1390 fratre
523 1321 832 1410 Rogerio,
889 1319 1060 1387 dixit
1112 1320 1210 1386 ei:
1249 1345 1282 1384 «
1325 1322 1391 1388 Si
1444 1321 1565 1389 tibi
1621 1321 2018 1391 consultum
2071 1321 2359 1399 videtur,
2425 1320 2650 1401 frater,
2717 1321 2803 1390 ob

271 1409 622 1479 vitandum
679 1410 920 1478 horum
984 1407 1271 1477 fratrum
1383 1414 1727 1492 ravnmen,
1796 1409 2094 1477 Paduam
2148 1432 2257 1478 me
2316 1410 2665 1479 conferam
2717 1410 2803 1477 ad

265 1498 504 1567 beatae
553 1499 798 1567 Mariae
834 1496 1085 1566 locum.
1122 1521 1157 1563 »
1186 1503 1331 1579 Quo
1428 1521 1586 1568 cum
1651 1498 1844 1566 fratri
1896 1497 1993 1565 illi
2032 1498 2347 1587 placeret,
2392 1500 2458 1566 in
2518 1521 2802 1567 currum

267 1588 647 1676 imponitur
679 1588 781 1654 vir
824 1587 959 1664 Dei,
1000 1585 1327 1656 fratribus
1359 1586 1639 1672 quidem
1668 1587 1798 1656 loci
1832 1586 2044 1668 illius,
2101 1609 2182 1655 ne
2216 1588 2401 1676 ipsos
2442 1587 2804 1664 desereret,

266 1676 516 1745 obnixe
545 1675 1141 1744 contendentibus.
1197 1676 1323 1756 Qui
1378 1690 1603 1744 tamen
1656 1687 1730 1744 ut
1776 1675 2097 1744 viderunt
2143 1676 2297 1762 ejus
2345 1678 2660 1744 animum
2691 1677 2812 1743 fle-

268 1764 359 1833 cti
411 1786 546 1832 non
584 1786 807 1853 posse,
869 1764 1048 1853 passi
1090 1776 1275 1845 sunt,
1337 1764 1492 1832 licet
1551 1764 1769 1844 inviti,
1832 1787 1987 1832 euin
2040 1765 2253 1833 abire.
2312 1772 2464 1833 Jarn
2517 1787 2673 1833 vero
2725 1765 2807 1832 ad

267 1853 512 1923 urbem
578 1854 861 1942 propius
905 1851 1253 1921 accedenti
1288 1852 1466 1922 alius
1514 1853 1797 1939 quidam
1851 1853 2056 1920 frater
2110 1855 2377 1922 obviam
2432 1855 2636 1934 venit,
2691 1855 2813 1938 qui

266 1941 466 2010 illum
523 1942 810 2012 invisere
857 1943 1325 2010 constituerat.
1407 1947 1471 2010 Is
1550 1956 1624 2012 ut
1684 1941 1855 2010 vidit
1900 1965 2058 2010 eum
2112 1943 2180 2009 in
2257 1942 2568 2012 vehiculo
2621 1943 2815 2011 valde

268 2031 512 2100 affecta
563 2030 972 2110 valetudine,
1019 2030 1421 2100 hortabatur
1474 2052 1554 2099 ne
1605 2043 1879 2120 propter
1927 2031 2180 2099 civium
2220 2032 2813 2120 importunitatem

272 2120 338 2186 in
387 2119 625 2188 urbem
691 2118 1163 2208 ingrederetur
1192 2119 1276 2187 ad
1331 2119 1570 2189 fratres
1610 2120 1694 2188 de
1745 2126 1809 2188 S.
1869 2120 2099 2198 Maria,
2137 2120 2253 2188 sed
2287 2120 2647 2190 diverteret
2698 2143 2814 2210 po-

273 2208 410 2276 tius
467 2209 548 2275 ad
602 2208 850 2276 Cellam
903 2207 1214 2287 fratrum,
1261 2209 1453 2298 juxta
1513 2210 2001 2278 monasterium
2051 2231 2431 2297 pauperum
2492 2210 2812 2278 Domina-

273 2317 428 2364 rum
459 2297 490 2327 *
524 2296 1127 2375 commorantium,
1184 2310 1248 2366 et
1288 2298 1409 2366 ‘eis
1456 2297 1686 2365 divina
1740 2297 2309 2366 ministrantium.
2366 2298 2667 2366 Assensit
2717 2298 2817 2365 vir

274 2386 536 2465 beatuS,
602 2406 808 2471 seque
875 2406 953 2453 eo
1007 2385 1285 2475 perduci
1336 2387 1623 2455 curavit.
1700 2386 2034 2454 Paulatim
2093 2399 2320 2455 autem
2391 2386 2814 2455 increscente

272 2473 726 2563 aegritudine,
788 2474 873 2542 ad
929 2485 1224 2543 extrema
1273 2474 1647 2544 festinavit:
1707 2496 2007 2560 cumque
2049 2475 2364 2543 nonnihil
2415 2474 2808 2560 quievisset,

272 2563 445 2631 facta
481 2562 928 2642 confessione,
968 2564 1303 2651 hymnum
1363 2564 1556 2633 illum
1603 2564 1686 2632 de
1724 2566 1916 2634 beata
1952 2564 2183 2642 Maria,
2246 2568 2297 2632 Ο
2347 2563 2644 2651 gloriosa
2688 2568 2809 2631 Do-

273 2652 483 2731 mina,
539 2675 782 2722 canere
829 2653 1071 2741 coepit.
1123 2653 1371 2721 Deinde
1412 2652 1703 2723 sublatis
1756 2653 2000 2731 oculiS,
2038 2652 2449 2738 aliquandiu
2520 2674 2798 2720 sursum

270 2739 794 2810 dilirentissime
835 2742 1126 2810 intentos
1154 2764 1268 2810 eos
1313 2742 1550 2810 tenuit.
1614 2746 1783 2811 Cum
1818 2754 2047 2809 autem
2102 2742 2661 2829 interrogaretur,
2699 2763 2809 2807 ec-

270 2766 605 2915 quiiinam
659 2830 746 2898 ita
796 2832 1152 2920 aspiceret,
1212 2830 1595 2919 respondit:
1663 2829 1864 2898 Video
1860 2830 2272 2919 yominum
2336 2852 2592 2898 meum.
2658 2835 2812 2897 Cer-

275 2933 511 2990 nentes
566 2919 777 3009 igitur
845 2920 1080 2988 fratres
1135 2918 1257 3005 qui
1306 2919 1612 2997 aderant,
1688 2918 1953 2987 felicem
2004 2918 2154 3006 ejus
2195 2919 2452 2986 exitum
2502 2918 2739 2988 adesse
2780 2941 2816 2985 c

272 3008 604 3095 proximo,
660 3030 925 3076 sacram
975 3008 1365 3078 unctionem
1428 3009 1491 3076 ei
1541 3007 1941 3097 impendere
1991 3007 2376 3094 voluerunt.
2448 3012 2523 3075 Ut
2583 3020 2811 3075 autem

275 3096 441 3163 vidit
489 3109 769 3165 sanctus
811 3097 911 3164 vir
963 3097 1234 3165 fratrem
1270 3119 1351 3166 ex
1386 3119 1567 3165 more
1603 3120 1878 3166 sacrum
1908 3096 2137 3164 oleum
2173 3108 2675 3186 apportantem‚
2716 3097 2819 3162 in-

275 3198 473 3255 tuens
523 3186 588 3252 in
642 3207 826 3264 eum,
871 3186 962 3253 ait
1003 3185 1137 3253 illi:
1194 3191 1382 3254 Hanc
1417 3187 1815 3259 unctionem
1848 3208 1973 3275 ego
2017 3185 2232 3255 habeo
2285 3185 2461 3254 intra
2495 3206 2635 3253 me:
2691 3185 2817 3253 etsi

272 3286 500 3343 autem
554 3295 826 3342 necesse
871 3296 1000 3342 non
1039 3287 1139 3349 est
1174 3287 1243 3342 ut
1294 3275 1469 3342 hanc
1508 3275 1677 3342 milii
1717 3274 2139 3344 extrinsecus
2175 3273 2535 3352 adhibeas,
2571 3286 2637 3341 at
2670 3273 2819 3362 pla—

272 3374 378 3429 cet
427 3376 650 3430 tamen
714 3376 778 3431 et
826 3362 1016 3431 utilis
1054 3376 1176 3432 est.
1220 3364 1530 3452 Suscepit
1565 3364 1774 3453 igitur
1810 3385 2075 3432 sacram
2128 3363 2550 3440 unctionem,
2592 3374 2819 3431 exten-

274 3451 503 3536 sisque
552 3452 878 3521 manibus
918 3465 981 3519 et
1031 3451 1282 3539 palmis
1330 3452 1657 3529 inunctiS‚
1700 3452 2023 3542 psalmos,
2078 3472 2254 3536 quos
2298 3450 2820 3539 poenitentiales

275 3552 538 3617 vocant,
587 3562 746 3609 cum
798 3540 1126 3609 fratribus
1177 3540 1483 3630 perlegit.
1534 3540 1697 3609 {nde
1730 3541 1928 3627 quasi
1977 3539 2269 3607 dimidia
2325 3539 2560 3639 elapsa
2617 3539 2808 3619 hora,

273 3628 450 3696 inter
513 3650 761 3698 manus
810 3629 1182 3698 astantium
1240 3629 1606 3698 dormienti
1678 3629 1930 3698 similis
1999 3628 2242 3697 leniter
2300 3628 2670 3717 expiravit,
2748 3641 2813 3695 et

271 3718 506 3785 anima
540 3716 654 3785 illa
685 3718 1143 3796 sanctissima,
1179 3719 1406 3786 carnis
1446 3718 1793 3807 ergastulo
1828 3716 2164 3795 absoluta,
2204 3717 2270 3784 in
2306 3718 2636 3805 abyssum
2674 3716 2817 3785 cla-

273 3806 492 3874 ritatis
526 3807 847 3895 absorpta
886 3820 1008 3876 est.
1051 3811 1308 3895 Corpus
1344 3807 1546 3895 plane
1584 3806 1887 3875 dormire
1938 3806 2319 3883 videbatur,
2367 3806 2693 3874 manibus
2746 3806 2813 3872 in

270 3894 640 3963 candorem
691 3908 756 3964 et
789 3895 1082 3984 colorem
1122 3895 1489 3985 pristinum
1544 3895 1847 3974 mutatiS,
1886 3907 1951 3962 et
1993 3895 2322 3965 membris
2352 3892 2681 3964 omnibus
2730 3893 2816 3961 ad

273 3997 522 4052 nutum
572 3985 1137 4054 contrectantium
1197 3984 1641 4054 flexibilibus.
1709 3984 2050 4073 Agebatur
2112 3996 2254 4053 tum
2308 4006 2348 4051 a
2396 3983 2646 4052 Christi
2709 3983 2816 4049 in·-

273 4071 673 4142 carnatione
711 4095 940 4143 annus
987 4094 1260 4142 mccxxxi
1293 4087 1359 4142 et
1391 4072 1540 4142 dies
1569 4073 1769 4141 Junii
1814 4078 1921 4140 ⁴13.

360 4162 398 4247 ξ
446 4166 585 4233 41.
642 4161 887 4230 Eodem
945 4173 1173 4231 autem
1224 4161 1334 4231 die
1385 4160 1879 4231 celeberrimus
1920 4160 2035 4229 ille
2068 4161 2292 4231 Abbas
2341 4160 2811 4240 VercellensiS,

274 4271 506 4318 sacrae
556 4249 829 4321 lectioni
878 4263 943 4319 et
982 4250 1236 4320 divinis
1286 4249 1851 4320 meditationibus
1913 4250 2241 4331 intentuS‚
2304 4249 2495 4320 solus
2554 4261 2696 4319 erat
2748 4250 2813 4316 in

329 4408 352 4432 ‘¹‘
381 4404 656 4501 Ἇιιίιοιὲίαὶὲιιω
687 4410 883 4447 Arcena?
914 4411 1082 4458 vetet-ia,
1114 4410 1246 4448 extra
1275 4409 1458 4448 paduae
1487 4404 1689 4451 moenia.
1720 4409 1776 4447 ad
1794 4408 1976 4457 portam
1998 4409 2172 4447 Caudex?
2191 4410 2353 4458 loroque.
2376 4410 2593 4457 pauperes
2613 4406 2830 4445 Dominae

274 4468 392 4508 appe
437 4470 462 4499 a
495 4469 553 4499 an
579 4471 650 4501 ur.
