3357 4995
629 317 757 382 300
1277 335 1352 380 na
1401 335 1456 380 s.
1512 303 1784 380 amomo
1834 333 1873 378 A
1922 331 2131 379 PADUA
2177 327 2358 378 mero
2732 312 2950 379 JUNII
3005 314 3094 378 43

533 418 857 488 narravit.
905 423 1102 487 Nocte
1149 416 1449 503 quadam
1483 438 1719 486 sacrae
1766 415 2370 505 Quadragesimae,
2421 414 2492 482 in
2527 414 2805 483 exordio
2836 437 3089 483 earum

533 529 707 593 quas
754 506 1056 576 diximus
1103 506 1326 574 virum
1360 506 1473 575 Dei
1507 517 1671 576 tunc
1721 505 2106 594 suscepisse
2153 504 2714 594 occupationum,
2772 503 2955 573 fessa
2987 503 3096 572 la-

533 596 817 665 boribus
867 595 1178 663 membra
1226 595 1450 664 somni
1501 594 1833 664 beneficio
1883 593 2200 663 nonnihil
2253 613 2559 666 recreare
2584 591 2875 662 volebat.
2915 598 3098 663 Ecce

534 697 763 754 autem
813 684 1132 772 impurus
1182 696 1374 752 satan
1425 679 1639 762 adest,
1678 697 1742 750 et
1776 683 2078 751 hominis
2133 682 2245 750 Dei
2296 694 2536 771 guttur
2568 693 2756 750 tanta
2802 682 2868 749 vi
2894 704 3092 769 com-

536 772 796 862 primit‚
847 783 925 841 ut
973 772 1108 840 nisi
1156 772 1490 841 divinitus
1523 771 1908 841 retardatus
1954 784 2153 850 esset,
2207 771 2395 841 haud
2446 770 2659 840 dubio
2686 792 2849 839 eum
2882 793 3092 860 prae-

533 861 884 930 focaturus
933 860 1157 930 fuerit.
1212 865 1288 930 At
1336 861 1449 930 ille
1495 861 1933 930 beatissimae
1982 860 2215 930 Matris
2256 861 2372 929 Dei
2422 881 2674 928 nomen
2724 859 3087 940 invocanS‚

532 963 598 1019 et
646 950 852 1018 fronti
902 971 1067 1018 suae
1115 950 1424 1019 vivificae
1472 950 1708 1018 Crucis
1740 949 2020 1049 signum
2072 947 2922 1050 imprimens'simulque
2969 948 3096 1016 de-

534 1061 859 1128 promens
908 1038 1249 1125 hymnum
1297 1039 1521 1119 illum,
1567 1043 1618 1107 0
1657 1038 1957 1128 gloriosa
1994 1043 2304 1116 Domina,
2345 1038 2413 1104 in
2448 1037 2683 1126 fugam
2750 1037 3099 1127 compulit

477 1129 484 1134 ⁴
535 1128 1046 1214 nequissimum
1101 1127 1449 1215 spiritum,
1511 1139 1576 1195 et
1625 1139 1898 1215 repente
1958 1149 2030 1195 se
2079 1127 2293 1208 sensit
2328 1126 2720 1195 liberatum.
2778 1130 3097 1213 Cumque

533 1216 906 1306 fugientem
943 1215 1140 1284 illum
1193 1215 1421 1284 videre
1468 1228 1773 1304 cuperet,
1814 1215 2053 1284 oculos
2101 1217 2441 1305 aperiens,
2498 1227 2706 1283 totam
2750 1214 2968 1296 illan'r,
3017 1217 3091 1283 in

534 1327 674 1392 qua
722 1303 1046 1403 cubabat,
1105 1303 1428 1374 cellulam
1496 1305 1781 1394 superni
1844 1304 2133 1374 luminis
2183 1305 2673 1394 splendoribus
2734 1303 3094 1393 perfusam

534 1404 912 1483 conspexit.

620 1486 658 1569 ξ
705 1486 858 1555 19.
913 1487 1207 1570 Pergens
1240 1480 1489 1549 deinde
1524 1482 1591 1550 in
1625 1491 1944 1572 suscepto
1980 1503 2103 1571 per
2140 1481 2758 1571 Quadragesimam
2809 1482 3094 1549 concio-

542 1570 756 1639 nandi
822 1569 1056 1639 labore
1100 1591 1177 1638 ac
1226 1569 1478 1650 studio,
1536 1571 1875 1660 populum
1940 1570 2184 1640 habuit
2232 1569 2562 1639 audiendi
2607 1571 2839 1660 ipsum
2886 1572 3093 1659 cupi-

534 1659 928 1738 dissimum,
976 1658 1067 1726 ita
1098 1671 1174 1726 ut
1211 1660 1520 1728 certatim
1551 1661 1823 1729 cunctis
1873 1658 1958 1727 ad
2012 1679 2170 1728 eum
2212 1658 2725 1728 confluentibus
2767 1671 3092 1747 oportue·
3174 1663 3180 1668 ’

542 1748 633 1816 rit
694 1747 1134 1833 quotidianas
1195 1749 1262 1815 in
1314 1747 1622 1818 ecclesiis
1681 1749 2009 1818 stationes
2068 1747 2304 1816 indici.
2380 1747 2507 1816 Sed
2567 1770 2727 1816 cum
2794 1747 3088 1816 nimiam

541 1836 935 1905 auditorum
987 1835 1436 1922 frequentiam
1494 1836 1944 1906 ecclesiarum
1999 1836 2302 1905 ambitus
2367 1857 2505 1905 non
2555 1849 2851 1924 caperet,
2897 1858 3089 1904 com-

543 1925 789 2014 pulsus
836 1938 937 1993 est
969 1925 1054 1992 ad
1087 1936 1394 2014 patentes
1422 1947 1576 1994 sese
1612 1948 1898 2015 campos
1928 1924 2317 2005 transferre,
2358 1936 2562 2011 atque
2611 1925 2704 1992 ita
2754 1924 3084 1994 salutaris

538 2014 891 2082 doctrinae
940 2013 1173 2103 pluvia
1203 2014 1287 2082 de
1326 2015 1614 2102 spiritus
1663 2014 2091 2083 abundantia
2140 2015 2431 2104 irrigare
2456 2013 2871 2083 sitibundos.
2912 2017 3089 2082 Con-

539 2103 735 2171 fluxit
767 2114 993 2171 autem
1028 2124 1106 2169 eo
1133 2124 1211 2171 ex
1237 2103 1482 2171 vicinis
1528 2103 1847 2184 urbibus,
1888 2103 2154 2182 castriS,
2187 2102 2413 2258 pagis,
2469 2102 2839 2170 innumera
2878 2124 3091 2192 prope

536 2191 899 2260 hominum
959 2191 1329 2260 multitudo
1359 2247 1373 2271 ,
1441 2191 1737 2260 salutem
1788 2213 1985 2262 suam
2038 2191 2109 2258 in
2159 2191 2351 2260 ilius
2400 2191 2716 2259 doctrina
2764 2212 2884 2280 spe
2950 2213 3084 2259 non

537 2280 752 2349 dubia
801 2279 1167 2349 collocans,
1226 2279 1610 2370 Surgebant
1658 2282 2067 2370 intempesta
2124 2293 2341 2358 nocte,
2411 2293 2475 2348 et
2523 2279 2640 2347 alii
2690 2278 2863 2347 alios
2917 2281 3089 2348 nite-

533 2369 790 2437 bantur
837 2381 1277 2448 antevertere,
1318 2369 1767 2455 accensisque
1824 2369 2290 2437 luminaribus
2346 2368 2430 2437 ad
2486 2368 2738 2448 locum,
2780 2368 2898 2437 ubi
2936 2384 3084 2438 erat

536 2457 843 2528 facturus
893 2457 1176 2527 verbum
1225 2457 1327 2525 vir
1380 2459 1515 2538 Dei,
1572 2478 1848 2527 summa
1902 2458 2339 2527 contentione
2389 2456 2872 2547 properabant.
2929 2461 3087 2525 Cer-
3148 2467 3153 2470 ’

534 2569 694 2615 nere
742 2547 884 2615 illic
931 2560 1076 2616 erat
1131 2546 1409 2627 milites,
1476 2560 1828 2616 matronas
1879 2546 2145 2616 nobiles
2205 2546 2453 2615 mediis
2514 2547 2734 2616 noctis
2783 2547 3088 2617 tenebris

534 2657 913 2714 accurrere,
961 2648 1031 2704 ,et
1077 2636 1198 2721 qui
1240 2637 1310 2703 in
1349 2635 1643 2705 multam
1697 2636 1918 2704 lucem
1969 2636 2164 2724 prius
2214 2646 2491 2705 stertere
2551 2650 3073 2713 consueverant,

535 2725 794 2811 absque
834 2724 977 2793 ullo
1025 2725 1248 2793 taedio
1297 2724 1397 2792 vel
1433 2723 1739 2793 molestia
1785 2726 2356 2794 concionaturum
2410 2724 2649 2812 vigiles
2698 2737 3079 2813 expectare.

538 2813 978 2903 Deponebant
1025 2824 1252 2881 autem
1287 2834 1526 2881 omnes
1565 2813 1924 2881 cultiorem
1960 2814 2301 2893 habitum,
2333 2824 2397 2881 et
2422 2833 2598 2898 quae
2638 2812 2721 2880 ad
2758 2825 3083 2881 ornatum

537 2914 847 2990 spectare
896 2901 1327 2981 videbantur,
1372 2902 1879 2987 utebanturque
1927 2902 2232 2972 vestibus
2283 2901 2647 2989 religiosis.
2704 2906 2857 2991 Ipse
2911 2923 3088 2986 quo-

586 3012 669 3058 ue
716 2990 1008 3058 Antistes
1057 2990 1428 3060 Paduanus
1475 3011 1638 3060 cum
1687 2990 1876 3058 Clero
1904 3012 2029 3060 suo
2058 2990 2284 3058 virum
2327 2990 2442 3057 Dei
2491 2990 2726 3058 devote
2759 3011 3082 3075 sequens,

566 3098 895 3164 ormaque
943 3079 1134 3168 gregi
1183 3101 1308 3149 suo
1343 3078 1562 3147 factus
1595 3100 1673 3147 ex
1723 3080 1979 3159 anim0,
2034 3101 2277 3148 omnes
2326 3100 2453 3147 suo
2501 3078 2814 3169 egregiae
2858 3079 3093 3146 humi-

541 3166 753 3235 litatis
807 3167 1119 3256 exemplo
1178 3167 1260 3254 ad
1321 3179 1637 3236 accurate
1686 3166 2221 3237 auscultandum
2276 3167 2604 3236 incitavit.
2662 3172 2897 3254 ltaque
2945 3166 3092 3236 viro

541 3256 658 3323 Dei
693 3254 1035 3341 loquente,
1092 3267 1276 3324 tanto
1307 3256 1394 3324 ab
1435 3256 1763 3324 omnibus
1799 3256 2027 3326 studio
2055 3256 2555 3333 attendebatur,
2590 3270 2665 3325 ut
2696 3256 2765 3323 in
2806 3256 3091 3344 triginta

539 3345 642 3413 vel
678 3365 755 3412 eo
805 3344 1108 3433 amplius
1157 3344 1520 3413 hominum
1572 3343 1884 3413 millibus
1921 3344 2028 3413 vix
2078 3366 2399 3414 murmur
2447 3344 2727 3431 aliquod
2771 3357 2890 3412 aut
2922 3358 3092 3412 stre—

542 3432 730 3522 pitus
786 3434 1171 3503 sentiretur.
1228 3434 1572 3502 Tabernas
1621 3455 1785 3501 suas
1836 3445 2243 3502 mercatores
2297 3455 2431 3501 non
2491 3433 2809 3502 volebant
2859 3435 3092 3522 patere

538 3521 864 3608 cuiquam
916 3522 999 3589 ad
1051 3521 1380 3591 emendas
1429 3542 1715 3601 merceS,
1758 3522 1891 3589 nisi
1990 3524 2136 3591 rius
2186 3522 2405 3591 sancti
2448 3522 2575 3589 viri
2605 3522 2935 3590 concione
2966 3522 3092 3589 ab-

539 3610 792 3679 soluta:
847 3610 1016 3679 adeo
1056 3610 1405 3679 fervebant
1438 3609 1628 3679 illius
1657 3611 1910 3680 audien
1969 3612 1989 3678 i
2022 3611 2385 3680 desiderio.
2427 3610 2788 3679 Foeminae
2821 3632 2899 3678 ex
2932 3611 3087 3699 pie-

539 3710 672 3767 tate
717 3714 782 3769 et
813 3699 1167 3769 devotione
1216 3698 1706 3789 praecidebant
1739 3699 2095 3771 forficibus
2127 3699 2499 3788 particulas
2549 3721 2585 3767 e
2635 3699 2869 3768 tunica
2899 3699 3080 3787 ejus,

538 3808 663 3877 pro
712 3787 1024 3875 reliquiis
1071 3809 1186 3856 eas
1237 3788 1639 3857 habiturae:
1686 3800 1751 3857 et
1797 3790 1910 3857 cui
1961 3789 2255 3876 dabatur
2285 3789 2683 3878 contingere
2734 3787 3088 3856 fimbriam

535 3876 921 3946 vestimenti
970 3878 1142 3967 ejuS,
1198 3878 1256 3946 is
1304 3878 1579 3946 beatum
1633 3899 1704 3946 se
1753 3877 2239 3946 arbitrabatur.
2280 3876 2617 3945 Concione
2658 3890 2956 3966 peracta,
2999 3876 3090 3945 ab

535 3964 900 4034 hominum
936 3966 1352 4036 irruentium
1404 3967 1466 4034 vi
1500 3965 1777 4034 defendi
1826 3968 1935 4035 vix
1986 3967 2229 4056 potuit,
2271 3965 2405 4036 nisi
2437 3965 2716 4034 fortium
2768 3965 3082 4032 virorum

537 4064 775 4210 septus
837 4055 1223 4143 praesidiis,
1291 4055 1391 4123 vel
1441 4055 1646 4145 fugae
1712 4055 2292 4145 opportunitatem
2343 4054 2589 4123 callide
2651 4052 3083 4143 exploraret,

537 4163 614 4298 lve
681 4142 907 4212 turbis
939 4144 1215 4213 tandem
1247 4144 1753 4224 recedentibus,
1791 4146 1961 4215 citra
1996 4143 2378 4212 molestiam
2414 4144 2547 4232 ipsi
2590 4163 2867 4230 quoque
2894 4140 3087 4211 abire

564 4245 793 4300 iceret.

621 4322 659 4407 ξ
711 4324 878 4395 2⁰.
933 4326 984 4390 Ο
1030 4332 1196 4408 quot
1226 4320 1342 4390 ille
1375 4332 1520 4390 tum
1555 4321 1718 4390 odia
1747 4320 2194 4410 inexpiabilia
2225 4332 2291 4390 et
2338 4319 2817 4410 implacabiles
2846 4319 3088 4387 inimi-

531 4409 730 4481 citias
778 4410 863 4480 ad
915 4432 1154 4500 pacem
1203 4423 1269 4480 et
1293 4409 1733 4479 concordiam
1784 4408 2395 4496 revocavit,·quam
2446 4409 2702 4480 multos
2750 4408 3086 4478 diuturna
