3357 4995
185 345 400 408 JUMI
449 344 490 408 7
789 364 866 409 nr.
915 364 969 409 s.
1027 362 1227 409 muno
1276 362 1566 410 meante.
1619 360 2109 410 consummor.
2513 348 2634 411 195

185 446 523 533 Synodus,
593 460 942 534 praesente
990 447 1192 515 etiam
1262 447 1675 516 Constantio
1743 447 2111 514 Eusebiani
2161 459 2389 518 autem
2441 449 2718 518 student

185 549 335 603 ante
376 535 534 613 alia,
573 548 649 604 ut
695 535 1078 625 deponatur
1127 536 1561 605 Athanasius.
1619 535 1916 603 Primam
1968 557 2125 603 vero
2175 536 2245 602 in
2283 557 2442 604 eum
2495 537 2719 606 inten-

183 637 323 692 tant
371 625 906 703 accusationem,
944 624 1126 709 quod
1165 623 1397 694 fecerit
1434 636 1698 713 praeter
1730 623 2080 712 regulam:
2131 624 2440 714 regulam
2482 625 2719 695 dicen-

181 726 298 792 teS,
332 734 544 798 quam
600 725 760 781 tunc
809 713 942 802 ipsi
989 713 1369 783 ediderant.
1421 718 1755 782 Reversus
1786 713 1997 790 enim,
2032 712 2329 798 aiebant,
2367 715 2454 782 ab
2484 715 2711 790 exilio,

183 823 309 869 non
377 802 734 870 communi
794 802 1152 880 sententia,
1185 802 1302 869 sed
1346 803 1491 891 ipse
1542 801 1673 870 sibi
1726 800 2005 868 tradidit
2053 803 2553 890 episcopatum.
2597 809 2712 870 Se-

184 889 479 959 cundam
531 902 758 959 autem
801 891 984 977 quod
1047 912 1207 959 cum
1257 890 1326 957 in
1371 891 1519 980 ejus
1582 889 1882 958 adventu
1917 902 2149 958 exorta
2198 902 2376 958 esset
2436 891 2704 971 sedith,

187 978 380 1047 multi
431 980 572 1048 sint
611 979 886 1047 mortui.
933 979 1248 1056 Tertiam,
1303 1002 1381 1047 ea
1428 1000 1605 1065 quae
1654 977 1829 1047 sacta
1878 992 2038 1046 sunt
2079 979 2260 1066 Tyri.
2321 984 2411 1047 Ex
2458 979 2716 1062 quibus

182 1067 634 1136 condemnato
676 1068 945 1166 pietatis
995 1067 1268 1144 athleta,
1309 1069 1458 1156 ejus
1509 1067 1653 1135 loco
1695 1068 2126 1136 constituunt
2158 1068 2561 1156 Gregorium
2590 1071 2707 1154 qui

183 1156 416 1224 eadem
469 1177 646 1241 quae
682 1157 812 1245 ipsi
847 1157 1200 1225 sentiebat.
1236 1162 1309 1225 Et
1339 1179 1496 1225 cum
1552 1157 1717 1224 haec
1752 1156 1902 1224 ausi
1937 1168 2186 1232 essent,
2224 1155 2478 1224 audent
2506 1157 2711 1226 etiam

182 1245 384 1313 fidem
438 1244 966 1313 transformare:
1025 1245 1194 1313 nihil
1244 1245 1522 1331 quidem
1574 1259 1804 1334 aperte
1853 1244 2427 1334 reprehendentes
2478 1267 2715 1314 eorum

178 1356 351 1420 quae
400 1333 581 1401 facta
628 1347 789 1401 sunt
837 1335 1113 1402 Niceae:
1168 1334 1285 1402 sed
1318 1333 1629 1422 improbo
1655 1345 1719 1400 et
1763 1333 2100 1401 malitioso
2128 1333 2419 1402 consilio
2448 1335 2713 1402 semina

182 1424 377 1513 prius
417 1423 754 1509 jacientes
801 1423 886 1490 ad
937 1422 1427 1491 destruendum
1496 1422 1928 1490 homousion.
1968 1428 2042 1489 Et
2097 1443 2274 1507 quae
2322 1423 2715 1490 Antiochiae

179 1512 459 1598 quidem
504 1511 735 1580 habita
787 1510 914 1580 fuit
963 1511 1303 1611 Synodus,
1358 1531 1517 1579 cum
1571 1511 1737 1578 haec
1799 1523 1863 1577 et
1927 1511 2323 1598 hujusmodi
2360 1511 2495 1579 alia
2543 1533 2713 1580 ausa

183 1613 377 1679 esset,
417 1613 485 1668 et
521 1599 857 1685 quosdam
897 1601 1164 1669 lecisset
1211 1621 1531 1676 canones,
1577 1599 1707 1667 suit
1748 1598 1991 1667 solnta.

264 1693 299 1775 ξ
350 1695 436 1761 4.
497 1689 829 1757 Eusebius
868 1702 1093 1759 autem
1144 1688 1457 1777 fungitur
1509 1687 1843 1776 legatione
1894 1687 2076 1775 apud
2135 1687 2399 1755 Julium
2466 1694 2713 1757 Roma-

188 1801 349 1847 num
403 1778 846 1867 Episcopum,
908 1778 1337 1854 machinans,
1393 1790 1468 1845 ut
1515 1776 2047 1866 confirmaretur
2092 1776 2225 1845 lata
2292 1776 2359 1843 in
2418 1777 2711 1844 Athana-

183 1868 361 1936 sium
415 1867 774 1934 sententia.
845 1865 970 1933 Sed
1024 1866 1193 1933 nihil
1259 1865 1480 1934 effecit
1534 1887 1771 1933 eorum
1834 1887 2011 1949 quae
2060 1864 2398 1952 sperabat.
2456 1866 2708 1936 Paulus

182 1978 333 2023 vero
377 1953 678 2022 Pontifex
740 1977 895 2022 cum
953 1959 1234 2023 Romam
1300 1955 1613 2028 venisset,
1650 1967 1714 2021 et
1762 1954 1878 2021 alii
1923 1975 2055 2020 non
2110 1954 2309 2041 pauci
2360 1955 2701 2042 Episcopi,

180 2043 558 2130 quinetiam
593 2044 612 2111 i
668 2066 738 2112 se
772 2066 1045 2130 quoque
1093 2042 1524 2120 AthanasiuS,
1565 2043 1682 2128 qui
1720 2041 1989 2110 fuerant
2020 2041 2310 2129 expulsi,
2354 2064 2710 2130 compara-

181 2134 263 2201 tis
305 2133 394 2200 ab
445 2065 736 2201 Eusebio
786 2132 1079 2210 insidiis,
1135 2132 1339 2202 simul
1403 2136 1654 2200 Romae
1719 2131 2077 2220 degebant.
2145 2135 2432 2198 Sanctus
2482 2145 2707 2218 autem

179 2222 411 2290 Julius
453 2242 618 2288 cum
675 2221 1107 2290 intellexisset
1153 2242 1300 2288 esse
1347 2220 1769 2288 calumniam
1811 2241 1987 2305 quae
2045 2219 2219 2286 facta
2270 2218 2539 2286 fuerant
2587 2220 2710 2286 ad—

183 2332 417 2378 versus
469 2310 851 2387 Pontifices,
920 2332 1034 2378 eos
1086 2308 1297 2377 literis
1348 2309 1649 2377 munitos
1688 2309 1889 2377 mittit
1946 2307 2030 2374 ad
2087 2308 2453 2386 Orientem,
2512 2330 2707 2375 suam

179 2399 558 2484 unicuique
609 2398 900 2466 reddens
949 2397 1202 2475 sedem,
1257 2410 1320 2464 et
1368 2419 1481 2466 eos
1531 2396 1736 2466 simul
1798 2395 2305 2486 reprehendens
2354 2396 2472 2480 qui
2526 2396 2710 2485 ipsos

181 2487 661 2577 deposuerant.
719 2493 923 2573 Atque
986 2510 1148 2555 suas
1195 2484 1472 2572 quidem
1531 2486 1857 2555 ecclesias
1908 2486 1952 2553 ii
2006 2507 2247 2555 rursus
2309 2484 2702 2575 accipiunt,

179 2591 240 2645 et
289 2578 572 2645 mittunt
636 2573 863 2645 literas
910 2576 990 2643 ad
1044 2598 1181 2654 eos,
1226 2575 1312 2642 ad
1360 2596 1535 2660 quos
1595 2576 1887 2664 scriptae
1931 2576 2220 2642 fuerant.
2268 2578 2430 2640 Cum
2498 2578 2707 2640 Euse-

181 2666 337 2734 bius
387 2666 615 2750 itaque
657 2665 1042 2737 interiisset,
1089 2664 1342 2732 Paulus
1369 2664 1437 2731 in
1489 2686 1686 2732 suam
1724 2663 1951 2732 sedem
1987 2662 2393 2729 restituitur.
2428 2662 2553 2741 Qui
2590 2684 2709 2730 au-

182 2767 307 2822 tem
357 2767 582 2843 partes
615 2754 784 2821 Arrii
827 2754 1310 2838 sequebantur,
1356 2752 1422 2819 in
1472 2774 1546 2819 ea
1596 2774 1771 2836 quae
1825 2772 2007 2820 nunc
2056 2750 2139 2818 ad
2192 2749 2480 2818 Paulum
2533 2749 2704 2818 dici-

183 2855 310 2921 tur,
346 2841 657 2921 ecclesia,
697 2842 960 2931 eligunt
1011 2840 1479 2910 Macedonium
1512 2840 1672 2925 :qui
1702 2839 2102 2929 blaspheme
2141 2838 2420 2925 quidem
2452 2837 2703 2906 Filium

181 2930 447 3000 dicebat
475 2952 623 2998 esse
675 2931 851 2999 Patri
885 2930 1206 3009 similem,
1253 2929 1832 2997 circumscribens
1891 2927 2363 3008 homousium:
2415 2928 2704 2998 sanctis-

179 3021 434 3087 simum
473 3031 699 3087 autem
753 3020 1079 3107 Spiritum
1119 3041 1154 3086 a
1207 3018 1561 3086 divinitate
1593 3018 1879 3085 omnino
1911 3016 2239 3084 alienum.

262 3112 299 3193 ξ
344 3112 433 3179 5.
489 3112 654 3176 Cum
706 3108 1115 3176 Athanasius
1175 3118 1400 3175 autem
1469 3128 1666 3176 suam
1740 3106 2104 3194 recepisset
2158 3104 2521 3174 ecclesiam
2587 3105 2708 3189 qui

179 3195 628 3265 considebant
676 3217 930 3267 rursus
947 3195 1336 3264 Antiochiae
1358 3194 1641 3282 (etenim
1671 3217 1916 3263 rursus
1942 3205 2423 3271 convenerant,
2448 3214 2707 3261 conan-

179 3299 273 3354 tes
299 3285 604 3353 vicissim
631 3282 988 3352 criminari
1013 3283 1279 3352 ,lulium
1311 3288 1700 3351 Romanum
1729 3282 2195 3371 Episcopum),
2244 3281 2560 3371 protinus
2590 3281 2709 3347 im-

183 3374 372 3462 pium
427 3374 851 3462 Gregorium,
907 3393 1111 3457 quem
1155 3372 1289 3460 ipsi
1330 3384 1594 3461 praeter
1627 3372 1812 3465 leges
1850 3370 2219 3460 elegerant,
2258 3370 2539 3439 mittunt
2566 3368 2711 3437 Ale-

180 3460 565 3531 xandriam.
603 3465 679 3529 Et
713 3483 871 3530 eum
901 3460 1181 3546 quidem
1219 3459 1585 3529 reducebat
1629 3465 1902 3529 Praetor
1952 3457 2417 3537 Alexandriae,
2472 3479 2709 3541 secum

178 3550 441 3619 ducens
466 3562 724 3638 septem
779 3547 998 3617 millia
1047 3547 1368 3617 militum.
1406 3548 1598 3629 Quod
1642 3570 1802 3617 cum
1858 3546 2703 3625 rescivissetAthanasiuS,

181 3643 470 3707 Romam
505 3638 751 3707 iterum
784 3637 1144 3726 navigavit.
1182 3637 1482 3726 Populus
1529 3648 1755 3706 autem
1792 3636 2289 3705 Alexandrinus
2321 3656 2456 3703 non
2488 3634 2711 3703 serens

178 3748 322 3795 rem
353 3740 492 3796 tam
525 3726 878 3807 nefariam,
909 3725 1269 3795 ecclesiam
1297 3747 1472 3811 quae
1501 3725 1868 3795 vocabatur
1895 3724 2224 3813 Dionysii,
2259 3745 2393 3794 non
2434 3736 2609 3793 recte
2647 3723 2713 3791 id

175 3814 461 3890 faciens.
499 3816 779 3885 exussit.
824 3818 987 3884 Cum
1032 3835 1187 3884 vero
1221 3813 1605 3884 rescivisset
1649 3813 2087 3883 Constantius
2168 3813 2241 3882 ui
2290 3813 2532 3901 agebat
2580 3817 2711 3880 An·
2806 3862 2811 3867 -

176 3904 491 3983 tiochiae,
538 3902 828 3973 Paulum
881 3923 1283 3992 praeconem
1322 3902 1620 3972 veritatis
1670 3903 1738 3970 in
1790 3920 1988 3972 suam
2041 3924 2112 3970 se
2164 3922 2269 3970 cm
2320 3924 2467 3970 esse
2521 3900 2709 3971 resti-

175 4005 428 4071 tutum,
455 3992 653 4081 jubet
701 3992 1113 4082 Hermogeni
1163 3991 1331 4060 Duci
1379 3992 1717 4061 exercitus
1750 3992 1871 4077 qui
1915 3990 2310 4059 mittebatur
2357 3990 2425 4057 in
2480 4001 2711 4078 partes

175 4081 526 4157 Thraciae,
568 4081 929 4150 exturbare
976 4101 1134 4150 eum
1183 4101 1262 4148 ex
1310 4079 1622 4150 ecclesia.
1659 4084 1736 4147 Et
1762 4079 1875 4147 ille
1915 4079 2194 4165 quidem
2222 4099 2383 4147 cum
2417 4078 2713 4147 venisset

64 4224 72 4233 .
180 4168 863 4260 Constantinopolim,
921 4167 1238 4238 studebat
1283 4168 1526 4249 facere,
1580 4180 1656 4236 ut
1710 4168 1772 4236 ei
1822 4167 2039 4236 fuerat
2089 4168 2529 4267 imperatum.
2586 4171 2710 4233 Po-

179 4259 389 4347 pulus
429 4270 656 4327 autem
707 4277 843 4325 non
879 4258 1137 4327 esthoc
1166 4278 1450 4347 passus:
1516 4254 1634 4324 sed
1685 4268 1750 4325 et
1778 4255 2061 4325 domum
2097 4278 2248 4345 ejus
2299 4254 2705 4332 incendunt,

179 4359 243 4415 et
304 4348 535 4437 ipsum
598 4357 974 4417 extractum
1038 4346 1466 4415 interimunt.
1538 4343 1735 4426 Quod
1805 4345 2084 4431 quidem
2142 4365 2301 4413 cum
2374 4342 2708 4411 audiisset

185 4436 664 4515 Constantius,
724 4435 1099 4526 aegerrime
1160 4433 1314 4504 tulit
1377 4433 1562 4521 quod
1613 4432 1868 4503 sactum
1918 4432 2172 4503 suerat:
2232 4445 2296 4501 et
2344 4453 2501 4500 cum
2565 4431 2708 4518 ipse
