3357 4995
221 343 259 408 J
269 340 445 408 UNII
492 340 579 406 25
1067 358 1147 405 nn
1193 358 1251 406 s.
1302 357 1665 407 munnam
1713 357 1935 406 nivini
2552 337 2679 404 575

218 447 353 513 Deo
401 442 770 513 animabus
825 453 1007 512 totus
1060 441 1520 524 incumbens,
1579 442 1960 533 praesentis
2011 439 2267 512 laboris
2318 440 2757 530 asperitatem

217 530 493 603 futurae
541 529 877 601 mercedis
923 529 1499 622 contemplatione
1549 530 1871 601 leniebat.

306 623 343 710 §
391 625 482 692 6.
545 623 811 690 Interea
861 623 1046 711 Eggo
1097 618 1239 701 ille,
1284 640 1492 707 quem
1532 618 1840 690 diximus
1884 617 2282 709 sponsionis
2330 617 2461 687 viri
2497 617 2616 688 Dei
2650 639 2762 688 ae·

217 708 533 779 stimator
577 707 1049 789 avidissimus,
1099 706 1255 796 ejus
1302 707 1603 779 reditum
1651 707 1827 778 mire
1866 706 2160 778 sitiebat.
2218 711 2302 778 Ut
2348 717 2580 777 autem
2630 705 2761 775 mi-

218 795 561 878 raculum,
614 797 797 867 beati
843 795 973 866 viri
1019 795 1456 866 declarandis
1490 796 1752 868 meritis
1780 795 2120 867 divinitus
2149 794 2598 877 destinatum,
2638 817 2761 866 au-

216 885 492 978 gustius
537 885 874 966 existeret,
914 884 1167 955 accidit
1197 896 1275 956 ut
1301 884 1776 975 hospitiolum,
1814 884 1886 954 in
1919 906 2059 973 quo
2079 905 2298 975 grana
2330 883 2520 976 pomi
2545 883 2756 975 igniS,

219 974 527 1044 mittente
575 978 639 1044 S.
699 973 1060 1045 Adalberto
1091 1028 1107 1055 ,
1167 984 1543 1066 exceperat,
1595 972 1960 1045 voracibus
2021 973 2325 1044 flammis
2373 972 2445 1042 in
2493 971 2763 1044 favillas

219 1062 665 1154 redigeretur.
719 1062 969 1150 Ecquis
1017 1083 1177 1133 vero
1223 1084 1303 1133 ex
1348 1062 1693 1148 ejusmodi
1738 1061 2057 1134 ambusto
2123 1060 2273 1132 loco
2319 1082 2603 1153 germen
2647 1060 2758 1131 ul·

216 1150 364 1222 lum
411 1173 723 1239 unquam
771 1172 1229 1233 emersurum,
1283 1173 1368 1221 ne
1419 1174 1539 1221 um
1589 1152 1763 1222 bene
1799 1148 2169 1242 frugiferas
2197 1149 2471 1241 plantas
2499 1171 2580 1220 ex
2607 1170 2760 1218 car-

214 1239 479 1310 bonum
507 1238 818 1327 reliquiis
848 1238 1244 1330 prodituras
1266 1243 1620 1332 speraret?
1649 1238 1777 1310 Sed
1810 1242 1944 1309 Deo
1972 1240 2088 1310 cui
2126 1239 2413 1309 omnino
2442 1237 2626 1309 idem
2659 1249 2761 1310 est

216 1326 387 1399 velle
441 1326 626 1416 quod
659 1350 881 1419 posse,
934 1327 1108 1398 nihil
1157 1328 1243 1398 ad
1291 1327 1733 1400 efficiendum
1781 1326 2063 1399 difficile
2108 1338 2233 1399 est.
2291 1327 2593 1416 Denique
2631 1326 2759 1397 ubi

216 1428 684 1508 opportunum
736 1416 1125 1487 adventavit
1184 1430 1458 1509 tempus
1483 1472 1499 1499 ,
1551 1439 1633 1487 ex
1686 1416 1923 1487 eodem
1973 1416 2121 1489 loco
2173 1415 2429 1507 prodiit
2474 1436 2755 1507 germen

217 1505 449 1576 odoris
497 1505 791 1588 Domini,
842 1517 908 1576 et
953 1527 1171 1597 grana
1217 1505 1288 1575 in
1338 1505 1570 1597 ignem
1601 1506 1790 1596 jacta
1837 1504 2175 1577 redivivos
2233 1504 2579 1596 protulere
2637 1504 2760 1574 sso-

214 1616 367 1666 res:
403 1616 529 1664 nec
578 1606 803 1664 tamen
834 1594 1099 1665 fructus
1140 1594 1533 1676 adferendo,
1567 1606 1826 1663 tantam
1861 1594 1973 1664 sui
2002 1593 2532 1665 admirationem
2575 1592 2758 1663 exci-

216 1694 472 1764 tarunt,
506 1697 842 1770 quantum
894 1681 1121 1754 attulit
1159 1682 1399 1784 gaudii
1448 1681 1714 1753 reditus
1760 1693 2035 1773 optatus
2090 1682 2474 1754 beatissimi
2540 1681 2757 1772 patris

214 1770 600 1842 Adalberti:
649 1771 795 1858 qui,
846 1783 925 1842 ut
979 1784 1409 1863 promiserat,
1462 1771 1533 1840 in
1599 1770 1889 1841 Frisiam
1946 1793 2262 1843 reversus
2290 1826 2307 1854 ,
2362 1781 2549 1841 tanto
2609 1792 2757 1840 ma·-

210 1860 351 1948 j0ri
390 1858 706 1931 omnium
746 1859 974 1931 studio
1022 1873 1089 1930 et
1132 1859 1601 1931 benevolentia
1655 1860 2017 1952 accipitur,
2083 1872 2343 1948 quanto
2395 1860 2546 1951 ejus
2593 1880 2758 1929 san-

214 1949 415 2019 ctitas
460 1947 861 2019 evidentiori
900 1948 1397 2020 miraculorum
1449 1949 1900 2031 attestatione,
1951 1960 2016 2019 et
2076 1948 2516 2040 propheticae
2559 1969 2760 2037 spon·

214 2038 433 2108 sionis
485 2037 757 2107 certiori
804 2037 1222 2109 exhibitione
1272 2059 1830 2127 quoquoversum
1878 2058 2025 2109 sese
2076 2037 2418 2130 celebrius
2447 2035 2749 2106 diffudit.

213 2131 523 2196 Attamen
570 2125 676 2195 vir
733 2139 1015 2197 sanctus
1069 2126 1261 2198 omni
1309 2127 1636 2197 virtutum
1686 2125 2171 2197 exercitatione
2233 2126 2640 2207 instructuS,
2692 2136 2759 2195 et

215 2214 409 2286 omni
474 2235 554 2285 ex
610 2227 802 2305 parte
852 2215 1402 2305 circumspectus
1430 2269 1447 2300 ,
1504 2227 1567 2285 et
1628 2214 1961 2287 adversus
2013 2215 2371 2286 tentatoris
2418 2213 2757 2284 versutias

214 2315 461 2374 cautus
507 2314 573 2373 et
618 2303 931 2396 pervigil,
986 2303 1056 2374 in
1125 2305 1237 2374 via
1335 2303 1616 2396 ropositi
1684 2303 1795 2375 sui
1842 2325 1980 2375 non
2032 2304 2291 2374 tamin
2341 2302 2411 2372 id
2459 2315 2604 2372 erat
2650 2301 2757 2370 in-

216 2402 491 2473 tentuS,
545 2403 884 2493 quantum
925 2393 1073 2484 jam
1128 2414 1253 2463 con
1287 2392 1531 2463 ecisset
1583 2391 1896 2474 itineris,
1948 2391 2069 2463 sed
2171 2404 2463 2462 uantum
2520 2391 2753 2462 adhuc

219 2480 619 2551 certaminis
665 2503 749 2552 su
801 2492 1084 2553 eresset:
1139 2482 1375 2571 sicque
1404 2480 1712 2571 quotidie
1758 2480 2021 2583 aliquid
2070 2504 2109 2551 a
2205 2480 2556 2573 superiora
2609 2479 2755 2572 pie-

216 2571 375 2640 tatis
416 2569 648 2641 studia
694 2594 735 2640 a
775 2570 991 2662 jicere
1040 2570 1406 2653 nitebatur,
1459 2569 1601 2641 acsi
1630 2571 2093 2662 jamprimum
2144 2592 2364 2642 novus
2414 2582 2562 2660 tyro
2613 2571 2756 2661 spi·-

216 2658 438 2729 ritalis
493 2657 781 2729 militiae
826 2673 891 2730 et
950 2671 1228 2730 sanctae
1264 2659 1735 2731 conversionis
1786 2659 2102 2730 semitam
2157 2658 2659 2750 ingrederetur.

302 2750 340 2835 §
385 2751 462 2819 ἵ.
519 2747 738 2839 Igitur
784 2747 871 2817 de
907 2748 1158 2819 virtute
1205 2748 1275 2817 in
1329 2749 1646 2819 virtutem
1699 2746 2169 2839 proficiscenS,
2222 2746 2408 2836 quod
2468 2746 2755 2817 feliciter

214 2846 573 2927 coeperat,
626 2835 894 2907 felicius
941 2838 1470 2920 consummavit,
1522 2848 1589 2907 et
1652 2836 2300 2908 immarcescibilem
2350 2835 2459 2906 sui
2506 2835 2752 2926 agonis

213 2936 669 3017 percepturus
715 2947 1066 3007 coronam,
1140 2927 1518 3018 praesentis
1581 2925 1803 2995 seculi
1858 2924 2225 2996 obscuram
2284 2925 2753 3015 lacrymarum

213 3013 466 3084 vallem
514 3036 675 3084 cum
724 3013 1048 3105 paradiso
1094 3013 1501 3087 deliciarum
1550 3015 2003 3105 permutavit:
2042 3013 2468 3103 Christoque,
2520 3013 2635 3083 cui
2667 3012 2752 3082 fi-

215 3101 459 3173 deliter
505 3103 851 3185 servierat,
919 3102 1211 3194 septimo
1272 3102 1603 3174 Calendas
1660 3102 1827 3174 sulii
1884 3102 2393 3176 sanctissimam
2455 3100 2756 3173 reddidit

213 3191 547 3273 animam,
611 3190 983 3262 laetissime
1024 3192 1174 3295 jam
1243 3193 1617 3263 concinens
1676 3193 1750 3262 in
1800 3192 2048 3262 Christi
2106 3190 2515 3282 praesentia:
2566 3192 2756 3263 Sicut

213 3281 623 3362 audivimuS,
654 3283 754 3351 ita
782 3292 845 3351 et
901 3281 1216 3351 vidimus.
1272 3282 1400 3351 Ubi
1445 3302 1612 3351 sane
1664 3302 1791 3351 nos
1820 3291 1887 3351 et
1932 3280 2283 3352 credimus
2333 3291 2400 3350 et
2429 3291 2753 3372 optamus

213 3390 374 3439 eum
425 3380 817 3441 nostrarum
867 3371 1305 3439 miseriarum
1345 3390 1746 3451 memorem,
1797 3380 1985 3440 tanto
2021 3370 2262 3457 utique
2297 3369 2549 3442 nostris
2582 3368 2752 3439 rele-

213 3458 461 3529 vandis
507 3457 967 3530 incommodis
1004 3456 1483 3539 efficaciorem,
1538 3469 1799 3547 quanto
1845 3457 2120 3529 divinae
2183 3457 2415 3548 pietati
2461 3459 2754 3549 conjun-

212 3547 388 3618 ctior
431 3559 556 3618 est.
610 3551 872 3638 Corpus
913 3557 1143 3617 autem
1178 3547 1358 3617 beati
1394 3547 1526 3617 viri
1556 3568 1597 3616 a
1642 3545 1969 3617 fidelibus
2026 3548 2178 3637 ejus
2225 3547 2576 3637 temporiS,
2627 3546 2753 3635 qui

210 3636 362 3725 ejus
409 3635 748 3707 curabant
784 3658 903 3706 exe
953 3634 1131 3717 uiaS,
1169 3634 1701 3726 diligentissime
1747 3635 2101 3706 conditum
2136 3657 2216 3705 ac
2239 3634 2749 3706 humanissime

212 3735 434 3795 terrae
464 3723 896 3807 mandatum,
976 3734 1164 3795 eatae
1211 3724 1732 3796 resurrectionis
1767 3736 1901 3795 tem
1957 3747 2041 3795 us
2067 3723 2544 3816 praestolatur.
2580 3728 2756 3794 Con-

213 3813 358 3883 dita
405 3824 508 3885 est
546 3835 760 3904 supra
792 3812 967 3884 illud
1014 3812 1324 3895 ecclesia,
1385 3824 1726 3902 quantum
1758 3814 1879 3900 qui
1930 3836 2040 3884 em
2084 3834 2321 3883 earum
2358 3834 2590 3884 rerum
2632 3812 2753 3883 ad-

214 3901 355 3972 huc
404 3903 613 3973 rudes
645 3912 991 4004 poterant,
1038 3902 1326 3993 ejusque
1373 3901 1707 3971 memoria
1753 3902 1842 3972 ab
1879 3901 2021 3974 illis
2067 3901 2565 3974 celebrabatur.
2621 3900 2752 3971 Sed

214 4010 365 4059 eam
422 3990 783 4063 ecclesiam
830 3992 1233 4063 Nortmanni
1262 4047 1278 4074 ,
1322 3991 1562 4062 crebro
1608 3988 1787 4060 facta
1833 3989 2218 4093 irruptione
2247 4045 2264 4073 ,
2316 4013 2517 4083 saepe
2565 4011 2751 4060 ever-

214 4089 468 4161 terunt,
502 4081 782 4153 vastatis
828 4080 1145 4151 atrociter
1182 4079 1351 4151 locis
1390 4078 1720 4151 omnibus
1752 4078 1855 4148 illi
1888 4079 2391 4171 adjacentibus.

302 4169 341 4256 ξ
385 4170 468 4240 8.
521 4174 604 4240 Ut
648 4181 877 4240 autem
927 4168 1162 4239 divina
1207 4167 1659 4271 providentia,
1701 4168 1905 4256 cujus
1957 4169 2183 4239 meriti
2228 4179 2407 4240 esset
2434 4168 2540 4239 vir
2587 4188 2750 4238 san-

211 4266 392 4338 ctuS,
427 4257 549 4345 qui
594 4257 737 4328 illic
783 4279 1069 4350 corpore
1114 4257 1531 4346 quiescebat,
1583 4257 1993 4341 ostenderet,
2036 4257 2109 4328 id
2153 4259 2397 4342 effecit,
2449 4268 2527 4328 ut
2572 4277 2752 4326 nun-

210 4367 422 4435 quam
463 4344 567 4415 illi
615 4346 761 4417 loco
810 4346 1095 4431 deesset,
1133 4348 1256 4435 qui
1301 4345 1565 4418 cultum
1618 4345 1930 4418 debitum
1965 4347 2397 4439 persolveret.
2440 4351 2588 4423 Nec?
2620 4344 2749 4414 mi-

210 4457 373 4508 rum
424 4444 651 4506 tamen
713 4435 1044 4508 humanis
1091 4435 1292 4508 illum
1339 4434 1651 4510 excubiis
1710 4435 2090 4525 honorari,
2157 4437 2278 4526 qui
2324 4433 2747 4526 quotidianis
