3357 4995
655 331 783 395 222
2801 331 3020 397 ,tUNll
3071 332 3111 396 9

963 469 1101 549 DE
1159 473 1230 551 S.
1303 427 1590 550 vtae.
1628 463 1790 549 *ET
1845 470 2169 549 MART.
2233 441 2690 550 PELAGIA

1469 689 1708 742 INFRA
1771 688 2180 742 LAUDANDA

1059 857 1432 924 ALOISIUS
1482 857 1947 924 LIPOMANUS
1997 857 2248 924 EPISC.
2296 856 2595 924 VERON.

1378 1026 1775 1097 'cANmDo
1854 1042 2266 1099 LECTORI.

637 1232 945 1306 Arbitror,
992 1241 1075 1306 te,
1121 1235 1351 1311 optime
1394 1233 1604 1307 lector,
1642 1250 1751 1313 pro
1777 1241 1950 1296 certo.
1971 1233 2349 1306 habiturum,
2379 1233 2560 1297 aliam
2605 1251 2735 1297 esse
2778 1234 3107 1312 Pelagiam,

554 1313 727 1391 cujus
770 1312 895 1375 vita
933 1313 1058 1390 jam
1103 1314 1428 1391 praemissa
1472 1320 1585 1386 est,
1628 1320 1691 1377 et
1731 1311 1936 1386 aliam,
1978 1329 2165 1392 quam
2209 1313 2496 1393 deinceps
2539 1315 2771 1378 duabus
2820 1315 3110 1378 orationi-

554 1393 666 1454 bus
705 1391 948 1454 divinus
991 1396 1162 1470 pater
1202 1391 1461 1455 Ioannes
1503 1391 1969 1473 chrysostomus
2002 1395 2175 1457 suavi
2202 1403 2312 1456 suo
2341 1392 2597 1473 eloquio*
2630 1401 2959 1457 ornaturus
2987 1400 3102 1458 est.

552 1472 723 1533 Prior
748 1472 917 1534 enim
957 1471 1191 1550 Pelagia
1237 1472 1300 1533 in
1337 1472 1641 1548 judicium
1682 1488 1885 1534 coram
1927 1472 2299 1537 Diocletiano
2343 1472 2731 1552 Imperatore,
2777 1480 2968 1538 matre
3012 1477 3109 1536 in-

553 1551 716 1613 fideli
760 1553 1082 1630 prodente,
1123 1550 1379 1615 adducta
1420 1559 1534 1627 est,
1576 1569 1644 1616 ac
1687 1552 1835 1614 bove
1876 1569 2068 1616 aeneo
2129 1555 2378 1615 incenso
2433 1554 2769 1617 combusta.
2829 1553 3107 1618 Secunda

553 1646 699 1693 vero
743 1631 892 1695 haec
935 1631 1313 1694 Antiocheae
1357 1631 1560 1710 virgo,
1603 1630 1944 1696 Christiana
1987 1639 2182 1696 matre
2223 1640 2377 1705 orta,
2410 1634 2474 1694 in
2511 1633 2809 1709 judicium
2850 1650 2973 1695 non
3015 1644 3108 1696 est
3195 1677 3200 1681 -

549 1709 829 1784 adducta,
875 1727 988 1774 nec
1031 1712 1173 1790 igne
1213 1710 1553 1790 absumpta,
1596 1712 1700 1774 sed
1742 1728 1806 1774 se
1848 1727 1919 1775 ex
1965 1712 2086 1777 alto
2129 1714 2516 1793 praecipitem
2562 1713 2749 1786 dedit,
2794 1721 2855 1776 at
2903 1729 2979 1775 ue
3028 1729 3108 1777 ex

549 1806 623 1851 eo
665 1797 1083 1855 consummata
1127 1795 1240 1855 est.
1303 1790 1390 1852 Ex
1452 1808 1574 1871 quo
1635 1793 1820 1855 etiam
1861 1792 2255 1863 admoneris,
2300 1795 2544 1860 tertiam
2593 1792 2757 1856 illam
2802 1793 2880 1855 Pe
2905 1795 3107 1871 agiam

549 1870 1035 1945 Antiochenam,
1078 1872 1249 1949 cujus
1291 1871 1484 1934 vitam
1550 1873 1613 1933 in
1657 1872 1939 1949 proxime
2000 1872 2383 1952 praecedenti
2427 1873 2612 1934 Tomo
2662 1872 2904 1950 legisti,
2949 1889 3107 1952 quae

549 1951 717 2027 prius
759 1952 1076 2026 meretrix,
1109 1966 1251 2013 mox
1294 1951 1367 2013 ad
1412 1950 1745 2013 Dominum
1789 1967 2104 2024 conversa,
2134 1951 2449 2029 singulare
2491 1953 2728 2015 cunctis
2771 1955 3105 2030 peccatori·

548 2029 659 2091 bus
699 2030 1113 2108 poenitentiae
1155 2030 1431 2107 praebuit
1472 2028 1847 2109 exemplum,
1892 2032 2073 2094 aliam
2114 2032 2369 2094 omnino
2410 2033 2487 2094 ab
2530 2033 2622 2094 his
2664 2032 2900 2096 duabus
2949 2049 3104 2105 esse,

546 2124 704 2188 quae
745 2109 1021 2188 virgines
1059 2112 1334 2173 extitisse
1378 2109 1699 2188 leguntur,
1730 2110 1876 2174 licet
1918 2127 2037 2174 una
2078 2127 2152 2173 ex
2194 2112 2306 2183 eis,
2334 2112 2520 2174 etiam
2563 2113 2947 2175 Antiochena
2977 2113 3106 2176 t'ue·

545 2189 650 2251 rit.
698 2190 776 2250 At
816 2195 908 2251 est
949 2190 1140 2265 aliud,
1183 2190 1341 2268 quod
1387 2191 1485 2254 hic
1530 2198 1587 2253 te
1629 2190 2092 2255 admoneamus
2139 2189 2607 2268 chrysostomus
2654 2193 2779 2271 ipse
2824 2193 2978 2255 hanc
3018 2193 3104 2255 al-

547 2274 738 2332 teram
761 2267 1096 2348 -Pelagiam,
1138 2286 1294 2349 quae
1322 2285 1385 2331 sc
1413 2287 1489 2333 ex
1520 2278 1681 2334 tecto
1709 2271 2152 2350 praecipitavit,
2178 2287 2256 2335 ne
2287 2270 2351 2333 in
2383 2270 2701 2333 illusorum
2746 2287 2965 2333 manus
3012 2273 3107 2335 in-

544 2348 774 2411 cideret
801 2398 817 2424 ,
861 2355 1194 2428 martyrem
1238 2358 1452 2423 vocat,
1495 2350 1742 2427 eiusque
1782 2349 1948 2412 diem
1991 2351 2212 2413 festum
2261 2350 2626 2415 Antiochiae
2668 2349 2962 2414 celebrari
3005 2368 3104 2415 as-

542 2430 708 2490 serit.
757 2426 868 2491 Cui
912 2430 1083 2491 divus
1125 2428 1481 2492 Ambrosius
1511 2429 1975 2492 Mediolanensis
2017 2432 2289 2494 Antistes
2318 2430 2476 2493 haud
2509 2430 2845 2507 dissimiliS,
2880 2431 3036 2493 libro
3060 2449 3104 2494 11

541 2508 965 2587 Epistolarum,
1010 2508 1270 2589 Epistola
1317 2527 1398 2571 vu
1439 2510 1515 2573 ad
1556 2510 2024 2590 Simplicianum
2069 2514 2324 2590 scripta,
2370 2511 2684 2588 virginem
2734 2513 2887 2573 hanc
2929 2527 3101 2573 sum·

541 2604 793 2667 mopere
834 2590 1238 2662 commendat,
1282 2598 1671 2667 sanctamque
1716 2598 2047 2667 nuncupat.
2112 2590 2403 2670 Idemque
2446 2591 2603 2654 libro
2644 2608 2708 2652 nt
2755 2592 2831 2654 de
2894 2592 3104 2671 Virgi-

543 2668 748 2742 nibuS,
792 2671 1216 2748 quaestionem
1261 2684 1536 2745 moisem,
1568 2669 1717 2748 quid
1760 2685 1940 2748 super
1968 2687 2183 2733 eorum
2215 2672 2454 2733 meritis
2480 2656 2961 2733 existimandum
3001 2675 3100 2746 sit,

539 2750 642 2827 qui
687 2765 750 2810 se
794 2749 1351 2828 praecipitaverunt
1394 2766 1470 2813 ex
1511 2750 1655 2822 alto,
1702 2750 1799 2812 vel
1843 2752 1906 2812 in
1951 2750 2205 2813 fluvium
2246 2750 2694 2822 demerserunt,
2738 2767 2818 2814 ne
2863 2752 2928 2812 in
2958 2768 3102 2830 per-
3182 2775 3195 2781 ·

534 2836 886 2891 secutorum
930 2829 1273 2892 inciderent
1314 2844 1554 2903 manus,
1598 2845 1740 2893 cum
1768 2828 2078 2909 Scriptura
2108 2830 2319 2892 divina
2353 2831 2481 2892 vim
2525 2830 2640 2892 sibi
2676 2828 3098 2896 Christianum

535 2907 858 2985 prohibeat
899 2909 1151 2983 inferre,
1184 2909 1296 2972 hoc
1341 2909 1587 2972 tandem
1630 2908 1812 2972 modo
1840 2926 1974 2972 eam
2000 2910 2212 2972 solvit:
2247 2909 2323 2970 Et
2363 2910 2608 2989 quidem
2646 2909 2721 2973 de
2750 2909 3102 2987 virginibus

538 2993 606 3049 in
649 2988 1005 3050 necessitate
1047 2988 1351 3051 custodiae
1394 2989 1775 3062 constitutis,
1820 2989 2081 3052 enOdem
2124 2988 2422 3053 habemus
2473 2991 2865 3052 assertionem
2893 3037 2909 3061 ,
2953 3006 3099 3052 cum

537 3067 816 3142 martyrii
858 3076 1022 3131 extet
1062 3068 1439 3146 exemplum.
1501 3068 1830 3148 Praecipue
1891 3077 2159 3133 sanctam
2222 3069 2377 3131 hanc
2430 3068 2735 3147 Pelagiam
2778 3069 3097 3146 virginem

537 3147 1013 3220 Antiochenam,
1055 3163 1210 3224 quae
1251 3164 1380 3212 sese
1425 3149 1868 3228 praecipitavit,
1913 3164 2268 3227 sororesque
2309 3148 2441 3226 ejus
2494 3148 2646 3211 duas
2686 3163 2828 3210 cum
2868 3155 3092 3223 matre,

497 3304 500 3309 ἡ
535 3241 690 3303 quae
733 3234 793 3288 et
838 3229 998 3306 ipsae
1042 3227 1104 3288 in
1150 3227 1342 3291 undas
1386 3229 1741 3307 semetipsas
1782 3228 2105 3301 dederunt,
2148 3228 2390 3291 adducit
2432 3229 2498 3290 in
2544 3228 2841 3301 medium,
2877 3244 3099 3308 easque

535 3306 606 3368 ad
654 3309 1017 3385 martyrium
1063 3322 1281 3370 omnes
1324 3322 1671 3386 properasse
1714 3315 2180 3370 commemorat.

613 3386 780 3459 Quod
823 3388 872 3447 si
917 3388 1165 3449 alterius
1206 3388 1360 3450 forte
1402 3389 1743 3450 sententiae
1801 3404 1929 3449 esse
1994 3387 2101 3450 tibi
2169 3387 2448 3450 videatur
2489 3389 2670 3450 divus
2714 3388 3097 3466 Augustinus

531 3465 936 3544 Hipponensis
998 3466 1323 3546 Episcopus
1365 3467 1520 3530 libro
1562 3486 1607 3542 t,
1670 3469 1745 3529 de
1786 3465 2047 3529 Civitate
2092 3468 2248 3540 Dei,
2291 3484 2418 3546 cap.
2468 3484 2646 3538 xvrn,
2694 3469 2809 3530 hoc
2856 3475 2919 3529 te
2968 3481 3095 3528 non

531 3547 866 3608 contristet.
914 3545 1077 3609 Idem
1122 3549 1292 3609 enim
1337 3555 1509 3627 pater
1553 3547 1711 3610 libro
1738 3546 1974 3618 eodem,
2004 3562 2131 3627 cap.
2166 3564 2311 3609 xxvi
2342 3554 2402 3609 te
2431 3547 2945 3610 consolaturz.De
2976 3547 3097 3619 his,

530 3625 858 3703 inquienS,
906 3626 1061 3689 nihil
1101 3630 1333 3690 temere
1386 3627 1579 3690 audeo
1616 3626 1912 3703 judicare.
1959 3626 2179 3689 Utrum
2222 3628 2391 3689 enim
2443 3626 2740 3689 Ecclesiae
2790 3625 3098 3767 aliqiuikms

530 3704 649 3766 fide
690 3706 895 3783 dignis
939 3707 1514 3780 testiticationibuS,
1561 3714 1627 3769 ut
1688 3722 1903 3769 earum
1970 3709 2331 3769 memoriam
2389 3708 2474 3769 sic
2520 3707 2821 3778 honoret,
2928 3707 2942 3766 i
3020 3722 3098 3768 na

527 3788 893 3862 persuaserit
934 3788 1285 3860 auctoritas,
1333 3788 1563 3848 nescio:
1597 3794 1657 3849 et
1700 3788 1834 3849 fieri
1882 3794 2104 3865 potest,
2140 3795 2208 3848 ut
2251 3787 2334 3848 ita
2364 3787 2465 3848 sit.
2496 3785 2653 3858 Quid
2684 3788 2735 3848 si
2777 3786 2947 3848 enim
2977 3784 3095 3847 hoc

527 3863 827 3939 recerunt,
873 3881 993 3927 non
1035 3866 1393 3929 humanitus
1434 3867 1742 3946 deceptae,
1774 3866 1879 3929 sed
1920 3867 2220 3929 divinitus
2257 3867 2479 3943 jussae,
2514 3881 2625 3928 nec
2665 3872 2964 3938 erranteS,
2989 3864 3095 3926 sed

423 3995 428 3998 ,
525 3943 902 4018 obedientes
944 3946 1103 4006 sicut
1145 3945 1220 4008 de
1264 3945 1592 4025 Sampsone
1633 3946 1798 4008 aliud
1844 3945 2021 4009 nobis
2052 3946 2136 4007 fas
2172 3963 2294 4008 non
2324 3953 2412 4008 est
2440 3945 2732 4007 credere?
2777 3945 2936 4006 Haec
2966 3943 3090 4006 ille.

527 4021 678 4085 Cum
723 4026 908 4102 igitur
971 4024 1234 4102 Spiritus
1289 4023 1490 4087 Sancti
1556 4027 1854 4088 instinctu
1899 4027 2171 4103 virgines
2211 4026 2438 4104 seipsas
2479 4024 2807 4103 aliquando
2853 4026 3093 4085 intere-

525 4106 929 4185 me1·int„ne
975 4106 1039 4166 in
1085 4112 1541 4183 persecutorum
1584 4121 1803 4168 manus
1845 4107 2170 4179 venirent,
2216 4115 2279 4167 et
2321 4106 2540 4167 idcirco
2584 4105 2790 4182 dignis
2842 4103 3095 4165 testibus

523 4182 829 4248 Ecclesiae
871 4191 1115 4247 sanctae
1158 4184 1345 4246 fuerit
1386 4184 1594 4247 divina
1639 4186 2003 4247 auctoritate
2051 4185 2412 4257 revelatum,
2464 4200 2683 4246 earum
2727 4184 3089 4245 memoriam

525 4279 654 4325 esse
698 4263 1123 4326 celebrandam
1151 4312 1167 4339 ,
1216 4264 1394 4342 idque
1436 4264 1691 4327 omnino
1734 4265 1963 4328 factum
2024 4264 2089 4326 in
2154 4272 2359 4327 sancta
2403 4263 2644 4340 Pelagia
2693 4263 2946 4325 credere
2988 4263 3092 4323 de·

523 4342 796 4416 heamuS,
822 4344 1177 4422 praesertim
1209 4360 1348 4405 cum
1381 4343 1500 4406 duo
1527 4345 1589 4406 hi
1610 4344 1971 4407 sanctissimi
1998 4345 2347 4424 pariterque
2370 4343 2698 4405 doctissimi
2732 4343 2878 4413 viri,
2901 4339 3092 4418 Chry·

525 4431 829 4484 sostomus
875 4427 1150 4501 inquam,
1194 4430 1255 4485 et
1299 4423 1680 4500 Ambrosius,
1725 4424 2036 4502 virginem
2072 4424 2225 4487 hanc
2257 4428 2419 4487 inter
2448 4423 2742 4501 Martyres
2772 4420 3091 4492 collocent,
