3357 4995
690 271 814 335 ΜΞ
1279 289 1358 335 na
1405 289 1460 336 s.
1519 284 1855 353 nonmamo
1903 283 2101 351 ἕρκεα.
2155 286 2232 332 Er
2279 286 2469 333 MART.
2823 265 3072 336 ‘JUNII
3127 275 3171 336 5

597 394 837 454 eorum
889 392 1164 459 quoque
1218 371 1591 442 consilium
1638 392 1721 440 ex
1766 368 2105 439 laudabili
2152 369 2568 459 apostolicae
2615 370 2810 439 Sedis
2856 393 3172 443 consue-

597 461 839 532 tudine
886 461 1248 551 exciperet,
1288 461 1360 530 hi
1406 481 1648 530 omnes
1686 459 1963 549 plenam
1993 480 2245 528 causae
2273 458 2735 549 cognitionem
2768 459 3174 532 hauserunt

596 561 743 622 tum
795 571 873 619 ex
922 550 1097 619 vitae
1138 550 1316 619 servi
1364 548 1480 618 Dei
1530 547 1969 637 compendio,
2014 547 2199 635 quod
2252 547 2551 638 singulis
2600 546 2928 620 traditum
2981 549 3166 633 fuit,

595 649 742 710 tum
804 659 886 708 ex
932 638 1206 728 copiosa
1270 651 1336 707 et
1382 637 1577 729 gravi
1623 637 1953 718 oratione,
2018 657 2225 723 quam
2281 635 2349 704 in
2407 635 2817 707 concistorio
2867 636 3172 727 publico

593 727 851 816 Joseph
893 731 1378 817 Capece·Latro
1427 726 1510 796 ad
1523 739 1803 796 vocatus
1839 723 2337 795 consistorialis
2368 724 2568 795 aulae
2596 724 2995 796 Pontificiae
3028 726 3170 796 ha-

593 815 748 886 buit
780 815 865 884 de
913 816 1275 886 sanctitate
1323 815 1500 885 vitae
1545 827 1610 884 et
1646 814 2004 885 miraculis
2036 813 2216 885 beati
2266 814 2637 895 Francisci,
2690 814 2762 882 in
2813 814 3167 885 honorem

595 916 874 975 sanctae
921 918 987 975 et
1033 904 1437 973 individuae
1483 903 1858 984 Trinitatis,
1913 902 2075 974 fidei
2123 902 2499 973 catholicae
2534 903 3048 984 exaltationem,
3090 918 3169 975 et

594 993 952 1083 religionis
999 993 1418 1062 christianae
1456 993 1988 1073 incrementum,
2096 991 2475 1061 raedictum
2527 991 2973 1063 Franciscum
3025 997 3166 1063 Ca-

595 1080 893 1151 racciolo
942 1081 1364 1151 sacerdotem
1415 1079 1798 1171 professum
1833 1137 1849 1161 ‚
1919 1094 1983 1150 et
2072 1079 2480 1170 undatoreJn
2529 1079 2806 1151 Ordinis
2854 1080 3164 1151 Clerico-

595 1191 752 1240 rum
781 1170 1203 1260 regularium
1237 1171 1576 1240 Minorum
1612 1169 1922 1260 catalogo
1954 1180 2351 1240 sanctorum
2379 1168 2852 1239 confessorum
2885 1168 3162 1240 adscri-

597 1258 779 1349 psit,
840 1280 1139 1346 eumque
1186 1259 1667 1338 veneratione,
1735 1280 1913 1345 quae
1974 1259 2233 1328 sanctis
2273 1280 2435 1327 cum
2485 1257 2751 1329 Christo
2797 1257 2870 1325 in
2935 1258 3160 1329 coelis

595 1347 1048 1503 regnantibus
1115 1347 1403 1417 debetur
1436 1402 1451 1428 ,
1518 1346 2114 1437 prosequendum,
2168 1359 2234 1415 et
2296 1346 2782 1428 honorandum
2831 1368 2985 1417 esse
3039 1347 3163 1418 de·

595 1457 631 1504 c
664 1449 902 1506 aravit.

895 1717 1171 1816 νιΤΑ
1235 1715 1311 1816 s,
1384 1633 2012 1816 Boniffl‘cn
2092 1714 2258 1815 ΕΡ.
2331 1711 2846 1815 MOGUNT.

1060 1935 1622 2004 GERMARORUN
1672 1936 2062 2003 APOSTOLI
2113 1936 2212 2001 ET
2259 1935 2677 2002 MARTYRIS

598 2151 712 2200 PER
762 2149 1196 2197 WILLIBALDUM
1255 2131 1447 2198 immo
1508 2149 1928 2199 EISTETssNsnu
1992 2148 2190 2197 EPISC.
2263 2148 2521 2198 COPIOSB
2582 2150 2696 2196 SED
2763 2147 3150 2202 onscumom

685 2256 873 2304 STYLO
899 2255 1303 2316 CONSCRIPTA,
1342 2257 1492 2305 DEIN
1526 2256 1691 2305 BONA
1739 2257 1882 2304 FIDE
1911 2257 1951 2303 A
1985 2255 2260 2304 MOGUNT.
2299 2255 2590 2303 PRESBYT.
2630 2255 2942 2315 OTHLONE,
2990 2256 3152 2306 HOR-

677 2362 988 2412 TANTIBUS
1037 2363 1466 2412 FULDENSIBUS
1525 2362 1843 2412 MONACffls
1866 2397 1879 2421 ,
1943 2361 2139 2411 noem
2198 2362 2564 2411 CASTIGATA.
2630 2362 2870 2410 STYLUM
2932 2363 3150 2412 ‘raum

685 2471 749 2519 IN
797 2470 1072 2520 GRATIAM
1123 2470 1440 2530 LECTORIS,
1495 2470 1825 2529 NONNffllL,
1865 2470 1970 2519 UBI
1999 2469 2280 2528 LICERET,
2322 2467 2629 2518 CORREXIT
2656 2470 2842 2518 LAUR.
2879 2468 3136 2519 SURIUS.

1029 2654 1253 2710 Natus
1283 2667 1460 2711 anno
1505 2655 1632 2708 680
1656 2682 1734 2691 —
1762 2654 2142 2710 Coronatus
2170 2655 2292 2710 ¹754
2314 2683 2391 2694 —
2419 2655 2706 2722 Anglus.

688 2858 875 2921 Lissa
925 2857 977 2921 I.
1032 2855 1069 2939 ξ
1114 2857 1190 2924 1.
1240 2856 1410 2922 Cum
1463 2873 1632 3009 {ens
1662 2851 2036 2943 Anglorum
2089 2853 2218 2923 sub
2267 2852 2430 2921 fidei
2460 2854 2715 2943 Jugum
2758 2852 3158 2924 beatissimi

595 2940 946 3010 Pontificis
994 2941 1301 3031 Gregorii
1349 2952 1462 3011 stu
1514 2940 1580 3009 io
1620 2941 1834 3010 missa
1881 2940 2144 3021 fuisset,
2176 2953 2241 3010 et
2272 2941 2424 3029 ejus
2451 2941 2713 3011 meritis
2752 2941 3156 3032 suffragan-

597 3028 809 3109 tibus,
854 3050 1020 3118 prae
1066 3028 1306 3098 multis
1354 3029 1755 3100 nationibus
1789 3039 2181 3098 sanctorum
2235 3029 2539 3098 virorum
2574 3029 2761 3099 ferax
2792 3042 2859 3100 et
2901 3029 3157 3101 fertilis

595 3117 925 3207 inprimis
971 3138 1120 3187 esse
1180 3117 1541 3208 coepisset,
1607 3138 1909 3204 quorum
1957 3117 2290 3188 doctrinis
2357 3130 2687 3205 tanquam
2758 3119 3157 3190 luminibus

597 3205 1021 3294 quibusdam
1075 3205 1441 3275 hominum
1495 3218 1769 3297 pectora
1816 3207 2181 3276 obcaecata
2228 3205 2771 3283 illustrarentur,
2827 3207 3010 3277 inter
3076 3207 3156 3276 il·

601 3295 705 3365 los
753 3295 956 3364 etiam
1015 3306 1332 3364 sanctum
1404 3294 1861 3375 Bonisacium,
1914 3317 2040 3364 ceu
2089 3295 2477 3365 Luciferum
2539 3294 2941 3382 quemdam,
2996 3316 3155 3366 cae-

596 3384 761 3455 teris
794 3383 1143 3454 sideribus
1194 3382 1641 3454 illustriorem
1690 3382 1928 3453 edidit.
1975 3388 2040 3453 Is
2079 3406 2237 3454 vero
2271 3405 2526 3473 magna
2574 3397 2942 3474 parentum
2980 3388 3156 3454 cura

598 3473 978 3554 educatus,
1052 3492 1465 3561 magnarum
1528 3492 1805 3559 quoque
1852 3471 2184 3543 virtutum
2235 3494 2359 3563 pro
2406 3473 2646 3543 aetatis
2719 3474 3156 3542 incremento

538 3596 551 3609 ,
595 3561 816 3630 factus
845 3572 947 3631 est
985 3559 1362 3632 studiosus.
1410 3565 1487 3630 Et
1515 3560 1796 3648 quidem
1826 3583 1984 3631 cum
2022 3561 2252 3631 adhuc
2296 3560 2572 3651 puellus
2601 3572 2801 3643 esset,
2841 3562 2896 3631 si
2931 3583 3148 3649 quem

594 3649 907 3721 fortassis
959 3650 1101 3719 sive
1159 3649 1491 3735 clericum
1528 3704 1544 3730 ,
1610 3649 1751 3719 sive
1800 3650 2054 3720 laicum
2119 3649 2426 3722 audisset
2465 3650 2655 3719 verbi
2703 3650 2922 3744 divini
2971 3651 3154 3721 noti·—

595 3740 762 3807 tiam
811 3737 1254 3819 adferentem,
1290 3758 1445 3807 mox
1491 3751 1831 3838 quantum
1881 3760 1956 3807 ea
2007 3739 2320 3827 permisit
2366 3752 2574 3820 aetas,
2608 3761 2845 3810 secum
2893 3760 3152 3829 expen-

593 3827 757 3897 dere
792 3826 1073 3909 solebat,
1128 3825 1464 3914 quidnam
1514 3826 1675 3896 1nde
1708 3825 1794 3895 ad
1833 3848 1997 3898 suos
2043 3848 2218 3898 usus
2263 3840 2329 3896 et
2377 3827 2720 3927 profectus
2753 3849 3151 3898 accommo-

592 3916 758 3986 dare
791 3928 1043 4006 posset.
1098 3920 1402 4002 Cumque
1448 3915 1791 4006 ejusmodi
1841 3915 2281 3985 meditatione
2328 3915 2660 3987 diuturna
2697 3916 2783 3985 ad
2838 3938 3154 4005 superna

591 4004 658 4075 e't
705 4004 1025 4076 coelestia
1073 4026 1159 4095 ap
1213 4003 1456 4074 etenda
1503 4025 1575 4074 se
1640 4004 1967 4094 erigeret,
2021 4004 2199 4094 patri
2245 4005 2518 4095 aperuit
2565 4017 2860 4075 mentem
2911 4026 3144 4086 suam,

592 4116 801 4165 orans
847 4093 949 4163 uti
999 4114 1085 4162 ne
1193 4105 1410 4163 eesset
1468 4094 1816 4185 proposito
1882 4115 2030 4163 suo.
2089 4098 2171 4162 Ut
2217 4115 2372 4162 vero
2419 4093 2682 4163 audivit
2741 4093 2972 4163 isthuc
3023 4116 3153 4184 pa·

592 4195 736 4262 ter,
807 4182 1031 4274 primo
1106 4181 1385 4268 quidem
1452 4183 1848 4273 obstupuit:
1920 4180 2168 4251 deinde
2236 4203 2394 4251 eum
2467 4183 2891 4273 objurgans,
2956 4204 3155 4253 nunc

595 4271 847 4351 minis,
903 4292 1091 4341 nunc
1157 4269 1654 4341 blandimentis
1718 4270 1805 4340 ad
1863 4269 2109 4339 mundi
2179 4271 2390 4362 hujus
2451 4292 2657 4341 curas
2708 4283 3001 4341 conatus
3049 4283 3157 4341 est

596 4360 992 4450 pertrahere
1012 4384 1033 4445 2
1079 4372 1145 4429 et
1192 4371 1266 4430 ut
1299 4360 1612 4430 animum
1648 4372 1961 4429 tenerum
1993 4357 2265 4428 facilius
2303 4383 2341 4428 a
2382 4361 2716 4430 sententia
2747 4358 3148 4441 deduceret,
