3357 4995
727 324 813 389 80
1154 341 1533 401 anausim.
1589 343 1683 391 ss.
1736 344 1850 390 uu.
1907 343 2084 392 rssrm
2134 344 2209 391 ΕΤ
2258 341 2636 391 maenum
2873 313 3078 391 JUNII
3117 322 3151 387 2

641 425 1158 516 conjiciebatur,
1188 428 1354 514 quia
1384 438 1749 518 postquam
1784 429 1869 498 de
1896 428 2016 500 illo
2050 450 2295 499 somno
2318 440 2754 519 experrectus
2779 439 2900 509 est,
2930 436 3155 496 cuncta

641 532 819 602 quae
863 515 925 583 ei
974 537 1015 584 a
1044 514 1349 602 quolibet
1395 517 1944 607 imperabantur,
1984 518 2127 588 acsi
2177 517 2594 608 intelligeret
2635 517 2853 587 facere
2895 513 3153 584 curavit.

644 603 772 672 Sed
825 603 952 673 hoc
996 602 1265 674 videtur
1302 605 1373 674 in
1409 606 1537 678 hac
1585 606 1835 676 virtute
1869 607 2351 696 praecipuum,
2405 606 2591 694 quod
2643 606 2824 675 idern
2876 625 3004 674 non
3054 605 3184 681 Lar

645 693 785 761 tine
840 690 955 761 sed
1009 693 1365 763 barbarice
1432 693 1567 763 sibi
1629 694 2020 782 loquentem
2071 694 2550 786 intelligebat:
2604 706 2886 765 curatus
2929 704 3155 767 autem,

640 801 787 850 non
824 766 1141 861 barbam,
1182 781 1300 851 sed
1360 783 1596 852 Latino
1645 804 1962 854 sermone
2019 784 2449 871 loquebatur.
2515 784 2646 866 Qui
2707 783 2907 853 etiam
2958 782 3161 877 beatos

645 880 980 958 martyres
1029 890 1103 940 se
1148 870 1425 952 vidisse,
1463 884 1528 940 et
1578 872 1797 942 multa
1844 895 2025 960 quae
2076 873 2232 943 aliis
2280 873 2510 942 dicere
2556 872 2853 951 deberet,
2905 869 2988 939 ab
3040 866 3162 965 illis

646 978 719 1027 se
749 957 1030 1030 audisse
1064 959 1388 1029 narravit.
1446 959 1576 1029 Sed
1616 981 1777 1031 cum
1818 983 1899 1031 ea
1937 962 2127 1032 velut
2171 963 2239 1029 in
2293 960 2678 1031 crastinum
2728 961 3054 1035 dicturus,
3105 974 3162 1022 in

646 1048 991 1137 praesenti
1034 1046 1282 1117 referre
1327 1048 1733 1130 distulisset,
1788 1050 2136 1120 intantum
2180 1050 2279 1119 illi
2338 1071 2457 1140 per
2511 1049 2925 1120 oblivionem
2971 1045 3165 1115 deleta
3237 1080 3246 1093 ·

648 1149 833 1217 sunt,
877 1149 956 1206 ut
1006 1136 1179 1206 nihil
1220 1137 1305 1206 de
1355 1137 1461 1207 his
1509 1138 1796 1208 omnino
1831 1161 1902 1208 se
1930 1139 2213 1210 audisse
2242 1138 2591 1209 recoleret.
2629 1143 2828 1209 Hunc
2857 1157 2999 1227 ego,
3025 1131 3167 1220 quia

648 1245 900 1293 nomen
933 1246 1139 1295 suum
1175 1226 1560 1317 ignorabat,
1596 1249 1722 1316 pro
1776 1238 1876 1297 ter
1925 1249 2337 1318 prosperum
2374 1228 2645 1297 virtutis
2685 1228 2994 1296 effectum
3027 1227 3165 1290 Pro-

650 1334 681 1383 s
733 1334 918 1383 erem
967 1314 1194 1383 vocari
1235 1315 1444 1405 jussi.
1494 1316 1626 1397 Qui
1663 1338 1703 1385 a
1757 1315 1894 1387 huc
1955 1330 2289 1408 superest,
2344 1329 2410 1386 et
2454 1315 2642 1406 apud
2683 1314 3026 1385 custodem
3072 1329 3166 1378 ec-

650 1422 686 1470 c
717 1404 901 1472 esiae
935 1403 1002 1471 in
1037 1403 1318 1484 eodem,
1368 1425 1504 1490 quo
1553 1404 1749 1493 prius
1794 1404 2038 1486 fuerat,
2098 1418 2453 1496 permanet
2498 1404 2750 1474 officio.

735 1492 774 1577 ἓ
818 1496 970 1564 16.
1020 1492 1246 1563 Pridie
1294 1513 1448 1562 vero
1480 1514 1693 1580 quam
1735 1494 1846 1563 hic
1899 1500 2185 1585 Prosper
2235 1494 2582 1580 loquelam
2621 1492 3007 1583 recepisset,
3059 1488 3165 1554 hoc

651 1596 774 1662 est,
829 1581 897 1648 in
948 1580 1183 1670 vigilia
1227 1580 1537 1668 ejusdem
1571 1580 1979 1661 festivitatis,
2023 1584 2204 1652 venit
2228 1582 2514 1671 quidam
2536 1583 2841 1672 JuveniS,
2885 1575 3171 1664 similiter

654 1670 910 1742 surdus
954 1683 1019 1738 et
1059 1682 1295 1740 mutus
1330 1669 1404 1739 in
1454 1670 1841 1740 basilicam:
1893 1684 1958 1741 et
2009 1693 2170 1742 cum
2206 1671 2511 1759 supplici
2549 1681 2751 1760 gestu
2798 1688 2993 1759 opem
3027 1671 3169 1734 San-

653 1773 922 1831 ctorum
970 1758 1394 1848 imploraret,
1438 1759 1807 1849 adJuvante
1841 1760 2151 1841 Domino,
2191 1773 2255 1829 et
2288 1760 2437 1850 ipse
2467 1759 2854 1849 plenariam
2895 1757 2978 1856 de
3012 1767 3172 1824 utro-

654 1869 790 1937 que
833 1847 1072 1916 morbo
1122 1847 1371 1917 meruit
1417 1848 1723 1938 recipere
1761 1850 2149 1919 sanitatem.
2192 1853 2392 1918 Hunc
2436 1848 2698 1929 itidem,
2752 1860 2832 1919 ut
2877 1860 3169 1937 priorem.

656 1938 822 2028 quia
859 1956 1109 2006 nornen
1160 1957 1367 2007 suurn
1412 1957 1772 2024 nunquam
1808 1938 2143 2019 audierat,
2200 1937 2695 2007 Godescalcum
2736 1932 3090 2027 appellavi.
3116 1932 3173 1995 Is

658 2041 910 2106 tamen,
965 2045 1100 2093 non
1136 2036 1219 2094 ut
1265 2029 1575 2116 Prosper,
1612 2025 1733 2095 sed
1767 2038 1844 2096 ut
1891 2026 2024 2097 sibi
2058 2026 2479 2117 gentilitium
2512 2038 2678 2106 erat,
2736 2025 3024 2096 barbaro
3055 2037 3175 2113 ser7

657 2134 860 2185 mone
900 2113 1331 2199 loquebatur,
1373 2125 1738 2205 postquam
1787 2115 1848 2184 ei
1900 2136 2021 2205 per
2061 2114 2304 2184 merita
2339 2120 2746 2185 Sanctorum
2785 2103 3174 2203 copiafand1

657 2222 986 2273 concessa
1015 2214 1140 2272 est.

748 2294 785 2378 ἓ
829 2294 962 2364 1⁸2.
1025 2295 1458 2378 Quamquam
1508 2293 1742 2362 omnia
1792 2314 2046 2386 magna
2095 2295 2258 2372 sint,
2311 2305 2376 2361 et
2422 2291 2511 2361 ad
2550 2291 2858 2361 divinam
2913 2288 3177 2384 debeam

661 2379 898 2451 referri
958 2379 1327 2470 potentiam
1359 2434 1380 2460 ,
1435 2401 1611 2466 quae
1668 2392 1946 2472 propter
2010 2382 2410 2451 mortalium
2460 2378 2752 2450 salutem
2803 2402 2883 2449 ex
2948 2382 3179 2445 meritis

659 2470 1015 2542 beatorum
1058 2480 1440 2559 martyrum
1492 2481 1683 2560 gesta
1729 2469 2218 2561 cognovimus:
2271 2471 2340 2539 in
2400 2490 2480 2540 eo
2536 2480 2764 2539 tamen
2824 2461 3176 2559 miraculo,

659 2559 845 2648 quod
886 2579 1075 2628 nunc
1120 2558 1492 2628 memoriae
1527 2559 1864 2628 mandare
1899 2558 2197 2640 decrevi,
2253 2572 2394 2629 tam
2450 2570 2763 2649 patenter
2815 2557 2931 2627 Dei
2983 2571 3183 2625 omni·

663 2647 961 2739 potentis
1016 2646 1236 2718 virtus
1293 2646 1477 2716 clare
1531 2648 1995 2738 cognoscitur,
2053 2661 2131 2719 ut
2181 2648 2357 2718 nulli
2405 2647 2702 2717 dubium
2753 2646 3180 2732 relinquatur,

711 2737 833 2807 uin
884 2736 953 2803 in
1002 2735 1196 2805 omni
1242 2745 1557 2805 creatura
1600 2757 1730 2805 sua
1775 2735 2111 2824 quicquid
2159 2737 2451 2807 voluerit
2498 2734 2801 2806 facilime
2851 2733 3062 2824 possit
3102 2723 3184 2797 ef·

691 2846 891 2895 icere.
938 2823 1331 2915 Suntiligna
1378 2823 1633 2894 dicitur
1683 2824 1845 2894 villa
1891 2825 1963 2894 in
2015 2847 2193 2916 pago
2241 2825 2629 2913 Nithagowe
2666 2879 2680 2904 ,
2720 2825 2793 2893 in
2844 2845 2979 2911 qua
3017 2836 3184 2911 pres·

664 2914 860 3002 byter
892 2911 1179 2997 quidam
1206 2967 1221 2992 ‚
1267 2913 1548 2982 nomine
1594 2913 2033 2996 WaltbertuS,
2089 2914 2363 2983 tenebat
2409 2913 2799 2983 ecclesiam.
2863 2918 2930 2982 Is
2985 2915 3186 2979 mente

668 3012 913 3091 captus
962 3021 1214 3089 magno
1270 3021 1555 3071 suorum
1607 3023 1955 3083 moerore,
2008 3002 2097 3072 ad
2146 3003 2507 3073 basilicam
2557 3012 2943 3089 martyrum
2991 2994 3189 3068 addu-

665 3102 820 3160 ctus
865 3099 988 3158 est.
1042 3094 1134 3158 Ex
1181 3089 1440 3176 quibus
1471 3102 1606 3161 tres
1641 3102 1841 3160 erant
1873 3091 2115 3161 fratres
2147 3093 2322 3182 eJuS,
2366 3112 2555 3160 unus
2588 3092 2950 3181 presbyter
2976 3099 3039 3157 et
3070 3082 3190 3180 duo

645 3178 864 3267 ,laiciz
923 3188 1214 3264 quartus
1263 3189 1407 3248 erat
1455 3180 1839 3250 monachus
1889 3181 2327 3270 propinquus
2395 3179 2616 3269 ipsius
2665 3178 2752 3247 de
2803 3186 3192 3248 monasterlo

667 3266 1062 3348 Hornbacb,
1126 3265 1194 3334 in
1244 3272 1381 3354 q'uo
1426 3280 1491 3337 et
1548 3268 1697 3357 ipse
1756 3268 2110 3358 presbyter
2159 3291 2200 3338 a
2250 3290 2459 3358 parva
2504 3279 2720 3337 aetate
2768 3267 2990 3338 fuerat
3034 3259 3185 3332 edu-

667 3366 887 3426 catus.
926 3359 973 3424 Α
1010 3355 1268 3442 quibus
1300 3376 1460 3426 cum
1503 3356 1946 3443 requirerem,
1983 3358 2042 3426 si
2075 3357 2305 3426 adhuc
2335 3355 2601 3444 aliquid
2637 3354 2946 3427 medelae
2977 3376 3015 3424 a
3041 3367 3193 3438 quo-
3303 3411 3304 3414 ,

668 3444 851 3528 libet,
867 3442 1133 3514 medico
1164 3444 1388 3514 eidem
1419 3442 1659 3516 fuisset
1688 3445 2110 3535 impensum:
2159 3446 2422 3525 Statim,
2471 3445 2822 3532 inquiunt,
2859 3466 3014 3515 cum
3049 3457 3193 3535 euin
3303 3487 3304 3490 ,

669 3533 801 3603 hac
852 3533 1170 3624 passione
1224 3533 1697 3621 comperimus
1733 3531 1946 3604 fuisse
1989 3547 2409 3625 correptum,
2454 3533 2541 3603 ad
2593 3533 3085 3629 monasterium
3131 3542 3196 3593 1¹¹

667 3643 807 3710 quo
854 3622 1158 3693 nutritus
1204 3620 1357 3702 fuit,
1412 3643 1454 3690 a
1505 3622 1705 3691 nobis
1754 3621 2095 3692 adductus
2142 3635 2265 3693 est.
2315 3623 2440 3692 Ubi
2491 3644 2651 3692 cum
2699 3623 2762 3692 ei
2812 3620 3061 3691 medici
3103 3633 3196 3683 se-

670 3710 983 3782 cundum
1033 3711 1202 3780 artis
1233 3731 1401 3780 suae
1448 3709 1763 3801 peritiam
1808 3711 2028 3781 multa
2077 3710 2420 3792 fecissent,
2474 3733 2601 3781 nec
2634 3711 2957 3781 morbum
3005 3706 3087 3776 ab
3128 3721 3201 3770 eo

670 3799 1015 3890 depellere
1067 3798 1471 3888 potuissent,
1532 3812 1906 3870 suaserunt
1952 3800 2153 3869 nobis
2200 3800 2407 3871 amici
2458 3800 2718 3886 nostri;
2773 3812 2852 3870 ut
2906 3819 3083 3894 eum·
3122 3786 3199 3859 ad

671 3889 923 3959 horum
966 3892 1373 3957 Sanctorum
1422 3887 1968 3959 misericordiam
2010 3888 2449 3959 duceremus
2505 3888 2934 3958 confidimus
2978 3901 3197 3956 enlm,

672 3977 858 4132 qulod
888 3975 1088 4046 illum
1118 3974 1381 4045 salvare
1407 3977 1697 4066 possint,
1737 3977 1918 4048 sicut
1941 3977 2116 4050 alios
2145 3977 2402 4049 multos
2434 3977 2833 4068 accepimus
2864 3975 2979 4045 hic
3006 3970 3203 4042 fuisse

673 4087 751 4134 sa
784 4076 993 4136 vatos.

766 4155 805 4240 ἓ
854 4156 993 4226 18.
1048 4156 1203 4224 Post
1249 4151 1419 4224 haec
1465 4154 1769 4245 hospitio
1803 4155 2082 4247 recepti,
2118 4167 2416 4248 quatuor
2462 4154 2710 4227 diebus
2758 4153 2948 4224 fuere
2994 4145 3210 4220 nobis·

675 4261 864 4323 cum,
919 4240 1250 4313 ducentes
1295 4263 1454 4313 eum
1503 4242 1814 4330 quotidie
1851 4244 1938 4313 ad
1986 4244 2378 4327 ecclesiam,
2430 4257 2497 4314 et
2527 4265 2759 4314 coram
2794 4241 3013 4312 sacris
3041 4254 3207 4306 mar-

676 4342 910 4419 tyrum
975 4330 1326 4402 cineribus
1369 4332 1602 4422 jacere
1656 4332 2006 4404 facientes.
2066 4334 2319 4416 Quinta
2387 4355 2544 4404 vero
2590 4332 2748 4414 die,
2818 4331 3025 4400 frater
3067 4325 3208 4414 ejus

673 4417 1064 4510 presbyter,
1117 4431 1182 4490 et
1231 4421 1614 4492 monachus
1658 4422 1782 4509 qui
1830 4443 1990 4493 cum
2039 4442 2118 4492 eo
2166 4435 2476 4510 venerat,
2517 4422 2875 4518 npetierunt
2922 4430 2998 4488 ut
3055 4431 3204 4483 eum
