3357 4995
636 318 761 383 454
1280 336 1359 381 nn
1405 336 1460 382 s.
1515 333 1779 383 ιΕοΝτιο
1827 335 1903 381 m·
1950 333 2084 382 soc.
2138 330 2330 382 mur.
2738 317 2959 382 JUNII
3009 318 3089 382 ⁴8

553 431 964 510 coeperunt:
1020 425 1220 489 Serve
1269 419 1382 488 Dei
1433 418 1776 499 altissimi,
1815 418 2080 488 remitte
2116 419 2314 488 nobis
2364 417 2490 486 hoc
2537 430 2892 507 peccatum
2933 444 2945 485 :
2991 418 3085 488 se·
3187 443 3194 457 ’

549 510 728 577 stina
761 514 974 577 Deum
1024 521 1217 577 tuum
1272 507 1564 597 placare,
1601 519 1676 576 ut
1705 530 1829 578 nos
1868 508 1954 576 ab
1987 506 2705 588 idolorumlfoeditate,
2754 520 2817 576 et
2849 508 2935 576 ab
2972 506 3096 577 illa

552 598 840 665 immani
874 596 1015 665 fera
1047 597 1342 666 Adriano
1389 597 1635 686 eripiat
1667 621 1681 663 :
1720 608 1786 666 et
1833 619 1957 665 nos
1987 598 2174 665 enim
2210 595 2574 667 Christiani
2606 617 2874 666 sumus.
2912 601 3092 666 Haec

549 707 707 754 cum
741 685 842 754 illi
893 686 1246 766 dixissent,
1302 699 1582 756 sanctus
1624 687 1737 755 Dei
1772 707 2010 755 servus
2060 686 2378 754 Leontius
2426 686 2496 753 in
2547 698 2798 754 terram
2857 707 2930 754 se
2974 686 3096 754 de-

538 775 705 865 jecit
752 776 969 855 flenS,
1026 787 1090 843 et
1136 775 1423 843 dicens:
1468 796 1502 840 «
1544 775 1824 844 Domine
1877 779 2085 855 DeuS,
2140 775 2260 861 qui
2317 774 2419 841 vis
2484 796 2723 844 omnes
2775 774 3091 845 homines

550 862 773 933 salvos
806 864 979 944 fieri,
1032 874 1098 932 et
1128 864 1213 932 ad
1244 863 1663 953 agnitionem
1701 864 2001 932 veritatis
2035 863 2412 952 pervenire:
2450 863 2571 949 qui
2603 862 2850 932 dedisti
2893 863 3096 932 nobis

551 952 792 1021 salutis
832 954 1145 1043 pignora,
1193 953 1453 1042 respice
1487 974 1634 1032 nOS,
1690 974 1967 1038 quaeSO,
2023 954 2091 1021 in
2142 953 2270 1021 hac
2303 952 2493 1020 hora:
2552 953 2673 1036 qui
2727 951 2970 1033 fecisti,
3020 962 3097 1021 ut

549 1042 668 1127 qui
698 1054 932 1110 contra
970 1064 1076 1111 me
1108 1055 1452 1120 venerant,
1510 1063 1630 1129 pro
1665 1062 1772 1109 me
1811 1055 2074 1110 essent:
2123 1062 2231 1109 me
2281 1062 2470 1109 ovem
2515 1040 2706 1109 illam
2751 1040 3094 1130 perditam

551 1151 777 1200 serves
825 1152 966 1210 or0,
1006 1143 1071 1199 et
1119 1131 1284 1200 istos
1317 1151 1583 1198 mecum
1623 1133 1763 1198 una
1813 1129 2167 1198 illumines
2217 1129 2734 1198 misericordiae
2791 1143 2945 1198 tuae
2987 1129 3097 1197 lu-

551 1219 879 1298 minibus,
917 1220 1175 1305 quibus
1222 1231 1285 1287 et
1334 1218 1549 1288 sancti
1604 1218 1901 1307 Spiritus
1942 1220 2040 1286 tui
2092 1219 2383 1307 gratiam
2440 1217 2779 1297 effundaS‚
2839 1230 3098 1305 tuoque

551 1308 750 1397 signo
803 1319 1090 1387 notatos,
1157 1307 1446 1375 invictos
1498 1306 1746 1375 milites
1796 1319 2032 1375 contra
2087 1307 2346 1376 hostem
2391 1306 2744 1375 diabolum
2809 1306 3092 1385 efficias,

556 1396 927 1486 potentiam
970 1409 1035 1464 et
1087 1418 1277 1464 arma
1337 1394 1474 1463 illis
1526 1396 1859 1484 praebens
1931 1409 2207 1484 propter
2276 1395 2538 1464 viscera
2587 1394 3100 1465 misericordiae

552 1500 730 1553 tuae.
772 1490 898 1552 Pro
939 1498 1132 1552 scuto
1162 1498 1226 1552 et
1274 1485 1470 1553 hasta
1503 1485 1592 1553 sit
1627 1483 1765 1551 illis
1812 1485 2152 1574 sapientia
2187 1497 2324 1553 tua.
2359 1490 2479 1564 Tu,
2534 1484 2653 1570 qui
2703 1483 2925 1553 tribus
2958 1483 3100 1553 die-

551 1575 683 1641 bus
717 1573 786 1642 in
821 1573 1140 1662 sepulcro
1172 1594 1319 1641 esse
1355 1572 1652 1652 voluisti,
1707 1573 1828 1659 qui
1879 1572 2172 1641 malefici
2213 1572 2535 1642 draconis
2569 1585 2776 1661 caput
2815 1573 3099 1641 concul-

556 1662 751 1740 casti,
806 1660 915 1742 da,
956 1683 1234 1747 quaeso,
1275 1674 1350 1730 ut
1396 1661 1744 1730 Tribunus
1793 1661 1903 1730 hic
1937 1675 2001 1731 et
2049 1661 2441 1732 Theodulus
2494 1674 2846 1730 conterant
2893 1683 2970 1729 ca
3027 1676 3099 1731 ut
3174 1688 3179 1693 ·

557 1749 884 1818 malitiosi
935 1750 1258 1819 draconis
1305 1751 1644 1820 Praesidis
1706 1750 2006 1830 Adriani,
2063 1751 2299 1835 tuique
2359 1750 2620 1819 roboris
2671 1750 2890 1840 gratia
2948 1750 3101 1819 ilos

553 1838 947 1908 confirmes.
984 1845 1081 1906 Tu
1130 1840 1310 1907 enim
1346 1838 1739 1929 desperatos
1788 1838 1869 1907 ad
1931 1839 2389 1928 cognitionem
2453 1852 2518 1907 et
2549 1841 2763 1929 'spem
2808 1838 3095 1907 invitas:

558 1939 631 1996 tu
667 1943 970 1997 errantes
1020 1928 1487 1996 misericordia
1525 1942 1638 1998 tua
1691 1927 1759 1994 in
1810 1928 1988 1995 viam
2043 1930 2341 1997 revocas:
2394 1928 2654 2017 quippe
2700 1928 2819 2012 qui
2871 1927 3102 1998 cordis

552 2038 804 2085 arcana
851 2017 1234 2106 cognoscis,
1289 2031 1354 2085 et
1384 2017 1746 2084 universae
1798 2016 2145 2085 humanae
2205 2028 2490 2085 naturae
2523 2030 2786 2084 creator
2834 2039 2929 2085 es.
2978 2021 3100 2084 Ac-

552 2105 728 2194 cipe,
766 2127 1044 2192 quaes0,
1101 2125 1332 2194 preces
1374 2105 1747 2193 peccatoris
1785 2106 2063 2173 Leontii.
2110 2105 2401 2174 Ostende
2431 2118 2494 2173 et
2546 2105 2674 2184 hie,
2720 2118 2984 2193 praeter
3035 2118 3098 2172 te

555 2215 693 2262 non
748 2195 961 2263 alium
996 2199 1204 2262 Deum
1243 2215 1412 2262 esse.
1469 2199 1619 2273 Fac,
1663 2207 1736 2261 ut
1769 2195 1888 2280 qui
1924 2193 2057 2263 diis
2106 2194 2506 2263 inanimatis
2536 2206 2601 2262 et
2641 2195 2851 2261 mutis
2894 2193 3099 2261 fidem

560 2282 838 2364 habent,
887 2283 1043 2352 illos
1092 2281 1299 2352 vanoS
1332 2296 1396 2351 et
1436 2283 1675 2351 inanes
1714 2273 1861 2351 esse
1891 2295 2345 2372 cognoscant:
2378 2296 2445 2351 et
2486 2295 2641 2351 tuae
2690 2283 3101 2372 cognitionis

560 2371 829 2440 lumine
865 2371 1137 2442 illustra
1184 2393 1298 2439 eos
1345 2372 1462 2457 qui
1520 2372 1867 2440 veritatem
1923 2393 2059 2439 non
2108 2384 2550 2461 cognoscunt.
2620 2375 2756 2450 Ita,
2818 2393 3090 2458 quaeso,

558 2459 795 2542 faciaS‚
856 2466 1031 2532 Deus
1094 2459 1399 2529 Salvator
1446 2474 1695 2541 noster,
1734 2460 2059 2547 quoniam
2114 2461 2233 2530 tibi
2291 2473 2390 2530 est
2439 2481 2754 2550 regnum,
2802 2459 3101 2551 potentia

559 2563 626 2619 et
658 2550 901 2640 gloria,
957 2564 1144 2619 nunc
1186 2563 1250 2619 et
1274 2572 1567 2638 semper,
1619 2564 1685 2619 et
1733 2550 1799 2616 in
1847 2549 2071 2619 secula
2124 2549 2541 2628 seculorum,
2589 2555 2873 2619 Amen.»

645 2643 680 2726 ξ
728 2644 805 2709 ⁸2.
855 2644 1018 2707 Cum
1057 2638 1362 2718 dixisset,
1397 2644 1628 2720 Amen,
1668 2638 2024 2707 descendit
2056 2640 2273 2708 nubes
2304 2660 2522 2725 aquae
2561 2638 2627 2707 in
2667 2637 3096 2707 Theodulum

552 2740 616 2796 et
665 2728 1049 2797 Tribunum
1082 2748 1335 2813 eosque
1387 2726 1805 2796 illuminavit
1842 2727 1966 2817 (a).
2008 2727 2196 2808 Quod
2249 2749 2406 2796 cum
2453 2740 2733 2796 sanctus
2783 2727 3101 2795 Leontius

552 2818 809 2885 factum
864 2816 1164 2896 vidisset,
1244 2837 1399 2884 voce
1449 2839 1702 2907 magna
1750 2816 2082 2885 clamans:
2136 2815 2436 2896 «Gloria,
2504 2817 2747 2902 inquit,
2807 2816 2928 2884 tibi
2983 2813 3093 2891 sit,

554 2911 729 2975 Deus
772 2928 990 2984 meus,
1036 2905 1156 2990 qui
1198 2905 1610 2973 voluntatem
1642 2905 2117 2991 quaerentium
2155 2919 2214 2973 te
2240 2926 2373 2972 non
2406 2904 2818 2994 aspernaris.
2860 2928 2894 2969 »
2924 2907 3096 2969 Tum

552 2993 707 3061 illos
756 2994 934 3062 albis
967 2993 1273 3062 vestibus
1327 2994 1572 3071 induit,
1610 3008 1675 3062 et
1704 3014 1932 3062 cereos
1963 3014 2287 3062 accensos
2326 3007 2482 3062 ante
2530 2993 2715 3084 ipsos
2754 2992 2913 3059 ierri
2949 2992 3104 3080 jus-

552 3083 661 3151 sit.
700 3087 866 3150 Cum
910 3104 1087 3161 vero,
1123 3081 1405 3168 quidam
1448 3104 1525 3150 ex
1559 3087 1974 3151 Graecorum
2012 3103 2299 3151 numero
2324 3104 2462 3150 rem
2499 3094 2634 3150 tam
2686 3081 2933 3148 miram
2982 3101 3103 3169 per

554 3171 909 3239 Leontium
953 3170 1201 3239 factam
1253 3170 1606 3250 vidissent,
1669 3183 2043 3261 coeperunt
2095 3192 2213 3259 per
2255 3171 2493 3240 urbem
2551 3169 2984 3249 tumultuari,
3040 3179 3105 3237 et

557 3260 648 3327 ita
681 3258 1020 3327 clamare:
1074 3259 1461 3328 Pernicioso
1521 3260 1677 3349 igne
1724 3259 2225 3328 comburantur
2277 3259 2401 3340 illi,
2456 3260 2572 3345 qui
2623 3259 2787 3327 deos
2834 3271 3104 3327 nostros

554 3349 948 3437 reprobant.
1016 3353 1249 3434 Itaque
1300 3369 1432 3416 non
1488 3349 1817 3417 mediocri
1855 3348 2169 3417 tumultu
2217 3349 2456 3417 civitas
2525 3348 2642 3415 illa
2710 3347 3106 3437 perturbata

551 3450 717 3506 erat.
774 3436 989 3505 Biduo
1030 3450 1255 3506 autem
1310 3450 1541 3525 postea
1590 3438 1770 3506 venit
1810 3436 2150 3506 Adrianus
2198 3443 2498 3515 PraeseS‚
2554 3450 2618 3504 et
2660 3458 2927 3515 omnes,
2981 3435 3102 3521 qui

562 3546 719 3593 cum
776 3524 895 3594 illo
943 3539 1175 3594 erant:
1221 3547 1519 3612 cumque
1562 3539 1718 3594 ante
1765 3526 1961 3596 urbis
1996 3538 2224 3615 portas
2258 3526 2698 3606 constitisset,
2736 3524 3099 3612 quaesivit,

555 3634 894 3699 quaenam
946 3636 1145 3683 voces
1189 3626 1256 3682 et
1304 3615 1749 3683 tumultuatio
1786 3615 1925 3693 illa,
1961 3615 2243 3700 quinam
2302 3613 2718 3704 populorum
2763 3613 3105 3683 clamores

553 3714 805 3771 essent.
859 3708 1026 3772 Tum
1060 3703 1210 3793 ejus
1250 3703 1543 3772 civitatis
1568 3704 1958 3792 optimates:
2014 3704 2148 3783 Vir,
2188 3702 2536 3789 inquiunt,
2578 3701 2861 3788 quidam
2898 3707 3107 3770 Leon-

556 3790 693 3860 tius
739 3791 1057 3871 nomine,
1109 3792 1228 3879 qui
1276 3792 1705 3861 Christianus
1776 3791 2208 3882 appellatur,
2263 3812 2503 3860 omnes
2540 3814 2580 3859 a
2629 3791 2916 3860 deorum
2983 3811 3105 3858 no-

556 3892 850 3949 strorum
886 3880 1078 3949 cultu
1126 3880 1548 3962 dehortatur,
1585 3903 1664 3950 ac
1701 3882 2018 3961 removet,
2059 3881 2349 3980 magicis
2379 3880 2797 3966 quibusdam
2837 3878 3108 3947 artibus

553 3968 869 4039 homines
921 3970 1105 4060 ipsos
1143 3970 1718 4050 circumveniens,
1754 3969 1925 4039 dum
1977 3969 2327 4058 praedicat
2373 3982 2440 4037 et
2490 3968 2741 4057 nugaci
2793 3967 3106 4045 oratione

553 4056 892 4139 celebrat,
958 4058 1351 4144 extollitque
1407 4059 1630 4128 virum
1704 4058 2074 4145 quemdam
2147 4058 2232 4126 ab
2293 4058 2696 4127 hominibus
2758 4056 2826 4124 in
2900 4076 3108 4125 cruce

605 4232 668 4284 (a)
698 4235 796 4274 Hoc
826 4235 898 4274 est
926 4235 1173 4283 baptizavit.
1205 4234 1293 4273 Sed
1322 4244 1378 4274 ne
1408 4235 1545 4281 putes
1576 4235 1815 4273 auctorem
1844 4234 2041 4272 innuere
2070 4232 2279 4272 voluisse
2307 4233 2620 4280 baptismum.
2650 4241 2816 4280 aquam
2857 4232 2965 4269 ‚cubo
3002 4231 3104 4270 tan-

555 4288 656 4327 tum
685 4289 998 4331 ministrante.
1027 4287 1278 4326 collatum!
1309 4288 1460 4326 Verbo
1491 4290 1619 4326 certe
1648 4288 1911 4325 illuminavit
1941 4286 2174 4333 expressit
2200 4285 2306 4325 fidei
2337 4283 2537 4334 gratum
2568 4295 2687 4334 quae
2716 4295 2801 4332 per
2831 4285 2983 4323 nubem
3002 4286 3108 4324 eive

550 4353 712 4392 nquam
741 4339 1068 4390 baptismalem
1098 4350 1124 4379 a
1153 4341 1351 4380 Leontio
1380 4340 1574 4380 effusam
1603 4342 1652 4380 in
1681 4340 1952 4388 Neophytos
1980 4339 2238 4379 descendit..
2266 4340 2390 4379 Mira
2419 4341 2579 4379 autem
2608 4350 2683 4377 res
2710 4338 2982 4377 Gentilibus
3013 4339 3108 4377 fuit

552 4395 818 4444 Neophytos
849 4396 977 4443 ipsos
1007 4394 1279 4442 conspicere
1309 4394 1428 4434 albis
1451 4395 1589 4442 juxta
1616 4395 1762 4434 ritum
1793 4394 2003 4438 amictos,
2019 4392 2408 4442 praecedentibus
2428 4393 2579 4433 cereis
2599 4391 2811 4431 accensis
2830 4402 2915 4439 per
2936 4391 3107 4434 urbem

550 4447 777 4488 deductos
798 4446 1059 4500 (Obscurum
1075 4448 1213 4487 locum
1231 4449 1385 4497 optime
1400 4447 1626 4486 illustrant
1646 4448 1878 4491 Bollmul.).
