3357 4995
227 314 449 382 JUNII
494 315 581 381 27
1011 333 1091 380 m:
1138 332 1195 381 s.
1249 332 1573 383 sursomt
1618 332 1992 383 xanonocno
2561 315 2689 381 6⁴5

232 418 448 488 Dabat
478 438 638 486 vero
661 436 826 507 opes
874 437 1013 486 non
1064 436 1291 509 parce,
1347 439 1472 488 nec
1525 418 1889 510 paulatim,
1944 416 2063 488 sed
2114 438 2239 487 nec
2287 417 2608 508 guttatim
2672 417 2782 487 di-

234 505 530 588 stillans,
590 505 709 575 sed
757 504 1035 595 profuse
1100 506 1476 577 admodum
1547 519 1612 576 et
1682 507 1894 597 large,
1939 506 2304 588 ambabuS,
2356 518 2435 576 ut
2493 506 2775 588 dicitur,

233 596 562 665 manibus
608 593 973 665 effundens
1007 594 1077 664 in
1105 607 1373 665 ventres
1422 608 1835 689 pauperum,
1874 606 1993 666 aut
2040 595 2533 667 esurientium:
2571 594 2781 683 idque

228 705 370 753 non
421 682 657 765 semel,
720 694 842 753 aut
887 682 1019 764 bis,
1066 683 1185 753 sed
1284 706 1357 754 er
1405 696 1614 755 totam
1656 683 1891 754 vitam.
1973 684 2051 754 Ei
2096 684 2284 753 enim
2333 705 2608 776 semper
2670 705 2782 754 ae-

224 772 483 860 qualis,
526 783 786 841 etcum
816 792 896 841 eo
936 772 1198 842 nutrita
1252 773 1351 844 uit
1380 773 1840 864 eleemosyna.
1881 777 2244 843 Servorum
2266 784 2498 842 autem
2540 795 2784 864 greges

223 861 509 932 nolebat
555 859 863 951 amplius
908 860 1096 951 apud
1146 883 1218 931 se
1267 884 1547 932 manere
1595 883 1819 950 neque
1865 862 1938 931 in
1979 882 2212 932 servos
2248 861 2351 932 uti
2379 883 2535 933 arro
2587 873 2785 931 anter

225 950 567 1043 imperio:
632 948 751 1019 sed
814 950 1041 1039 potius
1102 949 1437 1031 libertate,
1511 951 1933 1041 dignabatur
1979 950 2302 1040 ingenue,
2356 950 2456 1021 eis
2503 884 2783 1021 abunde

216 1039 571 1131 praebens
629 1037 816 1126 quod
859 1038 944 1107 ad
991 1038 1247 1109 victum
1290 1039 1657 1110 sufficeret.
1713 1039 1890 1123 Quid
1938 1039 2127 1109 enim
2164 1038 2227 1108 ei
2260 1060 2438 1128 opus
2467 1051 2611 1109 erat
2644 1060 2784 1109 ser-

221 1128 445 1198 vitute
474 1127 868 1209 hominum,
920 1128 1043 1214 qui
1078 1149 1151 1198 se
1179 1150 1417 1199 verum
1440 1142 1507 1199 et
1531 1151 1939 1219 germanum
1977 1150 2251 1199 servum
2305 1128 2593 1197 Domino
2618 1150 2783 1197 con—

225 1217 666 1288 secraverat?
712 1215 821 1285 Sic
870 1215 1103 1303 itaque
1149 1216 1218 1285 in
1269 1216 1629 1288 facultates
1677 1218 2010 1297 affectus,
2065 1227 2131 1286 et
2198 1217 2454 1303 quibus
2519 1229 2782 1307 tempo-

222 1305 498 1376 ralibus
548 1318 876 1391 tanquam
917 1304 1217 1375 vinculis
1248 1306 1537 1389 laxatus,
1590 1319 1736 1376 erat
1776 1328 1847 1376 re
1878 1327 2037 1375 vera
2068 1304 2236 1375 levis
2282 1316 2348 1375 et
2394 1306 2777 1388 accinctuS‚

223 1408 297 1465 et
331 1416 474 1464 una
502 1393 785 1481 quidem
839 1393 1096 1476 tunica,
1127 1416 1270 1464 uno
1300 1408 1529 1466 autem
1552 1394 1815 1466 famulo
1834 1406 2222 1465 contentus.
2279 1393 2535 1464 Deinde
2564 1394 2783 1465 Roma

223 1482 471 1554 relicta
518 1483 633 1553 hic
683 1482 786 1550 vir
830 1484 1152 1575 egregius
1179 1484 1248 1553 in
1285 1484 1465 1554 hanc
1515 1506 1760 1554 novam
1811 1485 1994 1553 venit
2024 1488 2340 1565 Romam,
2393 1483 2638 1564 divini,
2671 1483 2784 1551 in-

221 1593 468 1661 quam,
522 1571 950 1641 Constantini
996 1573 1362 1643 civitatem.
1399 1578 1612 1661 Atque
1659 1594 2002 1661 quaenam
2050 1571 2331 1660 quidem
2373 1593 2532 1641 eum
2569 1592 2783 1641 causa

227 1661 684 1753 permoverit,
739 1681 1174 1749 nequaquam
1240 1683 1523 1752 possum
1595 1662 1846 1731 dicere.
1902 1660 2028 1731 Sed
2078 1682 2215 1729 non
2267 1660 2418 1731 sine
2467 1661 2583 1729 Dei
2649 1682 2782 1730 nu-

227 1750 448 1831 mine,
515 1770 738 1836 neque
802 1750 1086 1820 omnino
1159 1750 1492 1821 inutiliter
1540 1763 1851 1821 versatus
1905 1762 2006 1819 est
2069 1749 2137 1817 in
2191 1748 2320 1819 hac
2369 1748 2563 1839 regia
2612 1749 2782 1819 civi-

227 1852 407 1910 tate:
460 1837 529 1906 in
580 1859 721 1925 qua
766 1849 866 1907 est
913 1838 1115 1907 etiam
1154 1860 1427 1908 sacrum
1478 1839 1627 1925 ejus
1678 1860 1933 1929 corpus
1967 1838 2370 1927 repositum,
2413 1838 2781 1909 thesaurus

230 1940 745 2007 sacrosanctae„
797 1924 1074 1997 divitiae
1118 1949 1296 2015 quae
1330 1928 1617 1997 minime
1648 1940 2186 2009 consumuntur,
2222 1926 2541 1998 omnium
2595 1947 2782 1996 mor-

228 2019 486 2087 borum
526 2015 933 2085 remedium.

317 2106 358 2191 §
405 2107 499 2175 8.
552 2104 678 2173 Hic
741 2126 905 2193 ergo
954 2105 1144 2174 omni
1191 2127 1271 2175 ex
1320 2116 1512 2196 parte
1558 2127 1858 2196 magnus
1907 2109 2220 2184 Samson,
2277 2125 2437 2173 cum
2476 2103 2560 2174 ad
2598 2103 2781 2173 hanc

220 2194 654 2283 pervenisset
682 2193 1052 2274 civitatem,
1093 2194 1162 2262 in
1202 2193 1503 2281 quadam
1534 2217 1744 2284 parva
1782 2206 1846 2263 et
1880 2192 2131 2265 humili
2162 2192 2368 2262 domo
2395 2192 2775 2261 habitabat.

218 2286 303 2351 In
362 2282 910 2369 proximiautem
937 2304 1106 2352 cura
1139 2283 1440 2373 gerenda
1486 2284 1834 2353 assiduus.
1872 2287 2037 2352 Nam
2074 2304 2236 2351 cum
2266 2281 2444 2349 hanc
2492 2279 2781 2349 domum

216 2369 685 2460 benignitatis
745 2382 1235 2461 argumentum
1314 2384 1380 2441 et
1436 2372 1809 2471 gratuitam
1874 2371 2145 2441 fecisset
2207 2367 2590 2449 officinam,
2665 2388 2782 2438 eos

220 2458 352 2548 qui
384 2458 623 2529 morbo
657 2459 1171 2550 premebantur,
1204 2459 1501 2552 hospitlo
1531 2461 1935 2552 excipiebat,
1967 2473 2031 2531 ct
2055 2458 2355 2529 fraterne
2401 2457 2776 2528 tractabat:

215 2570 351 2619 nec
421 2549 649 2618 solum
699 2548 767 2617 in
820 2571 937 2618 eos
1000 2550 1194 2619 omni
1235 2551 1554 2619 utebatur
1609 2553 1779 2621 cura
1826 2562 1890 2620 et
1947 2548 2305 2640 diligentia
2338 2603 2353 2629 ‚
2407 2561 2485 2617 ut
2541 2546 2783 2617 volunt

216 2639 418 2729 leges
449 2638 641 2719 artiS,
697 2637 815 2707 sed
865 2650 930 2707 et
976 2638 1238 2719 cibum,
1278 2650 1344 2708 et
1373 2638 1603 2708 cubile
1647 2639 1749 2709 eis
1790 2638 2245 2729 impertiebat.
2290 2636 2778 2706 convenienter

226 2713 490 2797 Christi
540 2727 947 2817 praeceptis,
1013 2728 1261 2817 partim
1330 2726 1611 2815 quidem
1684 2740 1896 2797 artem
1926 2782 1942 2808 ‚
1997 2726 2244 2818 partim
2294 2736 2524 2795 autem
2575 2737 2783 2812 atque

226 2816 412 2886 adeo
454 2815 676 2905 magis
722 2814 1092 2885 ostendens
1116 2816 1432 2907 gratiam.
1473 2815 1602 2886 Ubi
1634 2817 1818 2885 enim
1845 2828 1946 2886 est
1979 2816 2145 2885 artis
2181 2836 2382 2903 opuS‚
2408 2814 2785 2883 daemones

226 2902 619 3006 expellere,
672 2915 738 2973 et
803 2905 1200 2976 morborum
1276 2905 1663 2975 mirabilem
1730 2905 1998 2975 efficere
2066 2903 2538 2974 curationem?
2596 2908 2784 2985 Quae

281 2992 520 3064 uidem
554 2994 616 3061 ei
666 2993 911 3074 facere,
954 3016 1088 3063 non
1142 2993 1375 3065 minus
1415 3016 1622 3081 quarn
1654 2993 1848 3074 velle,
1887 3005 2032 3064 erat
2062 2992 2283 3062 facile.
2328 2997 2406 3060 Et
2427 2991 2538 3080 (ut
2567 2991 2781 3060 semel

223 3019 495 3170 dicam)
542 3082 825 3152 alterius
872 3082 1154 3169 quidem
1203 3082 1466 3170 aliquid
1516 3081 1733 3162 aliud,
1789 3084 2141 3152 Samsonis
2188 3093 2418 3150 autem
2470 3080 2783 3170 hospita-

224 3173 391 3242 litas
440 3182 505 3240 et
543 3170 701 3240 beni
759 3170 959 3251 nitas,
1016 3183 1080 3240 et
1119 3171 1190 3239 in
1317 3184 1507 3240 entes
1549 3171 2043 3251 misericordia,
2074 3181 2220 3239 erat
2251 3169 2421 3238 adeo
2469 3169 2776 3259 propria,

221 3275 305 3331 ut
356 3282 482 3351 pro
534 3261 687 3328 emo
743 3281 860 3329 um
913 3260 1166 3329 rediret
1212 3194 1316 3329 aeff
1352 3260 1822 3330 necessitatem
1867 3273 2192 3331 naturae:
2239 3258 2417 3327 sicut
2458 3256 2779 3344 Soliqui-

221 3351 386 3420 dem
423 3349 467 3417 il
505 3348 844 3430 uminare,
898 3348 1046 3439 igni
1080 3361 1308 3418 autem
1362 3370 1581 3417 urere.
1620 3350 1796 3418 Hinc
1853 3349 2058 3418 etiam
2108 3347 2334 3416 evadit
2374 3345 2782 3417 manifestus

224 3440 314 3520 ei,
362 3437 488 3526 qui
520 3448 685 3507 tunc
731 3448 876 3507 erat
916 3437 1162 3507 Christi
1189 3436 1516 3508 Pontifex.
1543 3437 1872 3507 Bonitatis
1904 3438 2088 3506 enim
2117 3435 2444 3526 splendor
2476 3449 2543 3504 et
2566 3434 2783 3504 decus

219 3550 364 3609 eOS,
419 3526 545 3615 qui
592 3548 744 3595 earn
792 3537 1129 3607 exercent,
1183 3527 1317 3596 cito
1417 3526 1705 3615 ropalat.
1763 3530 1830 3596 Is
1879 3539 2106 3595 autem
2148 3536 2293 3594 erat
2341 3529 2595 3605 Menas,
2649 3525 2785 3592 vir-

229 3629 374 3686 tute
437 3637 578 3684 non
627 3615 993 3686 obscurus.
1048 3620 1125 3684 Et
1171 3615 1257 3683 ab
1314 3614 1433 3683 ilo
1482 3614 1847 3684 ordinatur
1916 3612 2260 3694 sacerdos,
2308 3613 2592 3702 triginta
2632 3612 2784 3703 jam

219 3727 449 3776 annos
505 3717 730 3785 natus,
783 3716 848 3772 et
904 3702 1299 3794 pauloplus.
1361 3703 1617 3772 Deinde
1676 3704 1740 3773 ei
1786 3704 1990 3772 etiam
2048 3701 2271 3772 evadit
2343 3700 2778 3782 manifestuS,

220 3794 345 3879 qui
392 3792 928 3863 administrabat
963 3791 1365 3882 Imperium.
1420 3790 1494 3861 Id
1531 3803 1765 3861 autem
1812 3814 1892 3860 ex
1940 3813 2018 3860 eo
2066 3790 2369 3889 acciditz·

312 3884 485 3969 54.
543 3881 978 3951 Justinianus
1042 3880 1321 3968 quidem
1386 3894 1530 3949 erat
1592 3882 1715 3968 qui
1775 3880 2192 3970 imperabat,
2259 3900 2463 3965 cujus
2523 3890 2589 3947 et
2650 3881 2790 3947 Im-

226 3971 402 4124 perii
451 3971 863 4040 diuturnum
915 3968 1045 4040 fuit
1092 3981 1390 4060 tempus,
1447 3981 1513 4039 et
1559 3971 1698 4038 vita
1731 3968 2044 4039 illustris.
2125 3969 2201 4037 Ei
2251 3968 2537 4038 morbus
2586 3966 2789 4035 incu-

278 4057 381 4126 uit
427 4059 625 4129 valde
670 4059 922 4149 graviS‚
958 4079 1118 4129 cum
1153 4059 1214 4127 ei
1254 4058 1428 4127 male
1480 4057 1723 4127 affecta
1769 4069 1997 4129 essent
2046 4056 2405 4149 pudenda,
2444 4069 2511 4126 et
2564 4055 2791 4126 vesica

231 4147 427 4300 {ravi
482 4146 822 4218 laboraret
866 4147 1120 4219 ulcere.
1174 4152 1388 4234 Atque
1429 4145 1546 4215 ille
1593 4146 1877 4233 quidem
1948 4146 2357 4238 patiebatur,
2403 4154 2470 4213 et
2518 4142 2788 4214 labora-

284 4245 375 4314 at,
421 4257 545 4305 nec
579 4236 849 4309 dolores
882 4236 1058 4307 ferre
1089 4248 1373 4327 poterat.
1415 4236 1489 4304 Ei
1522 4249 1754 4305 autem
1793 4245 1937 4305 erat
1967 4234 2478 4305 circumfusum
2503 4252 2790 4302 examen

238 4321 663 4394 medicorum
694 4381 709 4407 ‚
766 4338 833 4396 et
877 4326 1061 4396 circa
1105 4347 1292 4407 eum,
1347 4336 1426 4394 ut
1486 4345 1636 4395 mos
1683 4336 1830 4406 est,
1906 4324 2192 4394 aderant
2239 4341 2492 4411 magno
2563 4320 2794 4392 studio

239 4408 705 4501 disputantes:
764 4415 940 4498 Quid
1003 4435 1165 4506 ergo
1242 4413 1663 4504 Imperator?
1711 4418 2077 4500 Postquam
2153 4412 2321 4480 vidit
2384 4430 2499 4479 eos
2569 4408 2793 4480 multa
