3357 4995
248 337 468 402 JUNII
521 337 600 401 ⁴4
1162 356 1240 401 nn:
1289 355 1344 403 s.
1399 355 1645 403 mismo
1693 353 1906 402 MAGNO
2298 287 2305 294 Ι
2588 337 2703 401 324

336 443 374 528 ἓ
420 445 507 513 4.
556 444 780 509 «Haec
811 460 973 529 ergo
1009 439 1156 528 ipse
1203 440 1736 530 contemplatus,
1792 440 1965 509 bene
2013 439 2296 508 affectus
2346 461 2543 519 sum,
2602 452 2810 526 atque

246 550 326 598 eo
379 528 754 629 perductus
801 551 840 596 o
889 526 1177 598 Eubule.
1234 533 1408 599 Sunt
1453 529 1643 598 enim
1701 528 1886 617 apud
1961 549 2088 597 nos
2164 549 2300 597 non
2351 527 2615 617 figurae
2687 549 2811 599 nec

246 629 663 707 aenigmata,
704 618 821 689 sed
872 618 1025 706 ipsa
1072 617 1278 707 plane
1325 618 1598 698 veritas,
1644 618 1908 688 ducens
1956 617 2043 686 ad
2096 615 2415 687 salutem.
2470 622 2814 708 Resurge-

246 729 410 776 mus
443 707 628 775 enim
671 727 935 786 omnes,
990 707 1112 775 alii
1158 707 1229 775 in
1281 708 1489 777 vitam
1540 720 1916 788 aeternam,
1970 704 2090 775 alii
2138 706 2206 774 in
2259 706 2714 795 opprobrium
2749 719 2816 775 et

243 795 705 885 ignominiam
751 796 1270 885 sempiternam,
1351 795 1876 881 astabimusque
1931 794 2019 863 ad
2056 794 2358 865 tribunal
2396 793 2668 874 Christi,
2712 796 2815 864 uti

145 905 160 922 ·
244 884 496 953 docent
545 906 670 954 nos
718 884 988 954 vocales
1038 884 1413 953 admodum
1517 885 1838 975 rophetae
1870 940 1884 964 ,
1940 885 2197 964 IsaiaS,
2249 883 2580 952 Jeremias
2610 938 2629 964 ,
2692 889 2814 953 Da-

244 971 412 1053 niel,
475 973 681 1042 David
720 996 861 1053 rex,
898 985 963 1042 et
1010 974 1290 1043 divinus
1323 979 1464 1042 Pau
1498 997 1603 1054 uS,
1643 986 1848 1060 atque
1879 984 2033 1063 post
2066 973 2190 1044 hos
2220 973 2369 1074 ipse
2414 972 2620 1041 etiam
2654 986 2841 1062 poe-'

247 1061 583 1131 nitentiae
641 1061 863 1140 dator,
915 1073 981 1131 et
1027 1063 1441 1154 agonotheta
1490 1062 1631 1132 sive
1678 1061 2149 1152 praemiorum
2200 1060 2639 1143 distributor,
2692 1063 2815 1148 qui

244 1172 442 1219 ovem
492 1152 833 1239 q'uaesivit
880 1152 1247 1241 perditam,
1286 1163 1353 1221 et
1400 1152 1817 1221 desertorem
1854 1150 2079 1220 filium
2133 1173 2170 1219 e
2201 1150 2425 1240 patris
2465 1151 2625 1219 sinu
2658 1153 2817 1239 prb-

244 1239 538 1330 fugum,
596 1240 849 1310 multas
895 1262 1061 1330 opes
1107 1253 1174 1310 et
1237 1241 1543 1332 seipsum
1602 1261 1879 1327 quoque
1935 1239 2222 1330 prodige
2272 1238 2695 1328 perdentem,
2749 1251 2817 1309 et

245 1340 486 1419 postea
519 1328 698 1398 fame
729 1328 1062 1399 afflictum
1113 1341 1317 1418 atque
1351 1340 1794 1399 revertentem
1841 1329 2107 1398 sincere
2161 1329 2523 1418 amplexus
2572 1340 2696 1408 est,
2748 1340 2815 1398 et

248 1416 424 1487 stola
482 1417 781 1486 candida
836 1419 1143 1498 ornavit,
1199 1419 1636 1509 pretiosoque
1700 1417 1932 1487 induit
1992 1416 2297 1487 annulo:
2358 1428 2561 1504 atque
2606 1417 2813 1487 etiam

245 1505 529 1575 fratrem
580 1529 619 1575 a
672 1508 971 1597 peccatis
1019 1508 1434 1586 immunem,
1492 1507 1610 1578 sed
1672 1506 2311 1597 indignabundum‚
2354 1505 2666 1575 hortatus
2714 1517 2819 1575 est

249 1594 351 1662 illi
404 1606 735 1681 tanquam
771 1595 965 1665 fratri
1014 1597 1285 1665 veniam
1338 1596 1553 1665 dare:
1606 1595 1793 1682 quod
1842 1618 2003 1665 cum
2053 1595 2207 1675 ille,
2266 1593 2667 1665 stimulante
2714 1594 2818 1662 in-

249 1682 460 1764 vidia,
518 1683 740 1753 facere
768 1697 1260 1765 contemneret,
1311 1686 1644 1754 Dominus
1692 1685 2116 1775 benignitate
2144 1684 2426 1752 vincens
2483 1705 2646 1752 eum
2696 1705 2816 1753 su·-

252 1772 499 1860 scepit.
555 1772 744 1841 Idem
778 1772 927 1864 ipse
975 1786 1204 1843 autem
1241 1775 1449 1843 etiam
1497 1795 1733 1864 parem
1787 1773 2171 1843 mercedem
2206 1771 2507 1841 reddidit
2554 1771 2641 1840 ad
2682 1793 2817 1841 un-

250 1860 600 1930 decimam
653 1862 891 1931 horam
943 1884 1021 1931 ve
1075 1863 1404 1946 ientibus‚
1471 1863 1811 1949 nobisque
1870 1862 2380 1952 poenitentibus
2416 1916 2431 1942 ‚
2485 1874 2689 1947 atque
2736 1883 2819 1930 ex

249 1971 431 2036 aqua
484 1962 550 2019 et
598 1956 639 2019 S
696 1951 857 2020 iritu
907 1885 1154 2021 Sanrbto
1216 1953 1741 2022 renascentibus
1799 1973 1878 2020 ea
1927 1952 2217 2021 daturus
2266 1963 2412 2029 est,
2466 1972 2644 2036 quae
2692 1970 2818 2019 nec

249 2038 501 2109 oculus
549 2039 614 2108 vi
669 2040 742 2121 it,
783 2061 909 2109 nec
949 2041 1141 2110 auris
1174 2041 1459 2119 audivit,
1514 2062 1640 2110 nec
1689 2041 1758 2108 in
1810 2063 1929 2110 cor
1975 2039 2283 2111 hominis
2327 2038 2811 2118 ascenderunt,

251 2149 433 2217 quae
470 2131 903 2229 praeparavit
943 2134 1120 2199 Deus
1169 2130 1625 2219 diligentibus
1673 2151 1769 2198 se.
1805 2153 1842 2196 »

342 2219 379 2303 ἓ
426 2220 513 2287 5.
569 2222 692 2288 His
722 2217 1239 2308 obstupefactus
1295 2218 1630 2298 Eubulus,
1686 2220 1804 2287 ait:
1860 2241 1895 2283 «
1954 2223 2004 2288 Ο
2037 2218 2272 2298 Basili,
2331 2215 2646 2288 coelestis
2700 2216 2818 2284 de-

257 2317 677 2376 monstrator
724 2307 1099 2390 TrinitatiS,
1156 2329 1277 2398 per
1332 2322 1392 2377 te
1441 2307 1648 2377 credo
1697 2309 1768 2377 in
1817 2329 2038 2376 unum
2093 2312 2303 2376 Deum
2354 2311 2618 2375 Patrem
2673 2327 2821 2374 om-

254 2390 702 2483 nipotentem,
737 2396 1065 2487 deinceps
1094 2419 1317 2483 usque
1363 2395 1732 2484 exp'ectans
1762 2396 2335 2465 resurrectionem
2386 2406 2818 2463 mortuorum

253 2494 320 2552 et
357 2483 563 2554 vitam
611 2484 830 2555 futuri
878 2484 1118 2567 seculi,
1150 2491 1388 2555 Amen.
1427 2484 1661 2555 Fidem
1691 2497 1920 2555 autem
1957 2507 2182 2554 meam
2225 2484 2354 2553 hac
2389 2506 2424 2552 e
2475 2507 2513 2552 o
2556 2483 2820 2553 ratione

251 2571 380 2641 tibi
431 2585 741 2645 testatam
774 2575 1009 2644 reddo:
1065 2598 1172 2645 res
1223 2598 1411 2645 meas
1437 2597 1678 2645 omnes
1726 2575 1852 2645 tibi
1886 2574 2103 2653 trado,
2148 2586 2211 2642 et
2270 2595 2408 2659 quo
2503 2583 2820 2663 superest

252 2661 454 2743 vitae,
509 2665 569 2732 si
618 2664 715 2732 sic
757 2668 888 2733 Deo
949 2664 1173 2733 visum
1224 2666 1376 2745 erit,
1430 2664 1616 2754 apud
1682 2677 1744 2734 te
1795 2663 2201 2752 transigam,
2257 2673 2463 2749 atque
2509 2684 2591 2730 ex
2637 2682 2823 2747 aqua

253 2763 496 2820 sancta
541 2764 608 2821 et
667 2753 928 2842 Spiritu
977 2754 1128 2821 volo
1178 2754 1644 2844 regenerari.»
1703 2752 1799 2822 Ad
1849 2773 2027 2838 quae
2086 2750 2406 2820 Basilius:
2463 2773 2497 2816 «
2531 2748 2822 2819 Benedi-

253 2851 407 2909 ctus
447 2840 558 2920 sit,
615 2841 865 2927 inquit,
920 2842 1256 2911 Dominus
1312 2849 1490 2912 Deus
1532 2854 1766 2912 noster
1823 2863 1903 2910 ex
1959 2842 2090 2910 hoc
2138 2861 2326 2910 nunc
2386 2852 2451 2908 et
2481 2860 2700 2926 usque
2747 2838 2821 2905 in

255 2927 596 3008 seculum,
652 2930 877 3016 quiin
929 2941 1048 3000 tua
1088 2943 1316 3001 mente
1349 2931 1617 3002 Eubule
1663 2929 1980 3000 accendit
2019 2929 2246 3000 lucem
2303 2950 2569 3009 veram,
2626 2938 2691 2995 et
2737 2926 2823 2995 de

257 3015 637 3105 multiplici
684 3022 913 3088 errore
944 3020 1296 3090 transtulit
1331 3032 1393 3089 te
1440 3020 1511 3088 in
1561 3020 2029 3109 cognitionem
2071 3017 2588 3087 misericordiae
2627 3036 2815 3085 suae.

257 3104 551 3186 Quando
584 3120 851 3189 ver0,ut
880 3108 1081 3186 dicis,
1111 3108 1298 3199 apud
1332 3130 1443 3178 me
1477 3130 1880 3199 permanere
1903 3108 2026 3187 vis,
2067 3107 2392 3176 indicabo
2426 3107 2550 3175 tibi
2585 3126 2823 3193 quem-

255 3193 640 3263 admodum
689 3196 1144 3266 consulamus
1207 3197 1415 3267 saluti
1463 3210 1787 3277 nostrae,
1845 3196 2135 3265 nexibus
2189 3196 2403 3284 hujus
2472 3196 2648 3264 vitae
2698 3214 2823 3262 nos

253 3283 700 3373 expedientes
761 3297 828 3354 et
882 3285 1326 3375 explicantes.
1383 3286 1779 3356 vendamus
1827 3284 2186 3355 facultates
2236 3298 2504 3353 nostras
2553 3303 2817 3361 omneS‚

255 3384 324 3441 et
369 3373 608 3461 egenis
649 3373 1177 3444 distribuamus:
1224 3398 1302 3444 ac
1352 3376 1602 3445 deinde
1653 3375 2180 3465 proficiscamur
2228 3373 2309 3441 ad
2365 3385 2673 3442 sanctam
2724 3370 2823 3439 ci·-

257 3460 562 3542 vitatem,
617 3463 831 3533 visuri
880 3484 1056 3549 quae
1087 3463 1231 3533 illic
1281 3477 1446 3533 sunt
1495 3464 1857 3543 miracula,
1899 3470 2115 3547 atque
2147 3461 2329 3551 apud
2380 3467 2590 3531 Deum
2644 3459 2825 3528 fidu-

256 3549 442 3618 ciam
485 3551 684 3620 nobis
715 3552 1244 3622 conciliemus»
1279 3552 1586 3623 Venditis
1635 3553 1890 3643 igitur,
1945 3551 2434 3636 distractisque
2481 3562 2545 3619 et
2595 3549 2826 3617 distri-

256 3638 448 3709 butis
499 3640 707 3711 rebus
756 3641 927 3721 suiS,
966 3643 1523 3731 comparatisque
1571 3639 2010 3711 solummodo
2040 3639 2343 3729 vestibus
2377 3638 2461 3707 ad
2505 3649 2824 3706 sanctum

257 3728 610 3817 baptisma
673 3730 1125 3809 necessariiS,
1185 3730 1377 3799 ibant
1422 3730 1974 3819 ierosolymam,
2059 3728 2406 3818 ingentem
2460 3726 2823 3795 hominum

259 3817 627 3907 gentilium
666 3820 937 3888 turbam
992 3819 1259 3890 Christo
1307 3818 1881 3889 lucrifacientes»

353 3908 391 3993 ξ
441 3913 535 3978 θ.
590 3912 755 3977 Cum
809 3908 1156 3979 venissent
1203 3921 1431 3977 autem
1486 3907 1960 3988 Antiochiam,
2013 3905 2205 3975 ducti
2270 3916 2434 3973 sunt
2485 3905 2551 3972 in
2604 3903 2830 3971 diver-

261 3994 528 4064 soriurn
578 3996 955 4083 quoddam.
1010 4002 1217 4066 Porro
1264 3998 1603 4086 cauponis
1645 3996 1857 4076 lilius,
1917 3994 2196 4064 nomine
2229 3994 2670 4073 PhiloxenuS,
2712 4014 2832 4061 as-

260 4083 537 4154 sidebat
569 4099 806 4176 portae
855 4085 1151 4155 multum
1203 4085 1492 4154 anxius:
1539 4097 1685 4155 erat
1733 4096 1961 4153 autem
2015 4082 2282 4153 Libanii
2333 4083 2683 4173 sophistae
2728 4079 2831 4148 di-

263 4173 366 4241 sci
420 4173 609 4243 ulus:
665 4198 703 4244 a
751 4197 888 4261 quo
928 4186 1286 4264 acceperat
1334 4195 1575 4245 versus
1622 4172 1964 4259 quosdam
2014 4173 2413 4241 Homericos
2460 4169 2834 4272 prosastice

265 4283 340 4330 re
394 4262 598 4344 ditos,
638 4264 894 4351 quibus
945 4284 1081 4332 non
1138 4262 1572 4334 mediocriter
1619 4261 2195 4331 discruciabatur.
2250 4261 2407 4329 Viso
2466 4260 2607 4340 1110,
2665 4257 2834 4357 dicit

267 4350 334 4418 ei
364 4352 708 4422 Basilius:
762 4354 950 4435 Quae
999 4352 1209 4438 hujus
1259 4351 1358 4421 tui
1397 4350 1729 4421 moeroris
1768 4371 1980 4420 causa
2024 4362 2149 4429 cst,
2174 4372 2213 4419 o
2244 4349 2681 4419 adolescens?
2711 4350 2833 4414 Cul

268 4437 426 4520 ille,
481 4442 743 4529 Ecquid
819 4463 1015 4523 ver0,
1089 4441 1347 4528 inquit,
1426 4440 1600 4510 mihi
1649 4438 2050 4521 contulerit,
2115 4438 2174 4507 si
2223 4438 2291 4507 id
2365 4437 2488 4507 tibi
2554 4436 2834 4505 dixero?

430 4554 676 4611 surius
707 4584 724 4596 ·
761 4549 925 4612 Vitae
949 4549 1061 4612 SS.
1088 4582 1111 4594 ·
1139 4549 1267 4610 Vol.
1300 4550 1401 4609 VI.
2595 4547 2671 4604 21
