3357 4995
726 310 852 375 ⁴60
1430 328 1507 375 ne
1556 327 1611 374 s.
1663 313 2029 377 nomenato
2076 327 2374 376 EPtScot’o
2724 309 2736 326 ‘
2871 306 3090 377 JUNII
3147 312 3193 377 6

636 412 1018 501 provenire,
1060 424 1264 499 atque
1303 411 1721 502 intelligens,
1758 413 1940 500 quod
1973 435 2108 483 non
2159 414 2309 483 sine
2357 412 2687 483 instinctu
2746 413 3197 484 divino·talia

635 501 1133 591 contingerent,
1160 502 1477 588 quamvis
1499 523 1634 571 non
1662 502 1894 572 liceret
1915 503 2039 573 hos
2061 501 2237 572 duos
2257 524 2621 592 supremos
2642 501 2930 572 Ordines
2949 525 2989 571 a
3009 524 3197 590 quo-

634 611 842 746 quam
896 590 1104 660 simul
1156 590 1365 680 recipi
1402 602 1520 659 aut
1553 590 1738 659 dari:
1770 590 2073 663 admissa
2107 603 2331 661 tamen
2370 613 2492 682 pro
2526 612 2732 660 causa
2769 603 2833 660 et
2871 603 3200 683 tempore

687 677 743 747 is
796 679 1173 758 ensatione,
1239 678 1512 749 tandem
1561 677 1938 767 aliquando
1988 681 2315 771 annuit...
2383 679 2690 770 Acceptis
2746 701 2910 770 ergo
2963 681 3197 750 sacris

635 770 723 837 Or
776 767 1033 849 inibuS,
1086 767 1418 837 convertit
1463 769 1793 838 continuo
1836 767 2103 857 pedem,
2148 781 2213 839 et
2265 768 2556 840 contulit
2604 790 2675 837 se
2722 768 2808 837 ad
2862 767 3198 859 Sigeber-

634 877 843 958 gense
935 856 1238 926 uoddam
1307 877 1597 946 magnae
1645 868 1711 926 et
1761 857 2149 948 praeclarae
2204 857 2427 927 famae
2478 857 2998 938 monasterium,
3055 859 3199 928 ubi

632 958 812 1015 1nter
843 967 911 1014 re
945 945 1198 1046 igiosos
1245 967 1324 1014 ac
1355 945 1632 1015 devoms
1676 945 1743 1014 in
1779 945 1965 1015 omni
1999 946 2354 1038 sanctitate
2390 945 2786 1027 monachos,
2819 957 2883 1015 et
2916 968 3078 1015 acce
3144 947 3197 1017 ti

634 1034 998 1104 sacerdotii
1038 1033 1420 1104 addisceret
1468 1056 1702 1117 usum,
1738 1046 1802 1104 et
1840 1046 2024 1104 certa
2064 1034 2382 1127 religiose
2430 1033 2699 1104 vivendi
2748 1048 3025 1124 caperet
3114 1057 3198 1105 o-

632 1135 983 1192 cumenta.-
1040 1122 1544 1212 completisque
1591 1123 1689 1192 ibi
1737 1122 1984 1193 diebus
2031 1124 2305 1194 circiter
2353 1122 2840 1214 quadraginta,
2899 1123 3198 1194 rediens

634 1210 722 1280 ad
786 1211 1086 1302 patrium
1156 1210 1407 1302 solum,
1467 1212 1760 1282 contulit
1808 1234 1880 1281 se
1936 1211 2020 1281 ad
2070 1212 2431 1283 ecclesiam
2492 1211 2614 1281 ubi
2664 1209 2884 1282 fuerat
2923 1224 2990 1282 et
3035 1226 3197 1283 erat

634 1300 1015 1370 canonicus
1063 1299 1420 1370 secularis.

723 1391 759 1474 ξ
807 1390 892 1459 4.
949 1388 1267 1475 Sequenti
1295 1410 1453 1458 vero
1493 1388 1604 1458 die
1643 1412 1802 1459 cum
1853 1389 2265 1459 obtulissent
2296 1390 2355 1457 ei
2403 1395 2713 1459 Decanus
2743 1403 2811 1459 et
2840 1411 3198 1460 concano-

638 1477 776 1546 nici
826 1477 959 1558 sui,
1014 1491 1089 1547 ut
1138 1475 1420 1564 majoris
1453 1477 1524 1546 in
1560 1488 1900 1547 conventu
1950 1477 2193 1547 Missae
2243 1479 2567 1568 mysteria
2617 1477 3019 1561 celebraret,
3070 1478 3198 1549 ille

636 1564 889 1635 humili
938 1565 1383 1655 responsione
1421 1567 1668 1636 annuit
1704 1589 1775 1636 se
1807 1565 2179 1636 facturum.
2215 1568 2571 1658 Temporis
2613 1566 2826 1657 igitur
2863 1566 3032 1637 hora
3085 1568 3200 1636 in-

639 1666 883 1736 stante,
936 1654 1287 1724 acceditur
1333 1654 1418 1724 ad
1455 1655 1691 1735 altare,
1722 1669 1787 1724 et
1833 1654 2132 1746 singula,
2183 1668 2383 1744 prout
2426 1677 2531 1725 res
2579 1656 2915 1747 exigebat,
2961 1678 3199 1743 usque

639 1754 792 1833 post
838 1764 1004 1813 evan
1061 1743 1271 1813 elium
1307 1744 1706 1814 solemniter
1755 1758 2207 1834 peraguntur.
2266 1748 2461 1814 Lecto
2521 1744 2752 1831 itaque
2796 1745 3191 1835 cvangelio,

638 1831 741 1899 vir
772 1831 886 1901 Dei
934 1855 1008 1902 ze
1037 1837 1076 1899 o
1133 1832 1351 1901 divini
1397 1833 1682 1902 fervoris
1722 1855 2080 1912 accensuS,
2122 1831 2578 1903 incalescente
2628 1832 2696 1902 in
2758 1833 3198 1923 praecordiis

637 1918 788 2007 ejns
819 1920 976 2011 igne
1017 1921 1313 2012 Spiritus
1340 1922 1590 2001 Sancti,
1615 1943 1854 1991 versus
1882 1934 1983 1992 est
2008 1920 2093 1990 ad
2130 1920 2544 1992 vestibulum
2579 1921 2931 1992 ecclesiae:
2968 1922 3198 2025 subji-

638 2009 965 2097 ciensque
1012 2010 1215 2079 verbo
1264 2011 1381 2080 Dei
1420 2010 1883 2083 ministerium
1917 2010 2100 2080 vocis
2138 2023 2202 2079 et
2248 2008 2553 2081 officium
2592 2010 2895 2101 linguae,
2929 2024 3190 2101 coepit,

642 2111 849 2187 prout
878 2098 939 2168 ei
971 2098 1303 2169 divinitus
1350 2098 1988 2179 administrabatur,
2057 2098 2357 2189 proferre
2396 2099 2480 2168 de
2541 2099 2881 2169 thesauris
2913 2101 3197 2190 sapien-

643 2185 777 2255 tiae
815 2199 879 2256 et
927 2187 1252 2257 scientiae
1294 2188 1408 2256 Dei
1459 2188 1571 2279 pia
1603 2189 1875 2258 futurae
1923 2187 2098 2257 vitae
2148 2188 2430 2268 monita,
2479 2199 2543 2257 et
2591 2188 2921 2257 salutaria
2967 2203 3194 2259 aeter-

643 2297 772 2343 nae
820 2275 1269 2346 beatitudinis
1299 2276 1772 2347 hortamenta:
1808 2274 2071 2345 addens
2106 2290 2451 2366 praeterea
2479 2288 2545 2346 et
2576 2275 2942 2347 ostendens
2972 2299 3191 2365 quam

641 2363 780 2433 sint
828 2365 1059 2434 omnia
1097 2365 1270 2434 vitae
1318 2366 1530 2466 hujus
1568 2365 2067 2435 oblectamenta
2100 2365 2317 2434 fluida
2341 2377 2405 2435 et
2434 2365 2721 2445 caduca,
2755 2365 2987 2435 brevia
3017 2378 3194 2437 tem-

640 2473 828 2543 pore,
889 2453 1048 2524 vilia
1095 2453 1591 2534 aestimatlo'ne‚
1648 2475 1773 2524 nec
1821 2475 2053 2524 amore
2099 2454 2333 2545 digna.
2381 2475 2505 2525 nec
2556 2454 2993 2545 possessione
3042 2455 3195 2526 ido-

639 2565 801 2623 nca;
855 2542 1074 2633 gloria
1125 2542 1378 2625 labilis,
1409 2543 1694 2619 ambitio
1719 2565 1944 2624 caeca,
1998 2542 2274 2612 divitiae
2303 2542 2606 2633 fugaceS,
2647 2544 3007 2614 delectatio
3039 2556 3194 2615 mo-

641 2645 1027 2712 mentanea,
1092 2633 1365 2721 requies
1431 2632 1688 2713 infida,
1742 2631 2074 2701 securitas
2124 2632 2403 2712 incerta,
2458 2633 2707 2723 gaudia
2771 2655 2972 2714 vana,
3030 2655 3195 2723 pro-

641 2721 931 2811 speritas
981 2721 1188 2790 falsa:
1253 2722 1609 2791 inflectens
1654 2731 1721 2791 et
1768 2734 2168 2808 retorquens
2215 2731 2431 2790 totum
2486 2721 2738 2813 negotii
2786 2722 3070 2812 pondus
3125 2724 3193 2792 in

643 2811 1148 2883 concanonicos
1197 2832 1380 2890 suos,
1431 2809 1776 2879 neminem
1830 2821 2056 2878 tamen
2106 2822 2336 2899 aperte
2380 2809 2779 2899 designans
2827 2815 2985 2879 Post
3020 2810 3194 2881 haec

641 2908 873 2967 autem
934 2920 1245 2969 reversus
1292 2898 1378 2968 ad
1428 2899 1664 2979 altare,
1726 2899 1995 2989 incepta
2044 2910 2517 2969 sacrosanctae
2565 2899 2810 2968 Missae
2859 2902 3196 2988 mysteria

641 2985 723 3055 ad
762 2986 970 3056 finem
1020 3010 1243 3075 usque
1291 2986 1630 3079 perduxit.
2506 2984 2520 2999 ’

734 3078 771 3164 ἓ
817 3081 905 3148 ὅ.
959 3076 1264 3145 Crastina
1300 3097 1545 3147 rursus
1576 3075 1712 3157 die,
1751 3096 1909 3145 cum
1942 3076 2091 3166 jam
2126 3098 2366 3146 omnes
2399 3097 2477 3144 ex
2514 3097 2701 3155 more
2733 3077 2800 3145 in
2845 3076 3190 3166 CapituIO,

641 3176 719 3235 ut
757 3177 1023 3245 vocant,
1061 3164 1499 3245 resedissent,
1547 3165 1771 3253 coepit
1820 3164 2068 3255 primO,
2103 3182 2382 3257 accep·o
2420 3163 2679 3247 codice,
2737 3163 3000 3252 alloqui
3069 3170 3196 3235 De-

641 3274 922 3334 canum,
956 3253 1321 3323 ostendens
1370 3276 1448 3323 ex
1480 3253 1705 3322 verbis
1737 3252 2090 3323 beatorum
2127 3254 2433 3355 Gregorii
2468 3266 2673 3340 atque
2712 3251 2984 3335 Isidori,
3021 3275 3196 3355 quo-

645 3365 801 3413 rum
853 3364 925 3412 se
975 3341 1282 3432 regulam
1347 3354 1575 3412 tenere
1635 3341 1979 3423 dicebant,
2032 3342 2197 3428 quia
2257 3365 2426 3433 ipse,
2494 3343 2808 3429 quierat
2869 3363 3195 3413 omnium

644 3430 1082 3522 praepositus
1126 3443 1191 3500 et
1243 3430 1589 3521 magister,
1627 3430 1903 3500 deberet
1941 3452 2057 3500 eos
2088 3430 2176 3500 ad
2228 3446 2486 3501 rectum
2529 3430 2856 3501 honestae
2904 3453 2983 3501 ac
3032 3453 3196 3500 san·

643 3518 791 3591 ct'ae
819 3520 991 3589 vitae
1024 3518 1363 3589 tramitem
1417 3540 1754 3590 revocare.
1811 3519 2174 3590 Audientes
2222 3521 2389 3590 haec
2423 3519 2728 3605 seniores
2758 3532 2824 3589 et
2873 3519 3190 3609 praelati,

642 3619 879 3699 utpote
928 3607 1294 3699 sapientes,
1358 3624 1505 3677 rem
1555 3608 1745 3678 taciti
1793 3607 2369 3690 considerabant,
2422 3619 2487 3677 et
2555 3609 2722 3696 quia
2792 3607 3195 3679 nullatenus

643 3696 910 3767 veritati
957 3711 1023 3787 et
1069 3696 1346 3787 spiritui
1395 3698 1516 3786 qui
1566 3697 1997 3784 loquebatur,
2056 3697 2372 3769 resistere
2430 3697 3001 3788 praesumebant:
3067 3704 3196 3768 Ju-

623 3787 874 3873 ‚niores
904 3798 1083 3867 vero,
1137 3786 1396 3873 quibus
1446 3806 1596 3855 mos
1623 3797 1748 3867 est,
1786 3786 2043 3868 minuS,
2098 3807 2274 3874 quae
2309 3785 2425 3856 Dei
2456 3798 2641 3867 sunt,
2695 3785 3069 3868 attendere,
3107 3786 3196 3856 ad

646 3874 1054 3945 alterutrum
1132 3886 1688 3957 murmuranteS,
1741 3887 1806 3944 et
1872 3896 2178 3946 seorsum
2249 3875 2801 3956 subsannantes,
2859 3875 3199 3965 pristinae

650 3963 904 4033 levitati
952 3963 1397 4053 deputabant.
1454 3964 1646 4034 Unde
1694 3962 1952 4035 factum
2015 3975 2139 4043 est,
2192 3976 2271 4034 ut
2325 3963 2486 4034 inde
2538 3963 2956 4045 recederent,
3013 3977 3197 4035 exte-

647 4053 893 4123 riorem
944 4052 1007 4122 ei
1058 4053 1507 4123 reverentiam
1554 4053 1975 4133 exhibentes,
2033 4064 2177 4122 tum
2225 4052 2390 4141 quia
2439 4053 2669 4145 gravis
2697 4065 2841 4121 erat
2870 4053 3052 4123 inter
3081 4075 3199 4124 eos

645 4141 1095 4223 auctoritatis,
1150 4152 1294 4211 tum
1345 4141 1511 4229 quia
1559 4142 1839 4233 signum
1872 4155 1938 4211 et
1970 4140 2281 4213 habitum
2335 4163 2499 4232 prae
2545 4163 2619 4212 se
2666 4141 2924 4210 ferebat
2973 4142 3200 4213 alicu-

638 4232 760 4321 jus
809 4228 1185 4319 religionis.
1239 4235 1317 4300 At
1362 4230 1479 4301 ille
1534 4230 1969 4332 singulorum
2019 4229 2249 4301 aditus
2307 4244 2512 4319 atque
2567 4229 2974 4301 diverticula
3037 4253 3200 4322 pro·

646 4319 759 4389 cul
808 4319 1322 4408 quodammodo
1364 4321 1790 4411 prospiciens
1837 4331 1903 4391 et
1950 4318 2332 4400 attendens,
2366 4319 2436 4388 in
2486 4319 2864 4389 crastinum
2919 4340 3192 4400 rursus,

646 4430 809 4479 cum
859 4408 1109 4481 iterum
1158 4408 1661 4492 convenissent,
1714 4408 1939 4500 coepit
1986 4407 2414 4499 proclamare
2460 4430 2576 4479 eos
2626 4407 3069 4497 nominatim,
3117 4410 3200 4480 de
