3357 4995
190 380 411 447 JUNII
457 380 544 445 26
900 397 979 444 m:
1026 397 1081 444 s.
1134 396 1466 445 mrnntuo
1515 397 1751 447 natue.
1803 397 2002 447 muse.
2517 382 2634 448 ott

193 487 361 553 Nam
391 480 609 552 instar
643 481 1085 550 Chananaeae
1135 480 1348 563 illius,
1389 481 1607 552 multa
1660 481 1822 552 fidei
1861 482 2272 563 constantia,
2313 504 2739 573 precumque

193 569 527 641 instantia
571 569 916 639 clamabat
963 591 1035 639 se
1083 569 1555 661 peccatricem,
1606 571 1738 640 sibi
1787 571 2060 641 dicebat
2125 593 2412 673 poenam
2465 572 2727 652 deberi,

193 672 396 747 atque
426 680 466 727 a
511 679 583 727 se
631 657 965 727 ultionem
1003 680 1081 729 ex
1135 658 1476 740 etendam,
1523 681 1660 729 non
1692 659 1778 728 ab
1807 660 2085 729 innoxio
2121 658 2480 732 mfanmto:
2520 660 2732 732 simul

190 746 582 838 implorans
612 759 1007 818 sanctorum
1058 747 1362 829 ilorum,
1409 769 1585 835 quos
1632 748 1978 830 diximus,
2033 748 2386 840 suffragia.
2447 755 2577 819 Nec
2632 762 2736 821 est

182 834 514 907 frustrata
546 857 668 926 spe
697 858 847 906 sua.
885 840 1051 906 Nam
1090 835 1297 926 paulo
1339 848 1490 927 post
1537 837 1763 928 coepit
1798 837 2052 907 moveri
2105 859 2299 929 puer:
2347 837 2465 907 sed
2517 850 2735 909 mater

185 926 447 1007 territa,
499 925 588 1015 ab
648 946 728 995 eo
776 925 1099 1006 recessit,
1155 926 1252 995 rei
1298 937 1619 996 eventurn
1676 926 2248 1018 contemplatura.
2306 926 2560 997 Deinde
2609 951 2736 998 au-

184 1014 478 1085 diuntur
527 1014 706 1084 leves
763 1012 1049 1101 quidam
1123 1013 1449 1084 infantuli
1519 1015 1830 1106 vagitus:
1885 1028 2039 1107 post
2103 1014 2516 1107 paululum,
2570 1037 2733 1087 cum

183 1125 390 1174 nemo
429 1103 516 1173 ad
562 1123 723 1173 eum
772 1101 1146 1185 accederet,
1201 1103 1471 1175 cunctis
1504 1105 1944 1195 stupentibus
2005 1104 2324 1186 surrexit,
2371 1117 2437 1174 et
2461 1118 2775 1196 arrepto‘

183 1193 534 1283 scipione,
600 1192 720 1280 qui
758 1191 956 1282 juxta
1003 1190 1204 1260 illum
1252 1204 1418 1274 erat,
1473 1193 1557 1262 ad
1613 1215 2012 1263 mensuram
2064 1193 2285 1264 factus
2334 1194 2733 1295 corpusculi

181 1282 360 1363 e'uS‚
413 1280 501 1350 ad
552 1292 868 1351 sanctum
919 1280 1320 1371 sepulcrum
1364 1303 1772 1372 progressus
1804 1294 1928 1363 est,
1963 1282 2197 1372 ibique
2246 1283 2523 1352 resedit.
2557 1288 2732 1352 Tum

234 1392 474 1441 emum
509 1381 725 1439 mater
772 1391 943 1439 ausa
1005 1369 1326 1440 accedere
1372 1393 1532 1440 cum
1595 1370 1751 1440 aliis
1812 1371 2060 1441 affatur
2159 1393 2445 1452 uerum,
2501 1382 2566 1440 et
2615 1370 2732 1441 ille

182 1457 579 1549 respondet,
620 1480 905 1549 prorsus
952 1458 1348 1540 incolumis,
1390 1481 1514 1528 nec
1562 1459 1946 1547 quidquam
1999 1461 2166 1529 mai
2214 1460 2541 1541 sentiens,
2575 1482 2733 1550 per-

180 1547 348 1617 inde
395 1547 536 1617 acsi
587 1547 758 1616 nihil
816 1547 1239 1617 incommodi
1294 1570 1663 1638 perpessus
1713 1562 1912 1618 esset.
1979 1549 2221 1618 Existit
2269 1548 2454 1639 apud
2490 1570 2731 1618 omnes

184 1637 438 1727 ingens
484 1635 830 1717 exultatio,
869 1658 1028 1705 cum
1067 1637 1307 1706 timore
1353 1636 1653 1723 quodam
1705 1649 1770 1706 et
1815 1636 2270 1708 admiratione
2325 1637 2725 1727 conjuncta:

177 1726 349 1796 flent
399 1739 713 1815 parentes
798 1725 1266 1815 praegaudio,
1327 1726 1572 1816 pietate
1630 1740 1992 1795 moventur
2046 1727 2375 1796 universi.
2439 1726 2724 1807 CleruS,

185 1813 480 1895 nobiles,
535 1813 601 1905 p¹
648 1813 785 1903 ¹)eji
831 1813 1229 1895 adveniunt,
1283 1819 1493 1884 Deum
1549 1816 1802 1906 pariter
1848 1836 2087 1885 omnes
2117 1815 2518 1885 laetabundi
2575 1815 2732 1885 lau-

186 1903 361 2059 dang
386 1914 452 1973 et
488 1903 921 2003 bonicum,
956 1903 1078 1990 qui
1127 1924 1248 1993 per
1293 1916 1564 1976 sanctos
1618 1926 1781 1975 suos
1829 1902 2033 1975 faciat
2096 1926 2346 1995 magna
2379 1916 2444 1973 et
2506 1903 2733 1973 admi-

182 2015 309 2062 ran
368 2013 434 2060 a.

268 2082 308 2168 ξ
354 2083 434 2150 2.
489 2084 566 2148 In
599 2078 901 2150 Ecclesia
940 2101 1106 2149 sane
1154 2080 1511 2151 Bellicensi
1570 2083 1833 2152 meritis
1891 2082 2072 2152 beati
2128 2080 2472 2153 Anthelmi
2510 2080 2730 2151 multa

173 2169 316 2240 alia
365 2167 547 2238 facta
612 2180 775 2238 sunt
824 2168 1198 2250 miracula,
1251 2192 1427 2257 quae
1477 2170 1840 2242 hominum
1893 2171 2164 2240 incuria
2232 2192 2367 2239 non
2439 2182 2602 2239 sunt
2653 2170 2721 2237 in

171 2257 442 2347 scripta
475 2256 784 2326 redacta:
836 2279 1262 2346 quamquam
1311 2281 1552 2329 eorum
1609 2271 1746 2329 tam
1798 2260 2044 2351 ingens
2094 2258 2393 2350 profecto
2441 2269 2543 2327 est
2592 2279 2727 2328 nu-

169 2367 444 2428 merus,
499 2357 822 2434 tantaque
860 2346 1256 2427 assiduitaS,
1295 2360 1372 2417 ut
1403 2350 1929 2418 commemorari
1978 2350 2212 2418 omnia
2251 2368 2389 2416 non
2427 2346 2719 2437 possint:

163 2434 461 2525 quando
507 2435 1020 2508 confluentibus
1060 2436 1369 2523 undique
1419 2436 1640 2508 turbis
1678 2437 1762 2507 ad
1815 2438 1966 2529 ejus
2003 2435 2388 2507 venerabile
2435 2457 2716 2526 corpus,

161 2527 551 2597 innumera
596 2524 1038 2595 credentibus
1085 2525 1417 2596 beneficia
1447 2526 1840 2617 obtingunt.
1873 2527 2107 2596 Gaude
2135 2527 2346 2616 igitur
2378 2537 2443 2594 et
2474 2524 2729 2593 laetare

160 2613 487 2686 Ecclesia
520 2612 918 2684 Bellicensis
950 2635 1109 2684 cum
1139 2626 1275 2684 tota
1300 2614 1619 2696 dioecesi,
1673 2625 1810 2685 tam
1847 2615 2083 2686 eximii
2120 2615 2332 2705 patris
2382 2613 2726 2683 illustrata

163 2702 599 2796 praeconiis
644 2703 1020 2773 Laetamini
1049 2703 1229 2774 cives
1257 2699 1488 2791 >quia
1536 2726 1742 2790 quem
1787 2705 1854 2773 in
1900 2705 2034 2775 vita
2076 2703 2425 2773 meruistis
2474 2702 2727 2772 habere

169 2805 555 2886 pastorem,
610 2811 795 2861 nunc
864 2792 1081 2862 multo
1126 2792 1332 2862 etiam
1394 2794 1615 2884 magis
1664 2806 2116 2883 protectorem
2166 2805 2231 2862 et
2282 2793 2474 2882 pium
2534 2791 2722 2881 apud

169 2888 397 2954 Deum
431 2881 952 2951 intercessorem
1006 2880 1293 2951 habetis.
1349 2882 1726 2951 Laetamini
1777 2881 1878 2952 vel
1942 2882 2240 2951 maxime
2286 2901 2529 2950 omnes
2580 2902 2721 2962 vOS,

168 2973 295 3062 qui
346 2972 421 3041 in
464 2969 654 3039 Clero
688 2969 875 3052 estis,
914 2969 1185 3057 quibus.
1206 2982 1438 3040 tantus
1476 2970 1722 3062 obtigit
1763 2972 2166 3041 thesaurus:
2231 2991 2368 3057 quo
2418 2968 2728 3058 locuple-

163 3060 319 3142 tati,
366 3080 507 3129 non
569 3058 876 3127 sentietis
906 3058 1237 3148 inopiam,
1294 3060 1352 3129 si
1387 3071 1614 3129 tamen
1656 3059 1871 3151 digna
1906 3059 2333 3129 veneratione
2366 3079 2487 3127 vos
2528 3078 2730 3127 nosse

167 3146 644 3230 ostenderitis,
682 3159 988 3234 quantus
1011 3158 1076 3217 et
1105 3147 1333 3235 qualis
1372 3149 1480 3230 sit,
1517 3161 1583 3218 et
1609 3160 1870 3236 quanto
1895 3147 2227 3218 colendus
2268 3147 2547 3216 honore.
2584 3151 2728 3216 Non

158 3239 440 3311 desinet
490 3234 607 3305 ille
647 3235 852 3306 vestri
900 3257 1143 3306 curam
1205 3257 1485 3338 gerere:
1549 3260 1671 3329 per
1733 3237 1958 3319 illum,
2014 3237 2300 3306 Domino
2349 3234 2724 3326 largiente,

164 3327 399 3400 multa
451 3323 643 3394 vobis
675 3324 895 3395 aderit
932 3347 1090 3416 pros
1143 3337 1349 3396 eritas
1394 3337 1459 3396 et
1509 3348 1681 3416 pax,
1739 3327 1886 3396 sine
1925 3348 2061 3413 qua
2117 3347 2252 3394 non
2317 3336 2537 3414 potest
2582 3322 2733 3393 ulla

156 3435 479 3491 crescere
529 3412 854 3496 Ecclesia,
901 3415 1037 3485 nisi
1101 3428 1267 3496 orte,
1319 3415 1503 3503 quod
1548 3415 1751 3496 absit,
1809 3416 1991 3485 circa
2037 3414 2243 3483 illum
2296 3412 2728 3504 negligentes

158 3508 341 3579 sitis.
380 3509 550 3574 Date
588 3501 803 3592 igitur
848 3525 1154 3604 operam,
1194 3514 1269 3574 ut
1300 3525 1382 3573 ex
1428 3503 1663 3574 animo
1711 3503 1911 3574 illum
1955 3503 2263 3592 diligatis
2312 3524 2392 3570 ae
2445 3522 2724 3570 venere-

160 3596 369 3666 mini.
434 3590 719 3663 Habetis
772 3591 843 3661 in
898 3592 1018 3664 1110
1063 3592 1375 3682 exempla
1435 3593 1767 3664 virtutum
1817 3591 2162 3663 illustria:
2231 3590 2317 3659 sit
2367 3588 2482 3659 ille
2531 3590 2726 3660 vobis

162 3684 394 3757 instar
430 3680 701 3772 speculi
732 3682 821 3751 ob
853 3681 1092 3752 oculos
1142 3681 1555 3773 propositus,
1589 3682 1984 3770 sanctisque
2025 3679 2370 3751 sectandis
2413 3679 2726 3748 moribus

155 3773 364 3843 illum
418 3769 820 3851 imitamini,
859 3781 935 3842 ut
979 3769 1066 3840 ad
1104 3791 1317 3857 quam
1345 3769 1460 3839 ille
1479 3771 1627 3860 Jam
1668 3771 1977 3861 pervenit
2004 3769 2530 3847 beatitudinem,
2564 3788 2717 3837 eam

156 3883 277 3931 vos
316 3879 606 3949 quoque
640 3912 656 3940 ,
710 3858 899 3930 illius
950 3858 1210 3929 meritis
1274 3868 1339 3929 et
1386 3859 1708 3949 precibus
1764 3860 1982 3951 adjuti
2014 3913 2034 3940 ,
2091 3857 2384 3947 adipisci
2451 3878 2720 3926 merea-

166 3950 347 4018 mini
393 3949 530 4040 (a).

157 4092 304 4188 002‘2'11
312 4092 1236 4187 *cilsszffissssin‘ssfffficffrssffi‘ffieffssnss
1264 4091 2684 4196 attttffit'sssnffffitssgt{222312252252333032‘30550'
2692 4099 2733 4182 Ξῖ

156 4201 379 4250 corporis
410 4202 612 4240 ventum
640 4202 730 4242 est:
764 4200 907 4248 idque
935 4201 1173 4250 integrum
1190 4201 1383 4250 penitus
1407 4200 1721 4250 illaesumque
1741 4202 1814 4240 est
1834 4202 2088 4261 repertum.
2114 4201 2246 4239 Tunc
2265 4199 2473 4261 gloriosa
2500 4196 2735 4255 quaedam

152 4253 890 4365 323⁶Q23.‚5‚³.{¹12„2‘2335³22¹22285
907 4253 2734 4368 &affirmata1¹22?&3331322'5022‘5‘21332322302t⁰ffiss¹¹1¹fi¹1t¹125⁸15331¹23

154 4360 1082 4463 {gregisassaffffiazqffimxci
1099 4360 2732 4464 31-3555332{220333320223333”333350tffisstss‘1'‘zzzz‘sszffi

155 4468 417 4520 eripiente,
437 4466 595 4505 adhuc
616 4465 869 4506 honorifice
891 4471 999 4513 (uno
1019 4470 1198 4508 ossium
1215 4469 1404 4517 dempto
1423 4478 1517 4517 quo
1541 4469 1741 4510 ditatum
1758 4469 2028 4512 Primntlalo
2049 4468 2267 4518 Lugdun.
2289 4465 2537 4514 templum)
2558 4465 2608 4502 in
2629 4473 2738 4512 pro·

156 4526 265 4577 prio
289 4521 480 4564 sacello
503 4523 812 4560 asservantur
832 4521 1123 4562 cathedralis
1147 4522 1310 4562 Belllc.
1333 4520 1578 4564 ecclesiae.
