3357 4995
227 312 448 378 JUNII
503 313 584 377 ⁴6
950 331 1030 377 m:
1078 330 1133 377 s.
1190 328 1478 379 ΒΕΝΝΟΝΕ
1523 324 1823 377 uisurum
1869 328 2067 376 EPISC.
2565 315 2680 382 381

228 410 418 503 apud
485 421 772 480 matrem
832 414 1157 500 Agnetem
1207 411 1723 500 Imperatricem
1774 408 2186 497 aliquandiu
2246 411 2583 483 educatus
2632 425 2780 483 est:

226 499 557 587 brevique
606 511 757 590 post
807 510 1110 589 ternpore
1158 499 1230 567 in
1289 498 1572 568 tutelam
1622 499 1807 569 venit
1858 497 2143 590 praefati
2219 502 2525 571 Annonis
2593 502 2786 573 Colo-

229 588 494 658 niensis
564 587 921 667 Antistius,
975 586 1232 675 quibus
1287 608 1367 656 ex
1434 587 1707 669 causiS,
1763 588 2132 677 scriptores
2195 589 2496 659 variant:
2564 613 2785 679 neque

228 677 367 747 huc
403 677 717 768 pertinet.
750 680 1020 746 Certum
1056 688 1283 745 tamen
1324 687 1447 757 est,
1483 676 1700 747 donec
1733 680 1871 747 Rex
1909 675 2205 764 pueriles
2239 678 2626 749 absolveret
2654 702 2784 750 an-

231 787 380 847 noS,
408 786 756 835 summam
791 786 1046 845 rerum,
1078 783 1425 834 consensu
1454 765 1794 846 omnium,
1831 764 2017 855 apud
2041 769 2392 835 Annonem
2418 767 2779 839 resedisse.

318 861 358 935 ἓ
406 859 539 928 11.
596 855 727 937 Qui
759 866 1041 923 vacante
1065 854 1197 923 suh
1223 852 1290 922 id
1325 865 1599 943 tempus
1625 853 1925 923 Ecclesia
1957 852 2320 924 Missnensi
2364 879 2485 946 per
2517 857 2783 928 obitum
2885 886 2910 906 ·

231 943 434 1013 Crafft
495 942 948 1012 Goslariensis
997 942 1205 1033 paulo
1252 955 1410 1012 ante
1459 942 1856 1033 Praepositi,
1912 941 2111 1011 facile
2148 943 2390 1025 effecit,
2429 957 2505 1015 ut
2543 945 2784 1016 eadem

230 1030 535 1100 Ecclesia
564 1031 967 1102 Missnensis
996 1033 1203 1100 veteri
1235 1031 1457 1101 amico
1483 1054 1609 1101 suo
1640 1031 1971 1111 Bennoni,
1997 1031 2200 1122 cujus
2234 1033 2409 1103 vitae
2448 1035 2787 1105 innocen-

235 1121 400 1190 tiam
448 1132 515 1188 et
562 1120 966 1208 dignitatem
1020 1119 1290 1189 dudum
1339 1120 1761 1210 exploratam
1819 1120 2137 1201 habebat,
2184 1122 2390 1191 etiam
2442 1123 2616 1193 nihil
2655 1123 2785 1194 tale

236 1209 566 1299 cogitanti
623 1209 1201 1279 committeretur:
1258 1209 1772 1297 Renitetemque
1815 1209 2082 1299 (amore
2128 1207 2437 1281 fortassis
2478 1226 2785 1282 contem-

238 1298 531 1388 plativae
568 1297 818 1386 ·vitae)
889 1297 1102 1368 literis
1150 1309 1228 1369 ut
1275 1297 1805 1388 pusillanimum
1878 1298 2309 1369 vehementer
2356 1301 2779 1392 increpavit,

228 1399 291 1455 et
321 1385 410 1455 ad
451 1386 975 1476 suscipiendum
1005 1387 1436 1477 episcopium
1463 1386 1866 1458 adhortatus
1887 1399 2008 1459 est:
2048 1409 2386 1471 asserenS,
2417 1391 2606 1471 satis,
2636 1391 2783 1480 jam

232 1476 400 1546 satis
431 1487 818 1578 spectatam
847 1497 998 1559 esse
1046 1474 1394 1545 Goslariae
1441 1475 1760 1545 virtutem
1790 1498 2015 1545 suam.
2049 1481 2278 1563 Neque
2304 1479 2786 1549 sanctissimos

233 1564 587 1652 Apostolos
617 1563 784 1632 olim
817 1586 959 1633 uno
1009 1585 1281 1654 semper
1335 1564 1405 1632 in
1458 1563 1608 1634 loco
1655 1565 2143 1634 consenuisse:
2182 1565 2298 1635 sed
2357 1567 2561 1637 modo
2619 1567 2779 1648 huc,

238 1653 445 1722 modo
508 1652 675 1723 illuc
726 1675 845 1742 per
894 1675 1105 1733 mare,
1164 1675 1284 1742 per
1334 1666 1569 1734 terras,
1630 1652 1906 1723 divinae
1955 1653 2402 1744 plantationis
2469 1655 2786 1726 surculos

238 1741 780 1811 circumtulisse.
838 1744 1110 1811 Caveret
1170 1742 1404 1832 igitur,
1458 1763 1543 1811 ne
1591 1741 1923 1812 talentum
1978 1742 2109 1812 sibi
2153 1743 2509 1826 traditum,
2564 1767 2786 1832 quum

240 1832 538 1900 Missnae
588 1830 790 1899 modo
840 1844 1116 1922 propter
1142 1831 1438 1899 vicinam
1478 1842 1545 1899 et
1582 1830 2015 1901 incredulam
2069 1830 2466 1902 Sclavorum
2511 1846 2784 1924 gentem

233 1920 329 1988 du
385 1918 594 1988 licare
627 1932 877 2009 posset,
943 1918 1364 1990 abscondere
1400 1919 1651 2008 potius,
1691 1931 1756 1988 et
1781 1919 2047 1989 labores
2082 1942 2202 2010 pro
2252 1920 2514 1992 Christo
2550 1922 2785 2012 fugere

232 1941 604 2089 vidteretur,
645 2007 710 2076 id
764 2007 943 2095 quod
991 2009 1212 2099 magis
1262 2009 1493 2108 ignavi
1520 2008 1738 2077 animi
1768 2030 1975 2096 quam
2030 2009 2334 2100 religiosi
2380 2018 2560 2081 esset
2609 2011 2786 2080 indi-

233 2097 446 2165 cium.
503 2097 612 2165 Sic
645 2098 831 2165 enim
881 2096 1446 2187 contemplat1oni
1481 2096 1869 2167 vacandum
1900 2118 2071 2177 esse,
2126 2111 2202 2167 ut
2230 2099 2317 2168 ab
2366 2100 2657 2180 actione,
2713 2101 2783 2168 in

232 2207 372 2271 qua
420 2185 690 2254 virtutis
722 2185 874 2255 laus
900 2187 1128 2255 omnis
1175 2186 1599 2266 consisteret,
1645 2187 1924 2256 animus
1960 2197 2230 2286 torpore
2269 2209 2403 2256 non
2456 2188 2786 2258 abhorre-

237 2286 476 2342 sceret.
530 2274 775 2360 Sicque
822 2274 1194 2344 amandam
1244 2297 1393 2344 esse
1442 2275 1760 2345 Rachelis
1817 2274 2434 2374 pulchritudinem,
2495 2299 2580 2347 ne
2631 2277 2787 2346 Liae

237 2361 509 2430 interim
582 2362 1013 2433 foecunditas
1070 2364 1437 2433 haberetur
1483 2363 1863 2454 despectui.
1918 2364 2514 2446 Quemadmodum
2572 2366 2784 2434 'enim

233 2450 469 2521 stellae
503 2474 543 2520 a
573 2451 789 2524 stellis
821 2451 1212 2522 differentes
1261 2475 1472 2523 unam
1523 2452 1697 2522 coeli
1738 2451 1980 2523 faciem
2021 2451 2505 2524 decentissime
2544 2454 2784 2545 pinge-

228 2553 416 2610 rent:
453 2541 547 2615 ita
581 2541 921 2613 Ecclesiae
943 2542 1191 2612 Christi
1221 2543 1347 2610 uui
1377 2554 1442 2612 et
1468 2542 1599 2611 soli
1630 2554 1999 2628 utramque
2029 2553 2167 2611 tam
2211 2543 2532 2622 activam,
2573 2548 2785 2630 quani

229 2629 729 2720 speculativam
766 2632 997 2709 vitam,
1035 2652 1172 2698 non
1200 2630 1427 2700 solum
1462 2644 1870 2699 ornamento
1918 2653 1997 2699 ac
2033 2630 2291 2713 decori,
2333 2632 2784 2701 verumetiam

225 2740 435 2804 quam
491 2720 785 2787 maxime
832 2741 983 2788 esse
1025 2719 1504 2789 necessariam.
1562 2719 1830 2802 Quibus
1860 2719 2084 2788 verbis
2122 2739 2256 2788 non
2309 2731 2446 2789 tam
2499 2742 2785 2809 persua-

228 2829 352 2875 sus
399 2828 609 2894 quam
660 2807 866 2877 veluti
899 2807 1305 2898 compulsus
1347 2813 1607 2889 'Benno‚
1635 2807 1933 2877 oblatam
1972 2807 2249 2878 tandem
2286 2809 2591 2898 suscepit
2622 2831 2784 2909 pro-

227 2895 552 2964 vinciam.
610 2900 749 2965 Non
804 2898 1090 2985 ignarus
1139 2909 1367 2966 tamen
1430 2896 1720 2985 (divino
1771 2897 2112 2966 revelante
2167 2896 2481 2987 Spiritu)
2526 2899 2784 2984 qulbus

235 2984 691 3074 exagitandus
738 2985 1087 3066 fluctibus,
1153 2999 1587 3072 quantasque
1644 2985 1715 3053 in
1768 2985 2168 3077 episcopatu
2205 2986 2681 3073 tribulationes
2720 2999 2787 3055 et

231 3072 675 3144 adversitates
711 3073 1124 3144 toleraturus
1172 3087 1370 3145 esset.
1413 3073 1506 3143 Ad
1537 3097 1718 3161 quae
1758 3074 1994 3143 omnia
2043 3074 2500 3145 voluntariam
2553 3097 2624 3145 se
2654 3080 2784 3145 Deo

229 3161 525 3233 hostiam
576 3162 845 3231 obtulit.

313 3252 351 3336 ξ
398 3255 547 3324 1².
604 3255 960 3321 Humanae
1043 3252 1255 3340 igitur
1329 3273 1398 3320 re
1453 3252 1785 3321 arationis
1856 3273 2039 3322 anno
2110 3275 2302 3322 utxvr
2373 3252 2784 3322 venerabilis

230 3344 458 3409 Benno
489 3351 717 3409 noster
740 3356 779 3408 a
816 3341 1190 3409 wernhero
1222 3345 1377 3431 Mag
1429 3340 1804 3431 eburgensi
1843 3340 2370 3432 Archiepiscopo
2403 3341 2786 3431 pontificali

225 3440 407 3498 veste
460 3428 797 3510 induitur,
842 3428 975 3497 olei
1028 3430 1207 3498 sacri
1260 3428 1526 3516 liquore
1578 3428 2044 3520 perfunditur,
2090 3443 2155 3498 et
2183 3430 2461 3499 inclitae
2511 3444 2786 3500 nostrae

230 3518 633 3587 Missnensis
668 3517 1009 3587 Ecclesiae
1045 3517 1317 3607 praesul
1362 3516 1678 3588 decimus
1711 3542 1750 3587 a
1777 3517 2185 3588 Burkhardo
2218 3519 2442 3608 primo
2467 3519 2783 3607 ejusdem

230 3618 504 3695 pastore
552 3606 972 3696 praeficitur.
1047 3606 1525 3677 Benedictione
1582 3607 1602 3676 i
1657 3608 1798 3677 itur
1843 3605 1929 3675 de
1978 3628 2167 3676 more
2233 3622 2574 3697 percepta,
2629 3628 2785 3677 mox

232 3695 561 3764 Missnam
611 3695 1018 3765 acceleranti
1061 3696 1269 3766 totius
1326 3696 1523 3767 urbis
1571 3719 1607 3766 c
1639 3718 1801 3767 erus
1850 3717 1928 3765 ac
1978 3695 2280 3787 populus
2332 3696 2788 3786 gratulabun-

226 3782 361 3853 dus
409 3784 1080 3872 venerabundusque
1107 3785 1455 3854 occurrit:
1508 3796 1574 3853 et
1615 3784 1684 3854 in
1734 3784 2100 3854 ecclesiam
2166 3785 2496 3876 majorem
2532 3784 2787 3855 festivi-

227 3884 328 3941 ter
358 3871 765 3953 adductum‚
819 3874 889 3941 in
950 3873 1111 3944 sede
1168 3895 1328 3943 eum
1365 3873 1747 3963 pontificali
1783 3873 2127 3943 collocant
2167 3895 2419 3975 magno
2462 3874 2785 3944 omnium

226 3960 488 4119 plausu
535 3973 601 4031 et
649 3962 912 4054 ingenti
964 3963 1173 4032 totius
1221 3962 1517 4032 civitatis
1566 3961 1847 4120 gaudio.
1904 3967 2058 4053 Ipse
2093 3984 2250 4032 vero
2299 3973 2480 4033 mtra
2540 3985 2614 4033 se
2659 3962 2786 4031 ha-

276 4050 480 4131 itanS,
522 4051 1001 4139 praesentique
1033 4051 1290 4121 honore
1336 4050 1510 4119 nihil
1551 4072 1588 4120 e
1619 4062 1800 4132 atuS,
1855 4050 2030 4121 illud
2081 4073 2353 4142 semper
2389 4052 2471 4120 ‘in
2521 4073 2636 4122 ore
2665 4051 2786 4122 ha-

223 4138 398 4219 buit,
456 4139 793 4228 tacitoque
836 4140 966 4212 suh
1019 4152 1287 4230 pectore
1337 4139 1576 4219 volvit:
1622 4145 1770 4210 Non
1814 4142 1998 4210 nobis
2045 4143 2342 4223 Domine,
2391 4165 2519 4210 non
2567 4141 2778 4219 nobis,

224 4229 341 4297 sed
396 4230 654 4298 nomini
697 4240 808 4299 tuo
856 4230 946 4298 da
989 4231 1286 4320 qloriam
1353 4231 1565 4314 (Psal.
1634 4228 1816 4318 ⁴⁴3).
1873 4234 2130 4299 Memor
2190 4242 2538 4320 praeterea
2591 4229 2785 4299 illius

222 4315 408 4474 23οά
450 4318 787 4409 scriptum
825 4331 959 4387 est:
1012 4321 1239 4388 Omnis
1286 4320 1607 4405 Pontifeoe
1653 4341 1746 4387 em
1803 4318 2182 4388 hominibus
2229 4330 2613 4411 assumptus
2651 4339 2783 4409 pro

206 4430 215 4437 ·
310 4407 599 4476 minibus
637 4409 1063 4478 constituitur
1115 4410 1187 4477 in
1237 4408 1341 4477 his
1388 4430 1564 4499 quae
1593 4418 1752 4477 sunt
1805 4408 1896 4477 ad
1924 4412 2157 4490 Deum,
2195 4419 2273 4477 ut
2318 4409 2557 4501 offerat
2604 4406 2781 4476 dotia
