3357 4995
682 331 807 396 474
1428 347 1505 393 nt.
1554 347 1611 393 s.
1663 344 1944 394 nssoono
1993 345 2289 394 EPISCOPO
2776 331 2995 396 JUNII
3047 332 3133 396 ⁴9

600 453 805 519 quam
841 429 1211 500 Galilaeam
1265 430 1570 500 diximus
1618 442 1948 510 vocatam,
2004 430 2170 500 fisco
2220 432 2405 531 regio
2472 430 2793 512 abstulit,
2849 444 2913 501 et
2962 433 3136 502 inte-

598 543 787 610 gram
844 520 988 588 viro
1027 520 1140 587 Dei
1192 531 1256 587 et
1308 518 1460 605 ejus
1508 519 2027 589 successoribus
2082 519 2321 587 annuli
2382 520 2490 589 sui
2543 520 2995 609 impressione
3053 522 3129 590 in

595 621 1000 710 perpetuum
1053 607 1452 697 assignavit:
1493 620 1657 708 puta
1705 608 1792 676 ab
1828 608 1975 697 ipso
2022 621 2174 676 ortu
2224 607 2604 678 rivulorum
2657 609 2754 679 vel
2815 610 3131 679 amnium

593 719 659 765 m
711 718 860 766 eam
899 695 1142 764 vallem
1196 696 1659 775 influentium,
1703 718 1923 782 usque
1971 695 2053 763 ad
2106 698 2359 765 exitum
2396 718 2670 766 eorum:
2732 710 2809 767 ut
2857 698 2997 768 illic
3033 699 3139 767 vir

596 786 712 854 Dei
763 786 1252 854 monasterium
1289 785 1632 865 conderet,
1677 797 1742 853 et
1774 806 1975 871 quem
2009 784 2204 854 vellet
2235 807 2584 854 servorum
2621 787 2732 856 Dei
2764 809 3133 856 numerum

593 874 734 942 illic
783 886 1205 964 aggregaret.
1247 873 1565 942 Crederes
1601 874 1964 942 Dominum
2018 895 2140 962 pro
2190 873 2428 942 multis
2479 874 2829 954 molestiiS,
2871 876 3133 962 quibus

593 963 924 1032 hactenus
958 984 1090 1031 non
1132 983 1272 1030 uno
1318 985 1397 1031 ex
1448 961 1593 1030 loco
1625 961 1980 1049 depulsus.
2024 962 2306 1031 affectus
2345 963 2587 1042 fuerat,
2643 975 2950 1032 sanctam
2973 965 3128 1053 ejus

592 1051 897 1120 animam
938 1052 1082 1139 jam
1135 1051 1405 1140 egregie
1453 1050 1791 1118 consolari
1831 1049 2147 1118 voluisse.
2189 1050 2524 1120 Intellexit
2571 1051 2698 1120 hoc
2727 1051 2933 1121 etiam
2985 1054 3138 1142 ipse

593 1141 832 1209 beatus
881 1140 1005 1221 vir,
1054 1140 1347 1207 maxime
1379 1138 1556 1224 quod
1593 1151 1656 1207 et
1691 1139 2021 1207 divinitus
2046 1152 2110 1206 et
2160 1140 2563 1209 humanitus
2605 1163 2675 1208 se
2713 1141 2942 1230 Juvari
2984 1164 3136 1210 cer-

594 1241 803 1308 neret,
852 1228 1100 1296 ibidem
1131 1227 1326 1315 juxta
1376 1232 1441 1296 S.
1474 1228 1738 1296 Martini
1799 1227 2239 1297 oratoriolum
2277 1229 2768 1297 monasterium
2818 1243 3134 1299 extruere

593 1317 828 1387 voluit.
875 1317 1166 1398 Quidam
1220 1329 1444 1385 autem
1496 1339 1573 1384 ex
1624 1315 1772 1401 ejus
1822 1315 2186 1406 discipulis
2231 1338 2388 1385 cum
2441 1316 2615 1385 ultra
2667 1338 2941 1387 amnem
2996 1325 3133 1388 Mo-

595 1407 907 1474 rimonte.
963 1404 1080 1492 qui
1125 1426 1308 1473 nunc
1343 1404 1753 1473 monasterio
1803 1405 2241 1494 praeeminet,
2280 1405 2635 1494 operariis,
2663 1406 2978 1475 aedificio
3028 1407 3134 1475 illi

597 1494 1050 1564 necessariam
1081 1493 1433 1561 materiam
1466 1492 1981 1562 succidentibus
2005 1506 2070 1560 et
2099 1494 2689 1583 praeparantibus,
2725 1495 3127 1576 intenderet,

594 1582 926 1668 velletque
955 1583 1100 1671 jam
1152 1582 1283 1651 sub
1320 1603 1666 1670 vesperam
1719 1582 1946 1650 redire
1977 1581 2057 1649 ad
2111 1581 2380 1662 cellam,
2437 1582 2551 1650 sed
2591 1583 2885 1652 taederet
2932 1582 3128 1652 illum

595 1671 883 1740 transire
933 1676 1211 1738 Mortam
1264 1670 1577 1751 fluvium,
1642 1684 2058 1760 cuperetque
2118 1671 2455 1740 maturius
2516 1670 2735 1740 redire
2784 1671 2868 1740 ad
2926 1673 3126 1761 opuS,

595 1761 662 1826 in
705 1758 1050 1839 collicu10,
1102 1780 1304 1845 quem
1354 1759 1723 1828 iuncturas
1758 1773 2019 1838 vocant,
2058 1771 2251 1827 nocte
2296 1760 2595 1828 irruente
2631 1783 2908 1829 manere
2939 1783 3132 1829 com-

603 1848 846 1936 pulsus
893 1860 1015 1916 est.
1056 1846 1427 1916 Colliculus
1457 1861 1682 1916 autem
1727 1847 1795 1916 id
1849 1848 2148 1916 nominis
2199 1847 2356 1916 inde
2411 1849 2758 1938 accepisse
2819 1862 3124 1938 putatur,

598 1936 777 2022 quod
834 1937 1074 2005 Rotbat
1120 1948 1182 2003 et
1219 1941 1425 2004 Morta
1464 1959 1593 2005 non
1629 1937 1831 2024 longe
1865 1937 1949 2005 ab
1999 1938 2147 2026 ejus
2199 1936 2548 2005 radicibus
2600 1938 2774 2006 inter
2821 1960 2892 2006 se
2938 1960 3125 2007 com-

603 2026 1043 2093 misceantur.
1093 2024 1216 2093 Ubi
1269 2024 1474 2092 srater
1523 2025 1634 2093 ille
1688 2046 1931 2094 somno
1979 2037 2355 2113 correptus,
2407 2047 2528 2114 per
2574 2026 2822 2107 visum,
2854 2026 3126 2095 oratorii

598 2113 665 2181 in
719 2113 1154 2182 beatissimae
1204 2114 1313 2181 Dei
1353 2114 1712 2182 Genitricis
1755 2115 2077 2182 bonorem
2114 2113 2254 2181 illic
2302 2114 2743 2183 construendi
2795 2114 3122 2183 divinitus

601 2215 1036 2292 praeceptum
1090 2202 1373 2291 accepit.
1429 2201 1619 2284 Quod
1657 2224 1817 2270 cum
1872 2224 2070 2270 mane
2121 2202 2463 2270 retulisset
2510 2203 2943 2273 sanctissimo
2985 2224 3127 2271 ma-

599 2291 835 2380 gistr0,
870 2291 935 2359 in
982 2291 1132 2380 ipso
1170 2291 1451 2360 visionis
1485 2290 1631 2359 loco
1671 2289 1785 2359 ille
1834 2289 2130 2379 lapidem
2167 2290 2587 2380 erigijussit.
2635 2296 2764 2361 Nec
2813 2292 2934 2361 diu
2980 2302 3129 2381 post

594 2379 871 2448 condita
922 2379 1060 2448 illic
1100 2378 1409 2458 basilica,
1471 2379 1535 2446 in
1588 2401 1660 2447 ea
1714 2379 1924 2447 altare
1972 2378 2377 2448 collocatum
2416 2391 2515 2447 est
2562 2401 2640 2448 eo
2690 2381 2760 2448 in
2804 2380 2971 2458 loco,
3007 2379 3129 2448 ubi

598 2468 768 2537 visio
817 2468 1004 2538 fratri
1053 2467 1280 2537 oblata
1328 2467 1591 2549 fuerat3
1662 2468 1865 2556 idque
1915 2468 1983 2537 in
2034 2468 2358 2537 honorem
2411 2468 2848 2538 beatissimae
2900 2468 3128 2538 Matris

600 2557 737 2635 Dei,
778 2558 1225 2643 omniumque
1272 2557 1742 2645 Apostolorum
1780 2613 1794 2637 ‚
1851 2558 2239 2646 pariterque
2303 2558 2827 2647 praecipuorum
2893 2564 3133 2627 Treve-

593 2647 772 2715 ricae
803 2646 999 2716 urbis
1050 2646 1568 2735 Episcoporum‚
1622 2645 1968 2725 Eucharii‚
2022 2645 2292 2726 Valerii,
2329 2646 2609 2716 Materni
2662 2659 2725 2716 et
2775 2645 3130 2716 Maximini

594 2747 1095 2804 consecratum.
1147 2735 1356 2802 Juxta
1406 2733 1583 2803 hanc
1632 2747 1858 2802 autem
1911 2734 2265 2803 basilicam
2326 2734 2512 2803 aliud
2570 2734 2974 2805 fabricatum
3026 2747 3132 2802 est

592 2826 963 2893 oratorium
1016 2822 1086 2891 in
1137 2822 1314 2891 beati
1357 2823 1676 2912 martyris
1727 2823 2021 2891 Mauritii
2068 2835 2131 2892 et
2180 2823 2601 2893 sanctissimi
2659 2822 2923 2912 collegii
2971 2822 3127 2911 ejus

596 2912 947 2980 honorem.

683 3003 718 3086 ξ
767 3004 912 3070 12.
967 3005 1112 3082 Qua
1162 3001 1229 3067 in
1295 3022 1364 3068 re
1408 2998 1611 3068 facile
1675 2999 1830 3067 licet
1868 2998 2200 3088 perspici,
2255 2998 2730 3069 beatissimum
2781 2998 3132 3088 Archiepi-

594 3110 876 3176 scopum
932 3102 1236 3157 nostrum
1291 3088 1746 3177 Hildulphum
1800 3087 2213 3176 cumprimis
2264 3086 2676 3156 familiarem
2708 3086 2920 3158 fuisse
2971 3109 3133 3156 san-

594 3176 901 3246 ctissimo
951 3176 1244 3245 Deodato
1296 3176 1594 3266 praesuli
1626 3177 1714 3246 ab
1765 3177 1934 3266 ipsis
1985 3197 2203 3261 usque
2253 3176 2646 3245 monasterii
2699 3175 2910 3266 hujus
2971 3176 3130 3246 fun-

596 3265 937 3333 damentis
967 3319 982 3344 ,
1055 3266 1311 3355 quippe
1388 3265 1503 3351 qui
1578 3265 1676 3334 illi
1757 3264 2045 3354 largitus
2122 3261 2334 3331 fuisse
2404 3264 2725 3334 credatur
2803 3265 3132 3351 reliquias

586 3353 1076 3443 jamdictorum
1130 3354 1543 3423 Trevirensis
1574 3353 1809 3444 populi
1850 3352 2257 3432 antistitum,
2295 3352 2614 3440 inprimis
2653 3364 2879 3422 autem
2911 3352 3134 3423 sancti

598 3442 971 3523 Maximini,
1006 3442 1208 3533 cujus
1240 3465 1467 3513 sacros
1496 3455 1688 3512 artus
1718 3463 1938 3529 nuper
1971 3440 2346 3510 admodum
2381 3440 2448 3508 in
2499 3463 2647 3510 eam
2687 3442 3132 3511 transtulerat

595 3530 855 3612 aedem,
892 3531 1010 3600 ubi
1066 3554 1247 3599 nunc
1298 3531 1396 3600 illi
1451 3553 1570 3621 pro
1619 3530 1950 3620 dignitate
1988 3530 2053 3597 in
2098 3529 2529 3598 veneratione
2576 3529 2942 3600 habentur.
2981 3530 3134 3599 Fuit

595 3630 821 3687 autem
869 3620 924 3687 is
958 3642 1185 3689 annus
1234 3620 1476 3689 Christi
1526 3620 2063 3693 sexcentesimus
2094 3617 2562 3707 sexagesimus
2592 3619 2956 3708 septimus:
2993 3641 3131 3705 quo

597 3720 898 3797 tempore
949 3709 1284 3778 Deodatus
1331 3710 1709 3777 etiamnum
1749 3708 1819 3776 in
1868 3706 2119 3776 Alsatia
2153 3706 2572 3786 morabatur,
2610 3729 2814 3792 quem
2867 3720 3140 3777 constat

594 3818 778 3865 anno
814 3797 1076 3866 Domini
1130 3798 1619 3867 sexcentesimo
1669 3796 2276 3886 sexagesimonono
2332 3795 2401 3863 in
2456 3794 2700 3864 vallem
2753 3795 3131 3865 Galilaeam

592 3883 971 3957 advenisse.
1028 3891 1156 3955 Nec
1205 3885 1291 3953 ab
1340 3907 1408 3954 re
1484 3886 1698 3954 fuisse
1749 3884 2171 3956 credendum
2213 3895 2353 3963 est,
2408 3888 2542 3952 Deo
2601 3882 3128 3955 devotissimum

593 3974 979 4062 praesulem
1035 3986 1128 4042 tot
1168 3986 1442 4059 tamque
1494 3974 1807 4063 pretiosis
1858 3973 2180 4042 Franciae
2229 3993 2394 4043 suae
2463 3973 2964 4061 praetermissis
3010 3995 3136 4063 pa-

593 4062 925 4143 trociniis,
982 4060 1342 4151 specialem
1418 4084 1604 4131 aram
1669 4062 2184 4131 Trevirensibus
2259 4060 2593 4150 posuisse.
2653 4066 2917 4130 Poterat
2965 4083 3134 4130 sane

591 4150 695 4217 vir
736 4150 1001 4220 Domini
1054 4148 1497 4238 HildulphuS,
1549 4152 1967 4221 eremiticam
2021 4149 2358 4220 ducturus
2420 4149 2669 4231 vitam,
2722 4148 3134 4219 Arduennae

592 4239 1018 4310 vastissimos
1063 4251 1370 4326 expetere
1425 4238 1665 4320 saltus,
1725 4238 2309 4327 quemadmodum
2373 4237 2545 4308 alios
2592 4238 2928 4324 quosdam
2979 4240 3134 4327 ejus

593 4328 857 4397 vicinos
908 4326 1146 4395 fecisse
1210 4338 1509 4397 constat:
1572 4341 1690 4398 aut
1744 4341 1921 4398 certe
1971 4326 2120 4397 loca
2161 4327 2194 4362 *
2248 4339 2546 4418 repetere
2576 4381 2592 4409 ,
2644 4349 2681 4397 e
2732 4326 2991 4415 quibus
3043 4327 3132 4396 ad

594 4497 623 4535 S
628 4444 860 4537 :afleti-ige
869 4446 1059 4547 j‹solarer-ta
1090 4442 1137 4484 in
1170 4446 1300 4485 textu
1332 4445 1597 4495 legebam-z
1627 4447 1710 4487 sed
1732 4446 1877 4486 falso:
1898 4447 1941 4486 S.
1959 4443 2087 4486 enim
2108 4445 2393 4495 Hnssulphuu
2413 4443 2610 4486 Bova-m
2627 4445 2730 4486 erat
2749 4443 2996 4487 oriundus.
3016 4444 3137 4486 Vide

738 4508 782 4537 m
842 4508 854 4537 ι
896 4509 925 4537 u
950 4525 961 4536 .
