3357 4995
214 356 434 421 JUNII
484 355 569 419 ‘22
904 373 984 422 nn
1031 371 1218 418 omw
1267 373 1321 418 s.
1376 372 1629 420 PAULINI
1678 372 1822 419 Not.
1878 372 2078 420 nmsc.
2546 358 2675 421 485

263 460 434 528 ratia
460 451 964 546 quinquaginta
992 455 1248 525 solidos
1282 456 1632 526 miserant.
1672 463 1856 539 Quos
1881 479 2038 526 cum
2077 457 2454 548 accepisset
2488 463 2553 527 S.
2591 464 2764 528 Pau-

240 550 427 629 inus‚
472 545 822 616 benedixit
868 545 1238 614 Dominum
1270 545 1543 615 dicens:
1589 545 1856 616 Gratias
1914 567 2042 637 ago
2098 546 2222 615 tibi
2274 548 2582 628 Domine,
2637 549 2758 635 qui

212 659 348 708 non
399 634 824 722 derelinquis
873 647 1225 724 sperantes
1288 635 1356 702 in
1411 647 1493 703 te.
1538 640 1624 703 De
1674 635 1783 704 his
1823 647 2051 704 autem
2087 635 2600 726 quinquaginta
2650 659 2760 705 so-

212 725 375 797 lidis
407 726 556 814 ipse
606 725 1023 814 presbyterO,
1062 724 1184 810 qui
1230 744 1345 793 eos
1378 723 1803 804 exhibuerat,
1860 747 2076 793 manu
2126 746 2253 794 sua
2303 725 2479 793 duos
2529 725 2754 794 dedit:

212 814 514 901 reliquos
547 835 706 882 vero
756 812 1317 902 negotiatoribuS,
1362 813 1482 899 qui
1511 814 1913 882 vestimenta
1942 813 2368 903 pauperibus
2399 813 2756 895 dederant,

214 903 410 973 reddi
460 902 838 973 mandavit.

302 996 338 1079 ξ
385 997 476 1064 8.
536 997 717 1061 Inter
763 990 931 1058 haec
966 1002 1227 1068 autem,
1281 1012 1437 1058 cum
1481 991 1627 1080 jam
1667 1012 1800 1059 nox
1847 990 1983 1059 diei
2034 991 2503 1070 successisset,
2543 1013 2763 1078 usque

213 1081 295 1151 ad
353 1081 648 1150 mediam
704 1091 967 1148 noctem
1020 1077 1386 1168 paululum
1419 1079 1631 1164 quieti
1664 1079 2026 1158 concessit,
2059 1079 2275 1148 donec
2311 1081 2762 1149 crudescente

210 1170 467 1249 dolore,
513 1170 634 1257 qui
677 1168 873 1238 lateri
921 1168 1071 1257 ejus
1124 1167 1383 1235 nimius
1435 1168 1674 1247 inerat,
1730 1180 2132 1257 gravaretur
2164 1169 2520 1248 excitatus
2579 1169 2762 1238 mul-

214 1260 437 1347 tisque
466 1259 671 1328 etiam
699 1280 777 1325 ex
804 1257 1157 1345 superfluo
1191 1256 1694 1326 archiatrorum
1726 1257 2120 1327 ustionibus
2155 1256 2502 1346 fatigatus,
2540 1281 2763 1345 usque

212 1349 297 1417 ad
352 1349 666 1435 quintam
730 1346 969 1414 horam
1026 1345 1242 1414 noctis
1293 1344 1551 1414 lassum
1602 1360 1808 1432 atque
1857 1345 2187 1414 anhelum
2243 1359 2481 1436 pectus
2539 1347 2757 1416 duxit.

212 1438 469 1506 Deinde
516 1436 919 1504 adveniente
970 1433 1143 1514 luce,
1198 1435 1769 1503 consuetudinem
1824 1457 2020 1504 suam
2074 1435 2176 1502 vir
2226 1448 2506 1504 sanctus
2546 1458 2766 1525 agno-

212 1527 331 1595 vit.
388 1532 647 1611 Itaque,
700 1537 776 1592 ut
810 1523 1092 1603 solebat,
1146 1523 1453 1592 excitatis
1486 1524 1836 1603 omnibus,
1887 1523 2305 1592 matutinum
2341 1547 2419 1592 ex
2475 1547 2661 1592 more
2699 1536 2763 1593 et

209 1614 455 1684 ordine
504 1612 892 1684 celebravit.
936 1618 1129 1680 Facta
1166 1626 1391 1680 autem
1443 1613 1576 1692 die,
1622 1612 2038 1701 presbyteris
2088 1626 2153 1681 et
2205 1613 2618 1682 diaconibus
2668 1626 2766 1682 at-

210 1727 349 1791 que
421 1703 746 1773 omnibus
806 1700 1079 1769 clericis
1133 1701 1443 1789 exemplo
1516 1701 1868 1770 Dominico
1931 1723 2167 1790 pacem
2235 1702 2763 1770 haereditariam

212 1792 657 1882 praedicavit.
695 1790 1085 1860 Transactis
1119 1803 1344 1858 autem
1401 1790 1531 1870 his,
1577 1791 1821 1858 tacitus
1854 1813 2074 1875 usque
2110 1789 2193 1857 ad
2230 1813 2577 1879 vesperam
2619 1813 2765 1879 per-

210 1882 512 1950 duravit.
572 1878 822 1948 Deinde
869 1879 1069 1964 quasi
1109 1900 1188 1946 ex
1238 1900 1479 1946 somno
1529 1879 1884 1959 excitatuS,
1946 1879 2376 1946 lucernariae
2411 1879 2513 1967 (a)
2561 1879 2764 1948 devo-

213 1971 424 2039 tionis
467 1984 738 2058 tempus
772 1989 1176 2056 agnoscens,
1232 1967 1528 2036 extensis
1572 1967 1918 2048 manibus,
1978 1968 2158 2035 lenta
2193 1967 2346 2036 licet
2399 1990 2580 2045 voce,
2638 1974 2765 2037 Pa-

204 2062 368 2128 ravi
410 2063 748 2127 lacernam
807 2057 1065 2126 Christo
1094 2079 1253 2136 meo,
1294 2056 1680 2124 decantavit
1734 2057 2019 2125 Domino
2068 2079 2226 2125 cum
2285 2057 2517 2124 David.
2574 2063 2764 2126 Tunc

208 2147 463 2216 deinde
523 2146 697 2214 sacto
769 2144 1176 2231 aliquandiu
1227 2144 1540 2225 silentio,
1596 2147 1781 2214 circa
1832 2145 2070 2213 horam
2122 2161 2440 2230 quartam
2495 2146 2758 2224 noctis,

208 2236 542 2304 omnibus
590 2235 711 2321 qui
771 2234 1095 2313 aderant,
1156 2234 1418 2302 solicite
1470 2234 1963 2324 vigilantibuS,
2028 2234 2255 2303 subito
2306 2246 2438 2301 tam
2496 2235 2758 2323 ingenti

208 2323 466 2393 cellula
514 2322 663 2407 ejus
713 2335 1124 2391 terraemotu
1173 2346 1513 2392 concussa
1546 2337 1666 2401 est,
1705 2337 1780 2392 ut
1809 2323 1902 2401 hi,
1948 2323 2069 2408 qui
2101 2321 2349 2390 lectulo
2398 2322 2548 2409 ejus
2589 2324 2764 2390 assi-

211 2412 510 2492 stebant,
555 2412 853 2480 exterriti
904 2423 1107 2497 atque
1161 2413 1415 2481 turbati
1474 2411 1557 2479 ad
1609 2412 1986 2480 orationem
2040 2433 2111 2478 se
2160 2411 2524 2497 jactarent,
2590 2410 2760 2479 nihil

211 2516 446 2571 tamen
498 2502 878 2570 scientibus
926 2501 1036 2571 his
1086 2501 1203 2587 qui
1273 2523 1393 2590 pro
1430 2500 1692 2570 foribus
1751 2500 2240 2570 consistebant.
2298 2506 2526 2586 Neque
2575 2501 2761 2569 enim

210 2591 544 2692 publicus
614 2589 752 2670 ille,
808 2590 925 2658 sed
983 2592 1290 2679 privatus
1342 2590 1408 2656 in
1462 2589 1714 2658 cellula
1777 2591 1995 2657 luerat
2045 2601 2518 2658 terraemotus.
2594 2596 2757 2657 Nam

210 2680 331 2749 ille
367 2678 702 2768 angelicis
736 2690 1101 2766 susceptus
1136 2677 1483 2757 manibus,
1525 2678 1832 2747 debitum
1861 2683 1990 2747 Deo
2032 2679 2349 2767 spiritum
2395 2678 2757 2747 exhalavit.

205 2769 554 2847 Vidimus,
602 2768 702 2836 fili
753 2766 1182 2845 charissime,
1242 2766 1565 2845 vidimuS‚
1621 2780 1684 2836 et
1737 2768 1911 2835 inter
1968 2768 2309 2855 lacrymas
2360 2781 2564 2854 atque
2615 2767 2759 2835 sin-

210 2858 457 2948 gultus
525 2857 778 2925 vidisse
848 2856 1274 2945 gaudemus:
1333 2855 1634 2923 vidimus
1686 2856 2031 2943 quomodo
2089 2856 2350 2923 tollitur
2388 2857 2646 2944 justuS‚
2701 2868 2765 2925 et

204 2968 417 3015 nemo
462 2945 804 3035 intelligit,
861 2957 925 3013 et
967 2944 1092 3011 viri
1132 2944 1303 3032 justi
1341 2943 1699 3023 tolluntur,
1736 2958 1801 3013 et
1830 2967 2026 3012 nemo
2075 2946 2485 3013 considerat.
2536 2951 2764 3030 Neque

199 3035 335 3106 ulli
389 3034 934 3103 Christianorum
990 3032 1392 3102 incredibile
1427 3033 1625 3102 debet
1660 3034 1897 3113 videri,
1931 3033 1989 3101 si
2025 3034 2090 3101 in
2145 3034 2443 3102 transitu
2486 3038 2550 3101 S.
2589 3039 2765 3102 Pau-

206 3124 335 3193 lini
380 3146 569 3193 unus
619 3123 923 3211 angulus
955 3122 1341 3211 specialiter
1392 3128 1805 3191 terraemotu
1845 3144 2227 3191 concussus
2275 3136 2398 3202 est,
2457 3122 2523 3189 in
2561 3124 2765 3210 cujUs

203 3215 406 3283 obitu
460 3225 641 3281 totus
678 3233 849 3301 pene
890 3211 1076 3281 orbis
1117 3211 1478 3300 ingemuit.
1521 3217 1597 3280 Et
1645 3234 1809 3281 sane
1866 3211 2024 3298 quis
2085 3211 2277 3280 locus
2324 3223 2425 3279 est
2483 3211 2549 3279 in
2601 3213 2766 3281 orbe

203 3315 553 3371 terrarum
592 3313 727 3368 tam
782 3312 1085 3368 remotus
1133 3315 1252 3369 aut
1300 3300 1601 3380 abdiam,
1639 3323 1844 3387 quem
1899 3301 2228 3369 transitus
2268 3299 2536 3368 domini
2587 3305 2763 3369 Pau-

201 3389 329 3459 lini
386 3411 526 3458 non
571 3393 1072 3458 commoveret?
1106 3393 1233 3458 Aut
1279 3390 1437 3475 quis
1488 3389 1915 3458 Christianae
1958 3388 2313 3478 religionis
2348 3388 2438 3456 ita
2489 3388 2762 3457 alienus

199 3480 494 3548 effectus
550 3490 674 3558 est,
734 3478 853 3563 qui
914 3476 1151 3545 audita
1210 3491 1423 3545 morte
1476 3479 1628 3565 ejus
1683 3501 1817 3548 non
1869 3477 2258 3568 planxerit?
2309 3477 2519 3545 Flevit
2612 3477 2764 3545 lane

201 3567 541 3647 Ecclesia,
595 3566 777 3653 quod
833 3564 1037 3634 talem
1097 3566 1515 3635 sacerdotem
1561 3568 1831 3636 amisit:
1886 3566 2000 3635 sed
2054 3565 2311 3634 exultat
2369 3501 2757 3655 paradlSUS,

197 3657 389 3745 quod
431 3655 637 3725 talem
672 3668 990 3723 sanctum
1029 3656 1355 3744 suscepit.
1401 3655 1744 3745 Plangunt
1779 3654 2041 3745 populi,
2084 3655 2200 3724 sed
2254 3654 2596 3723 laetantur
2643 3678 2765 3723 an-

202 3746 366 3835 geli.
426 3750 728 3814 Gemunt
827 3743 1169 3813 rovinciae
1221 3743 1609 3824 hominum,
1666 3745 1780 3816 sed
1859 3744 2116 3813 audent
2147 3742 2297 3812 loca
2331 3756 2756 3823 sanctorum,

199 3833 286 3901 ad
318 3856 499 3920 quae
553 3767 862 3919 quotidie
908 3831 1176 3901 evolare
1224 3833 1568 3921 cupiebat,
1619 3856 1779 3902 cum
1867 3833 2102 3901 iceret:
2163 3833 2379 3911 Quam
2436 3831 2764 3901 amabilia

205 3934 371 3991 sunt
420 3925 864 3991 tabernacula.
897 3933 1040 3999 tua,
1101 3923 1375 3990 Domine
1408 3926 1583 3990 Deus
1612 3925 1940 3993 virtutum
1961 3924 1994 3990 ?
2026 3923 2401 4011 concupivit
2433 3932 2496 3989 et
2528 3923 2765 4010 defecit

198 4011 439 4079 anima
472 4034 624 4079 mea
656 4012 725 4079 in
756 4013 955 4079 atriis
996 4012 1130 4079 tuis
1154 4012 1295 4099 (Eoe
1324 4016 1432 4078 Ps.
1466 4012 1603 4100 83).

292 4102 330 4183 ἓ
378 4103 464 4170 4.
520 4103 572 4168 Ο
619 4099 844 4169 virum
898 4111 1218 4169 sanctum
1278 4111 1343 4168 et
1391 4100 1709 4170 omnium
1776 4121 1892 4170 ore
1952 4097 2422 4168 laudabilem:
2477 4099 2600 4184 qui
2667 4099 2766 4167 sic

202 4185 396 4266 vixit,
452 4198 530 4255 ut
560 4210 695 4256 non
733 4187 957 4258 solum
992 4188 1150 4268 sibi,
1206 4188 1324 4257 sed
1361 4189 1568 4258 etiam
1612 4188 1943 4260 omnibus
1979 4189 2251 4256 viveret.
2303 4192 2380 4255 Et
2415 4186 2569 4255 ideo
2599 4188 2766 4274 quia

202 4272 450 4343 multis
498 4275 662 4346 vixit
709 4276 780 4345 in
831 4276 960 4346 hoc
1008 4276 1265 4358 seculo,
1337 4298 1523 4347 nunc
1573 4277 1708 4347 sibi
1760 4278 1922 4346 vivit
1956 4277 2025 4345 in
2078 4276 2370 4345 Christo.
2409 4280 2487 4343 Et
2535 4288 2764 4345 tamen

251 4431 323 4485 (a)
342 4433 668 4475 Luc-martum
686 4432 929 4476 dicebatur
947 4433 1155 4485 precstio
1176 4437 1276 4476 sive
1296 4436 1560 4487 psalmodta
1574 4437 1855 4487 peragendis,
1873 4446 1982 4477 cum
2000 4433 2362 4477 occidente-sole
2379 4432 2759 4474 accendebantur

198 4488 465 4529 Lucernne.
486 4485 567 4525 111¹
589 4488 817 4529 successit
837 4490 887 4529 tn
906 4490 1039 4529 horis
1058 4490 1305 4531 canonicis
1327 4491 1682 4541 completorium.
