3357 4995
669 280 751 344 18
1248 294 1326 341 ΒΕ
1372 293 1466 341 ss.
1518 293 1631 340 uu.
1687 292 2003 341 murano
2047 293 2123 341 m·
2172 291 2371 341 socus
2807 275 3027 342 JUNII
3082 277 3106 339 1

576 393 641 451 et
674 400 1064 471 congruens
1102 376 1477 469 patefacta,
1515 389 1662 448 tum
1705 375 1833 460 illi,
1888 390 2034 447 tum
2077 376 2234 446 aliis
2280 377 2404 466 qui
2450 398 2610 447 cum
2661 400 2739 448 eo
2787 390 3006 459 erant,
3045 377 3120 445 in

575 491 870 560 regnum
917 467 1263 538 coelorum
1298 465 1569 538 aditum
1615 464 1806 535 dedit
1851 465 2276 557 perfacilem.
2931 534 2940 541 ,

663 561 701 646 ξ
749 563 842 629 6.
896 554 1289 626 Theodulus
1330 556 1491 625 item
1550 554 1781 645 gravis
1826 554 2109 642 quidem
2143 566 2209 625 et
2248 553 2612 644 religiosus
2662 577 2889 636 senex,
2925 576 3119 625 unus

574 669 656 718 ex
686 646 1014 738 praefecti
1061 643 1448 714 Firmiliani
1478 642 1770 726 familia,
1804 656 1870 712 et
1899 642 1986 713 ab
2030 664 2110 713 eo
2143 642 2303 735 plus
2349 664 2558 729 quam
2595 644 2846 714 caeteri
2876 665 3120 713 omnes

573 734 935 807 domestici
999 734 1428 816 honoratus,
1485 731 1740 822 partim
1804 744 2162 822 provectae
2209 731 2452 808 aetatis
2496 734 2710 803 causa
2763 733 2792 822 (
2869 753 3120 803 roavus

573 823 760 894 enim
800 834 968 904 erat,
1013 822 1083 892 id
1132 832 1257 903 est,
1311 820 1547 891 tertiae
1577 821 1930 911 progeniei
1977 819 2201 911 pater)
2233 820 2484 911 partim
2519 826 2799 912 propter
2877 842 3122 891 enevo-

574 913 857 984 lentiam
907 923 973 985 et
1018 909 1293 981 fidelem
1325 910 1666 991 animum,
1719 931 1927 997 quem
1976 931 2141 1012 erga
2196 909 2427 999 ipsum
2479 930 2753 1000 semper
2809 932 3121 980 servave-

472 1006 481 1024 ‘
575 1014 703 1083 rat,
741 999 986 1071 iisdem
1038 998 1346 1089 vestigiis
1399 1019 1560 1067 cum
1615 996 1898 1068 Seleuco
1946 997 2296 1078 inststens‚
2340 1009 2407 1067 et
2457 996 2732 1068 facinus
2770 997 2964 1069 illius
3010 998 3115 1067 fa-

574 1090 798 1160 cinori
836 1088 1387 1176 haudquaquam
1421 1085 1761 1157 dissimile
1808 1085 2204 1168 admittens,
2243 1085 2330 1155 ad
2363 1085 2845 1156 Firmilianum
2889 1087 3118 1156 domi-

577 1201 748 1250 num
785 1199 995 1251 suum
1042 1176 1385 1247 deductus
1430 1175 1825 1275 fuitqeique
1865 1175 2196 1276 majorem
2223 1174 2436 1244 bilem
2484 1197 2695 1262 quam
2727 1176 3121 1267 superiores

574 1288 1042 1348 commovenS‚
1090 1265 1368 1335 tandem
1416 1285 1647 1334 crucis
1690 1263 2114 1334 afflictatloni
2161 1262 2504 1345 addictus,
2543 1263 2868 1353 idemque
2930 1287 3120 1335 mar-

573 1356 735 1446 tyrii
783 1377 1029 1447 geum,
1082 1353 1266 1442 quod
1319 1357 1631 1423 Servator
1666 1352 1886 1434 olim„
1915 1352 2165 1423 lubens
2204 1373 2580 1443 perpessus
2624 1366 2749 1424 est.

664 1447 700 1533 ἓ
738 1449 817 1515 ¹².
855 1445 1187 1533 Deinceps
1217 1442 1549 1531 quoniam
1587 1464 1775 1513 unus
1806 1441 2036 1511 adhuc
2067 1440 2388 1519 restabat,
2421 1440 2544 1542 qui
2572 1441 2753 1512 inter
2783 1454 3119 1530 martyres

575 1545 1148 1603 commemoratos
1196 1531 1425 1602 locum
1474 1529 1970 1602 duodecimum
2037 1530 2373 1620 expleret,
2434 1528 2691 1601 idcirco
2729 1531 3065 1602 ..lulianus
3097 1586 3113 1611 ‚

573 1644 732 1693 eum
782 1622 1183 1713 expleturus
1220 1619 1533 1690 accessit.
1578 1619 1710 1702 Qui
1741 1620 2024 1709 peregre
2047 1618 2195 1707 jam
2235 1639 2314 1688 eo
2347 1618 2747 1703 adventans,
2785 1633 2851 1690 et
2880 1619 3116 1690 locum
3185 1646 3191 1650 ·

572 1711 803 1780 adhuc
852 1710 1139 1780 minime
1170 1709 1239 1778 in
1296 1729 1551 1788 ressuS,
1607 1706 1903 1779 simulac
1942 1707 2122 1776 inter
2168 1707 2314 1776 vias
2360 1707 2446 1776 de
2482 1729 2721 1778 eorum
2758 1721 2976 1781 morte
3009 1710 3117 1779 in-

572 1799 939 1883 tellexerat,
977 1810 1247 1888 extemp
1280 1819 1319 1867 o
1379 1796 1466 1866 ad
1526 1796 1801 1886 insigne
1839 1808 2227 1885 martyrum
2277 1797 2754 1887 spectaculum
2803 1810 2990 1868 recta
3039 1821 3114 1870 se

572 1887 887 1960 contulit:
950 1898 1155 1975 atque
1207 1900 1285 1955 ut
1339 1884 1535 1954 humi
1589 1885 1814 1975 posita
1864 1896 2260 1954 sanctorum
2312 1884 2481 1954 vidit
2531 1908 2844 1977 corpora,
2889 1885 3115 1956 solido

573 1975 884 2065 expletus
985 1975 1216 2056 audin,
1270 1972 1626 2064 sigillatim
1689 1995 1769 2043 ea
1827 1973 2229 2064 complexus
2285 1973 2631 2044 salutavit.
2693 1974 2885 2058 Quod
2942 1975 3114 2045 dum

570 2065 906 2145 faciebat,
938 1998 1235 2134 qictores
1281 2075 1347 2133 et
1405 2062 1637 2132 caedis
1693 2061 1998 2133 ministri
2049 2082 2210 2132 eum
2261 2061 2681 2151 prehensum
2732 2062 2820 2132 ad
2870 2063 3116 2133 Firmi-

571 2154 838 2223 lianum
874 2153 1164 2222 ducunt.
1202 2152 1335 2236 Qui
1378 2172 1483 2230 ea,
1517 2172 1695 2238 quae
1744 2150 1878 2221 sibi
1915 2162 2135 2231 erant,
2174 2171 2478 2238 suaeque
2524 2151 2792 2222 crudeli
2825 2164 3117 2223 naturae

569 2255 1065 2323 consentanea,
1118 2252 1490 2321 executu3‚
1545 2239 1729 2308 lento
1787 2250 1853 2308 et
1900 2239 2189 2308 remisso
2233 2238 2379 2329 igni
2440 2261 2602 2309 eum
2652 2240 3112 2312 cremandum

572 2331 799 2401 tradit.
863 2331 1183 2407 Julianus
1227 2350 1389 2420 ergo
1438 2349 1602 2419 prae
1654 2328 1910 2397 laetitia
1939 2327 2268 2407 exultare,
2317 2326 2513 2397 valde
2564 2351 2650 2399 ue
2698 2329 2973 2421 gestire,
3013 2343 3118 2400 at-

567 2442 703 2508 que
750 2419 937 2490 clara
981 2441 1145 2489 voce
1189 2418 1447 2510 gratias
1481 2438 1695 2508 agens
1734 2416 2048 2499 Domin0,
2087 2415 2207 2504 qui
2248 2436 2408 2486 eum
2457 2431 2524 2487 ta
2557 2417 2714 2490 ibus
2748 2418 3106 2508 praemiis,

569 2522 849 2597 tamque
880 2509 1137 2600 insigni
1190 2507 1555 2598 splendore
1586 2504 1858 2576 afficere
1895 2505 2225 2607 dignatus
2257 2505 2499 2589 fuerat,
2536 2508 2891 2597 praeclara
2926 2531 3116 2578 mar-

567 2611 803 2688 tyrum
850 2602 1105 2669 corona
1151 2596 1469 2668 donatur.
1522 2599 1680 2665 Erat
1728 2594 1840 2664 hic
1872 2595 2156 2683 quidem
2208 2594 2690 2685 Cappadocum
2725 2618 2976 2687 genere
3009 2620 3117 2667 se-

566 2687 877 2758 cundum
926 2708 1202 2757 carnem
1253 2684 1594 2756 oriundus
1624 2738 1641 2765 ‚
1713 2684 2025 2754 moribus
2072 2697 2138 2754 et
2183 2684 2320 2754 vita
2370 2684 2886 2767 sanctissimus,
2939 2685 3118 2756 fide-

569 2776 881 2845 lissimus
926 2788 991 2844 et
1038 2775 1336 2844 maxime
1381 2774 1755 2865 ingenuus:
1816 2787 1881 2843 et
1933 2795 2092 2843 cum
2143 2773 2217 2842 in
2269 2771 2427 2843 aliis
2475 2774 2684 2845 rebus
2732 2786 3108 2864 spectatuS,

566 2876 718 2936 tum
764 2864 998 2933 divino
1045 2863 1268 2953 ipsius
1301 2863 1522 2933 sancti
1562 2862 1860 2953 Spiritus
1899 2861 2136 2932 afflatu
2167 2861 2517 2932 imbutus.

657 2960 696 3034 ἓ
744 2956 827 3024 S.
879 2951 1060 3022 Talis
1105 2964 1250 3021 erat
1293 2963 1559 3022 caterva
1605 2973 1874 3033 eorum,
1926 2951 2048 3051 qui
2100 2970 2221 3041 per
2268 2949 2386 3020 Dei
2440 2950 2735 3042 gratiam
2799 2952 2867 3021 in
2921 2974 3111 3021 mar-

568 3041 730 3131 tyrii
779 3041 1172 3110 societatem
1219 3061 1379 3120 cum
1428 3040 1625 3110 beato
1671 3039 2035 3129 Pamphilo
2082 3037 2331 3109 adsciti
2376 3038 2680 3110 fuerunt.
2736 3044 2942 3110 Sacra
2983 3063 3114 3112 au—

569 3140 994 3212 temsancta
1042 3149 1273 3198 revera
1327 3128 1607 3199 illorum
1664 3149 1956 3217 corpora
2004 3149 2086 3197 ex
2135 3126 2343 3218 impii
2399 3128 2737 3218 praesidis
2785 3128 3115 3201 mandato

566 3230 863 3319 quatuor
909 3216 1179 3299 diebuS,
1233 3216 1652 3303 totidemque
1683 3218 2024 3297 noctibuS,
2059 3228 2135 3286 ut
2181 3238 2222 3286 a
2260 3216 2499 3289 bestiis
2538 3217 2923 3305 avibusque
2955 3240 3111 3289 car-

568 3307 828 3376 mvoris
874 3306 1387 3387 devorarentur,
1427 3305 1559 3375 sub
1607 3304 1723 3374 dio
1770 3306 2249 3376 servabantur.
2283 3310 2531 3376 Verum
2581 3306 2703 3376 ubi
2752 3319 3108 3395 tamquam
3211 3395 3217 3400 η

567 3395 906 3466 miraculo
936 3394 1237 3482 quodam
1269 3393 1465 3464 nulla
1498 3415 1721 3482 neque
1759 3394 2001 3477 bestia,
2036 3415 2259 3482 neque
2299 3393 2621 3475 volucriS‚
2663 3416 2884 3482 neque
2913 3397 3110 3467 canis

567 3486 652 3554 ad
703 3506 783 3554 ea
829 3484 1243 3564 accedebat,
1296 3505 1543 3554 rursus
1590 3505 1731 3641 (per
1794 3482 2069 3554 divinae
2133 3482 2601 3573 providentiae
2648 3482 3111 3575 dispensatio-

565 3595 724 3644 nem
773 3573 1042 3665 integra
1088 3572 1465 3659 illaesaque
1513 3572 1581 3641 in
1637 3594 1676 3642 e
1723 3571 1953 3643 ablata
1984 3572 2289 3642 fuerunt:
2325 3584 2393 3641 et
2422 3572 2868 3659 exequiarum
2892 3574 3107 3663 justis

564 3663 801 3752 potita,
846 3662 1266 3753 sepulturae,
1310 3674 1386 3732 ut
1434 3661 1647 3732 moris
1680 3674 1805 3743 est,
1844 3660 2223 3732 honorilice
2251 3659 2851 3730 commendantur.

654 3753 690 3840 ξ
738 3755 832 3821 θ.
889 3758 1093 3821 Porro
1125 3750 1299 3840 dum*
1337 3751 1641 3832 saevitia,
1681 3749 2044 3822 adversum
2085 3748 2254 3819 istos
2282 3760 2641 3839 usurpata,
2677 3749 2748 3817 in
2784 3750 3107 3822 omnium

564 3863 682 3910 ore
727 3841 792 3910 et
840 3860 1159 3911 sermone
1205 3839 1630 3921 versabatur,
1668 3838 2011 3912 Adrianus
2042 3849 2109 3908 et
2152 3836 2467 3907 Eubulus
2499 3859 2581 3907 ex
2619 3836 2898 3929 regione
2929 3860 3110 3927 quae

564 3936 987 4020 Manganaea
1033 3928 1314 4010 dicitur,
1354 3927 1438 3997 ad
1479 3927 1786 4017 reliquos
1822 3927 2262 3999 confessores
2289 3930 2686 3996 Caesaream
2723 3948 2961 4010 versus
2993 3950 3113 3998 ac-

563 4018 904 4099 cedentes,
959 4017 1047 4088 ad
1099 4030 1330 4108 portas
1360 4017 1556 4088 urbis
1595 4038 1881 4087 causam
1930 4017 2042 4090 sui
2090 4013 2357 4084 itineris
2389 4036 2467 4084 eo
2508 4015 2809 4105 suscepti
2860 4038 3113 4106 rogan-

568 4121 702 4177 tur.
745 4106 1000 4177 Deinde
1046 4108 1144 4177 rei
1194 4107 1547 4178 veritatem
1596 4106 1898 4196 ingenue
1945 4102 2265 4184 confessi,
2333 4102 2912 4175 deducuntur.ad
2965 4106 3110 4174 Fir-

564 4197 961 4282 miljanum.
1018 4201 1151 4266 Iste
1201 4195 1395 4265 nulla
1441 4194 1773 4264 dilatione
1817 4207 1938 4266 aut
1984 4193 2177 4264 mora
2209 4193 2634 4283 interposita,
2736 4205 2843 4264 ost
2890 4193 3110 4264 multa

560 4297 925 4365 tormenta,
990 4307 1170 4371 quae
1231 4286 1307 4354 in
1358 4305 1599 4354 eorum
1665 4282 1877 4353 latera
1928 4283 2330 4382 impegerat,
2378 4281 2618 4356 bestiis
2717 4281 3109 4353 ilaniandos

566 4373 1000 4445 condemnat.
1054 4372 1269 4468 Biduo
1304 4384 1532 4444 autem
1577 4372 1949 4462 interject0‚
1986 4370 2334 4443 Adrianus
2392 4370 2637 4459 quinto
2686 4370 2798 4440 die
2847 4373 3105 4444 mensis

1300 4529 1457 4702 b
