3357 4995
208 322 423 391 JUNII
472 326 557 390 22
892 345 970 390 nn:
1018 345 1073 390 s.
1126 340 1375 392 ALnANo
1423 345 1541 392 SEU
1589 345 1819 393 Ammo
1867 347 2059 392 uAnr.
2543 329 2673 392 483

211 427 447 518 magni
482 426 679 518 pretii
728 439 794 496 et
838 428 960 515 qui
1007 427 1161 516 ejus
1194 428 1517 519 dignitati
1567 431 1803 500 minus
1853 441 2286 519 congrueret,
2330 429 2560 499 loculo
2595 453 2762 501 con-

210 517 430 586 ditus:
467 530 534 585 at
566 529 792 585 tamen
841 516 1082 586 crebra
1130 517 1629 588 miraculorum
1682 519 1883 609 signa
1935 520 2392 609 praesentiam
2433 520 2759 608 martyris

208 620 273 676 et
303 605 680 675 efficaciam
738 606 1102 697 perspicue
1148 606 1497 676 declarare
1537 606 1972 678 videbantur.
2031 613 2266 694 Itaque
2325 607 2548 697 coepit
2602 631 2763 698 pro-

210 695 373 764 ferri
419 695 489 763 in
541 692 904 784 publicum
952 708 1019 763 et
1067 695 1295 785 palam
1348 695 1799 777 innotescere,
1853 695 2035 783 quod
2091 696 2216 765 diu
2259 695 2480 764 fuerat
2520 697 2589 764 in
2642 720 2759 766 oc-

210 783 419 853 culto.
452 788 527 851 At
557 783 678 852 ubi
730 805 837 852 res
877 783 1177 853 innotuit
1222 783 1482 874 Anglis,
1521 798 1916 855 constanter
1964 784 2065 853 illi
2114 807 2416 856 asserere
2466 807 2599 854 non
2630 785 2757 854 du·

212 873 541 953 bitarunt,
598 876 662 940 S.
700 871 1043 942 Albanum
1094 885 1466 962 martyrem
1516 873 1702 964 apud
1757 875 1943 964 ipsos
1993 886 2220 943 ortum
2270 887 2333 943 et
2383 896 2665 964 passum
2698 886 2763 944 et

212 960 593 1041 conditum,
646 983 823 1042 eam,
877 983 1085 1048 quam
1122 982 1249 1031 suo
1298 964 1639 1052 sanguine
1688 961 2101 1033 illustrasset
2134 961 2464 1043 insulam,
2499 984 2761 1049 nequa-

211 1072 422 1137 quam
474 1049 858 1138 reliquisse,
912 1050 1131 1120 sedin
1184 1073 1264 1120 ea
1311 1072 1584 1141 semper
1623 1052 2109 1141 permansisse.
2161 1055 2253 1120 Ea
2285 1051 2643 1120 occasione
2699 1053 2761 1121 is

209 1140 333 1225 qui
382 1161 502 1229 per
532 1139 601 1207 id
637 1152 910 1239 tempus
958 1139 1143 1229 apud
1194 1144 1258 1208 S.
1315 1141 1796 1210 Pantaleonem
1848 1141 2123 1210 Abbatis
2176 1139 2598 1230 fungebatur
2659 1139 2760 1209 of·-

209 1228 394 1308 ficio,
451 1239 960 1297 communicato
1021 1250 1181 1297 cum
1237 1228 1567 1300 fratribus
1618 1230 1729 1298 sui
1780 1228 2182 1299 monasterii
2232 1228 2545 1309 consilio,
2592 1251 2752 1298 cum

208 1338 447 1386 sacrae
476 1316 656 1385 beati
697 1317 1020 1405 martyris
1056 1316 1385 1404 reliquiae
1422 1319 1568 1408 jam
1623 1318 1942 1388 trecentis
1990 1330 2054 1387 et
2101 1317 2609 1407 quinquaginta
2636 1339 2758 1387 an-

209 1407 321 1475 nis
369 1406 439 1473 in
490 1406 801 1494 ipsorum
872 1406 1161 1474 ecclesia
1232 1407 1694 1493 quievissent,
1749 1420 1953 1494 atque
2001 1407 2088 1476 ab
2139 1407 2364 1495 ipsius
2427 1406 2755 1495 martyrio

211 1493 402 1563 mille
440 1506 505 1563 et
551 1515 628 1562 eo
676 1494 981 1583 amplius
1030 1496 1196 1564 anni
1246 1496 1629 1577 fluxissent,
1667 1496 1752 1564 ad
1787 1496 2097 1565 loculum
2139 1517 2298 1563 cum
2337 1495 2601 1585 ingenti
2634 1496 2755 1564 de-

208 1582 479 1652 votione
526 1595 592 1651 et
622 1584 998 1652 reverentia
1045 1585 1355 1663 accessit,
1413 1607 1629 1671 eoque
1663 1598 1898 1674 aperto
1951 1584 2129 1652 videt
2180 1585 2350 1673 ipse,
2413 1583 2644 1653 vident
2692 1598 2754 1653 et

205 1673 457 1742 caeteri
512 1671 753 1741 fratres
808 1693 943 1740 non
994 1673 1144 1740 sine
1190 1672 1407 1741 multa
1456 1673 1913 1742 admiratione
1970 1672 2346 1758 multisque
2397 1671 2750 1760 lacrymiS,

206 1783 465 1850 magna
504 1761 994 1850 omnipotentis
1043 1762 1160 1829 Dei
1210 1763 1478 1841 virtute,
1534 1761 1905 1830 clarissimi
1958 1763 2282 1849 martyris
2343 1783 2597 1851 corpus
2662 1774 2756 1831 tot

206 1847 464 1921 seculis
513 1851 993 1938 incorruptum
1044 1851 1471 1931 conservari,
1530 1851 2005 1936 laetanturque
2071 1848 2408 1938 singulari
2459 1849 2574 1919 Dei
2640 1851 2756 1920 be-

209 1939 456 2008 neficio
497 1940 668 2008 tanti
718 1939 1023 2008 thesauri
1073 1960 1144 2007 se
1192 1953 1543 2028 compotes
1591 1939 1742 2007 fieri
1795 1961 2017 2030 posse.

296 2030 332 2114 ξ
381 2032 475 2098 9.
534 2034 612 2097 Ut
676 2039 903 2095 autem
973 2028 1228 2098 certius
1284 2029 1367 2096 de
1418 2030 1510 2096 rei
1565 2029 1844 2097 veritate
1891 2038 2272 2105 constaret,
2327 2039 2391 2095 et
2439 2025 2753 2096 fidelium

205 2117 473 2186 devotio
513 2116 944 2196 excitaretur,
1000 2138 1036 2184 e
1086 2115 1309 2186 loculo
1351 2117 1779 2186 venerandas
1826 2116 2129 2185 extulere
2164 2116 2514 2202 reliquias,
2568 2128 2634 2183 et
2682 2128 2758 2184 ut

211 2210 387 2274 Deus
420 2205 820 2275 laudaretur
861 2206 928 2273 in
968 2218 1203 2275 sancto
1239 2227 1387 2287 su0‚
1435 2206 1712 2294 publice
1743 2228 1859 2276 eas
1907 2205 1992 2272 ad
2044 2203 2454 2293 spectandas
2505 2225 2757 2292 propo-

204 2314 442 2361 suere:
498 2317 576 2364 ac
625 2293 872 2363 deinde
924 2294 989 2362 in
1045 2294 1312 2363 thecam
1349 2295 1582 2375 aliam,
1631 2317 1802 2363 auro
1852 2306 2273 2383 argentoque
2306 2305 2370 2361 et
2402 2291 2756 2381 lapidibus

205 2382 545 2481 pretiosiS,
585 2395 920 2470 quantum
961 2404 1199 2452 eorum
1236 2383 1553 2453 sinebant
1583 2382 1962 2462 facultates,
1999 2394 2310 2450 ornatam
2349 2402 2750 2469 reposuere,

202 2493 271 2538 in
324 2492 462 2557 qua
511 2472 846 2559 hodieque
909 2485 1366 2542 reservantur.
1422 2478 1586 2540 Tam
1658 2483 1888 2541 autem
1957 2483 2258 2540 recentes
2310 2469 2742 2551 videbantur,

200 2583 281 2629 ac
324 2561 381 2629 si
436 2584 571 2630 non
622 2562 714 2629 ita
768 2560 1034 2651 pridem
1089 2584 1209 2651 pro
1265 2562 1527 2631 Christo
1575 2583 1820 2631 caesus
1868 2573 2045 2631 esset
2096 2560 2397 2649 inclytus
2460 2573 2747 2648 martyr.

201 2656 420 2739 Caput
475 2650 656 2719 enim
721 2672 879 2719 cum
931 2651 1183 2729 barba,
1238 2651 1567 2719 cervicem
1632 2651 2014 2719 etiamnum
2098 2647 2745 2737 sanguinolentam,

196 2738 489 2808 brachia
535 2751 601 2808 et
649 2761 921 2820 manuS,
959 2739 1418 2828 scapulasque
1449 2739 1626 2830 pelle
1673 2751 1740 2808 et
1768 2760 1976 2807 carne
2026 2749 2258 2815 tectas,
2317 2749 2554 2826 pectus
2584 2759 2748 2805 cum

199 2828 509 2898 cratibus
544 2828 859 2906 laterum,
902 2828 1200 2914 denique
1249 2828 1520 2917 spinam
1555 2828 1744 2899 dorsi
1779 2850 1940 2896 cum
1992 2826 2274 2896 renibus
2308 2827 2738 2894 invenerunt.

202 2921 481 2986 Pannus
512 2918 743 2996 etiam,
788 2938 925 3002 quo
957 2939 1230 2985 sacrum
1266 2939 1519 3017 corpus
1568 2917 1887 2986 trecentis
1912 2927 1976 2984 et
2003 2914 2511 3004 quinquaginta
2538 2914 2748 2984 annis

200 3006 601 3076 obvolutum
674 3004 916 3085 fuerat,
992 3006 1207 3076 instar
1268 3007 1446 3075 nivis
1495 3006 1838 3074 candidus
1899 3019 1963 3073 et
2031 3003 2232 3092 plane
2297 3005 2746 3091 incorruptus

200 3106 367 3165 erat.
438 3100 604 3164 Cum
655 3108 886 3163 autem
937 3094 1063 3162 hae
1112 3116 1346 3163 sacrae
1395 3093 1729 3180 reliquiae
1785 3095 1877 3162 ita
1925 3093 2487 3169 ostenderentur,
2545 3091 2750 3160 multi

204 3184 588 3273 paralytici,
619 3182 876 3261 claudi,
913 3183 1129 3262 curvi,
1165 3184 1522 3262 contracti,
1565 3184 1761 3252 humi
1796 3206 1867 3251 re
1924 3195 2166 3261 tantes,
2204 3182 2499 3271 gibbosi,
2532 3182 2743 3257 caeci,

201 3274 398 3354 muti,
452 3272 908 3351 daemoniaci,
965 3273 1215 3351 manci,
1273 3271 1760 3351 febricitanteS,
1822 3295 1860 3340 a
1894 3271 2115 3358 iisque
2171 3272 2461 3340 diversis
2520 3270 2747 3338 affecti

198 3362 484 3443 morbis,
540 3382 675 3430 non
738 3360 939 3450 pauci
986 3360 1193 3428 etiam
1262 3362 1511 3430 mortui
1572 3374 1636 3429 et
1695 3362 1765 3429 in
1817 3362 2015 3447 aquis
2068 3360 2387 3440 extincti,
2443 3380 2744 3445 quorum

198 3452 515 3521 omnium
565 3471 902 3520 numerus
967 3450 1384 3539 quingentos
1442 3450 1817 3531 excederet,
1871 3450 2092 3519 curati
2165 3462 2367 3518 sunt:
2443 3461 2521 3516 ut
2569 3445 2744 3514 nihil

200 3537 519 3610 dicamus
568 3538 653 3607 de
706 3539 1045 3627 jumentis
1076 3594 1090 3619 ‚
1144 3540 1401 3625 quibus
1450 3562 1664 3626 aeque
1711 3552 1812 3608 est
1863 3539 2174 3607 restituta
2248 3538 2530 3606 sanitas.
2586 3540 2746 3604 Acta

200 3641 360 3698 sunt
406 3629 577 3699 haec
625 3649 808 3697 anno
858 3628 1253 3697 Dominicae
1311 3629 1810 3698 incarnationis
1859 3649 2190 3697 mcccxxvii
2241 3628 2370 3696 sub
2424 3624 2744 3714 Philippo

200 3715 587 3787 Coloniensi
633 3717 874 3786 Archie
931 3716 1185 3805 iscop0,
1240 3729 1304 3786 et
1353 3718 1646 3786 Henrico
1682 3717 1957 3785 Abbate.
1995 3716 2120 3784 Sed
2175 3738 2298 3785 nec
2348 3715 2550 3783 hodie
2583 3736 2745 3781 san-

199 3805 287 3871 cti
326 3807 650 3897 martyris
681 3807 853 3877 bene
883 3805 1034 3876 iciis
1082 3805 1512 3887 fraudantur,
1568 3807 1689 3892 qui
1745 3805 2101 3874 humiliter
2148 3827 2225 3873 ac
2269 3805 2378 3893 pie
2428 3804 2743 3871 incorru-

203 3903 351 3977 ptas
395 3897 780 4055 etiafrfnnum
828 3895 1140 3986 corporis
1186 3896 1336 3985 ejus
1392 3894 1722 3983 reliquias
1787 3895 2115 3976 invisunt,
2170 3908 2234 3964 et
2282 3891 2634 3983 supplices
2682 3890 2743 3959 ei

207 4000 434 4067 preces
474 4009 511 4055 o
568 3996 794 4056 erunt.
