3357 4995
207 345 430 409 JUNII
487 344 567 406 r¹6
1046 363 1123 409 DE
1171 361 1226 408 s,
1283 362 1605 409 numanus
1664 361 1917 409 vmcme
2537 348 2665 411 419

209 443 461 534 spiritu
512 442 650 522 Dei,
704 453 792 524 et,
827 454 904 511 ut
945 442 1119 510 liber
1169 443 1341 512 vitae
1380 443 1530 530 ejus
1580 454 1885 522 testatur,
1934 442 2275 531 permulta
2316 444 2378 512 ei
2420 446 2752 516 Dominus

206 531 549 602 revelavit.
605 532 818 600 Ambo
864 553 937 599 er
986 554 1026 600 o
1075 531 1175 599 illi
1224 553 1304 600 ex
1349 532 1583 600 divina
1638 532 2044 601 revelatione
2094 532 2271 601 inter
2330 555 2401 601 se
2458 555 2752 602 consen—

206 622 491 699 tienteS,
547 619 832 688 moniali
900 620 1001 688 ili
1071 620 1383 708 protinus
1434 621 1955 690 mandaverunt.
2013 620 2136 688 Illa
2201 643 2354 690 mox
2423 623 2751 690 membris

207 710 534 779 omnibus
567 709 869 798 obriguit
908 721 973 778 et
1017 721 1362 778 contracta
1402 723 1524 790 est,
1575 710 1879 796 adeoque
1918 732 1995 780 os
2043 710 2196 797 ejus
2236 711 2745 790 obstruebatur,

208 810 288 869 ut
337 820 462 867 nec
493 796 770 867 cultello
810 811 1035 887 posset
1065 798 1501 884 aliquatenus
1534 799 1811 898 aperiri.
1851 797 2045 881 Quod
2083 812 2155 867 ut
2198 799 2514 868 viderunt
2546 799 2745 877 aliae,

211 887 428 956 multo
469 885 746 956 horrore
791 898 1166 974 correptae,
1200 887 1390 957 flexis
1439 887 1731 977 gembus
1757 910 1876 977 pro
1917 887 2035 955 illa
2087 888 2455 956 Dominum
2508 888 2752 978 depre-

210 977 567 1046 cabantur.
628 975 749 1044 Ubi
797 976 884 1043 ab
923 976 1231 1045 oratione
1278 989 1745 1052 surrexerunt,
1798 976 2154 1045 confestim
2197 977 2317 1045 illa
2345 990 2583 1045 curata
2621 990 2745 1058 est,

211 1086 631 1152 sumensque
677 1065 938 1145 cibum,
992 1064 1369 1134 confortata
1414 1077 1552 1134 est:
1607 1077 1810 1151 atque
1857 1065 1942 1132 ab
1999 1064 2116 1134 illo
2164 1064 2274 1133 die
2322 1066 2409 1134 ab
2459 1065 2577 1134 illo
2619 1066 2751 1134 im-

210 1164 478 1244 postore
525 1154 777 1243 spiritu
818 1152 1103 1223 liberata
1140 1166 1262 1222 est.
1308 1155 1536 1222 Tantis
1571 1166 1800 1223 autem
1836 1165 2068 1243 postea
2117 1155 2519 1223 meritorum
2558 1176 2751 1253 prae-

206 1242 554 1333 rogativiS,
612 1253 684 1312 ut
730 1265 856 1343 ego
884 1243 1030 1331 ipse
1063 1243 1223 1322 vidi,
1255 1243 1593 1322 excelluit,
1630 1256 1705 1311 ut
1735 1264 1864 1310 non
1896 1242 2119 1314 solum
2164 1242 2316 1331 ipsa
2358 1242 2751 1312 illuminata

209 1333 277 1400 in
316 1331 614 1401 tenebris
661 1331 799 1400 dim
849 1345 1096 1421 posset,
1138 1331 1253 1403 sed
1305 1332 1508 1400 etiam
1562 1332 1814 1402 multos
1845 1331 2016 1400 alios
2063 1332 2132 1398 in
2164 1332 2462 1401 tenebris
2489 1332 2746 1422 degen-

208 1434 331 1499 teS,
389 1442 655 1489 morum
698 1421 1028 1511 exemplis
1080 1421 1509 1489 illuminarit.
1548 1420 1700 1488 Vidi
1747 1442 1872 1510 ego
1930 1420 2322 1498 monialem.
2371 1420 2748 1507 quamdam

208 1508 661 1580 Cistertiensis
691 1509 992 1590 ordinis,
1048 1509 1533 1579 multis‘annis
1572 1532 1611 1577 a
1661 1510 1994 1578 daemone
2024 1521 2352 1590 vexatam,
2406 1531 2615 1595 quam
2666 1510 2750 1578 ad

209 1620 281 1666 se
329 1598 743 1678 adductam,
801 1599 1016 1668 multa
1086 1620 1365 1686 precum
1444 1620 1729 1667 suarum
1795 1599 2144 1676 instantia,
2201 1597 2533 1667 liberavit.
2599 1598 2752 1666 Vidi

207 1687 409 1755 etiam
460 1687 666 1755 aliam
724 1709 765 1755 a
823 1688 1242 1773 nequissimo
1290 1687 1622 1755 daemone
1674 1687 2036 1775 permultis
2083 1687 2286 1755 annis
2347 1686 2744 1756 incredibili

209 1775 494 1845 libidine
545 1774 903 1865 pollutam,
957 1789 1158 1862 atque
1205 1777 1356 1865 ejus
1406 1775 1723 1865 precibus
1772 1788 2099 1874 ereptam.

293 1869 329 1950 ξ
381 1869 548 1937 21).
597 1864 909 1934 Monialis
932 1865 1270 1950 quaedam
1304 1865 1717 1933 Benedictini
1751 1864 2065 1944 instituti,
2092 1864 2402 1933 Jolendis
2440 1864 2736 1942 nomine,

206 1953 276 2020 in
311 1954 748 2032 monasteri0‚
801 1954 984 2039 quod
1037 1954 1361 2022 Sambrae
1415 1954 1701 2041 adjacet,
1755 1953 2034 2043 degenS,
2091 1952 2335 2021 mundi
2369 1952 2732 2029 illecebris,

205 2041 437 2110 dedita
469 2042 617 2110 suit:
677 2042 946 2112 hortatu
993 2055 1222 2112 autem
1266 2044 1414 2132 piae
1468 2042 1826 2121 foeminae,
1881 2043 1966 2110 ad
2001 2042 2451 2128 Aquirianum
2507 2063 2740 2109 mona-

206 2131 495 2200 sterium
546 2130 947 2200 convolavit.
1004 2137 1157 2200 Erat
1204 2153 1451 2219 genere
1493 2130 1744 2199 nobilis
1782 2145 1845 2198 et
1891 2130 2383 2200 delicatissimo
2432 2152 2741 2218 corpore.

205 2224 334 2287 Pro
383 2240 463 2286 ea
516 2218 873 2308 Lutgardis
926 2221 1290 2288 Dominum
1327 2221 1825 2288 instantissime
1871 2220 2107 2299 oravit,
2147 2232 2222 2287 ut
2263 2233 2327 2286 et
2363 2231 2634 2306 peccata
2684 2219 2748 2285 ei

207 2307 608 2386 remitteret,
643 2321 708 2376 et
745 2310 1036 2398 gratiam
1086 2309 1462 2378 devotionis
1512 2308 1923 2377 infunderet.
1979 2313 2117 2376 Non
2176 2307 2392 2394 potuit
2440 2306 2789 2375 Christus·

210 2416 465 2483 negare
496 2396 913 2486 deprecanti,
953 2397 1133 2483 quod
1188 2398 1399 2488 petiit.
1439 2397 1772 2466 Perducta
1821 2410 1922 2464 est
1953 2397 2270 2464 Jolendis
2311 2394 2429 2463 illa
2458 2394 2542 2463 ad
2596 2416 2752 2463 san-

207 2500 355 2553 ctae
405 2486 940 2555 conversationis
990 2500 1267 2556 statum:
1307 2510 1603 2573 cumque
1661 2485 1801 2554 illic
1851 2486 2052 2556 annis
2104 2485 2425 2575 plurimis
2465 2483 2753 2553 Domino

207 2575 551 2654 servisset,
611 2576 627 2641 i
685 2598 759 2643 so
808 2575 1147 2645 revelante
1181 2577 1544 2666 praescivit
1575 2577 1836 2644 obitum
1875 2597 2105 2643 suum.
2142 2574 2484 2643 Accedens
2526 2573 2753 2659 itaque

205 2663 293 2731 ad
355 2668 606 2753 Lutgar
656 2687 764 2732 em
818 2678 1103 2733 matrem
1156 2666 1223 2732 in
1276 2666 1538 2734 Christo
1593 2678 1658 2733 et
1704 2664 2058 2733 dominam
2110 2686 2345 2732 suam:
2403 2667 2528 2731 Pro
2583 2685 2744 2741 me,

210 2752 462 2838 inquit,
524 2753 883 2822 Dominum
939 2754 1155 2822 multa
1207 2754 1525 2822 instantia
1578 2753 2002 2844 depreceris:
2034 2754 2179 2840 jam
2215 2752 2399 2820 enim
2436 2750 2755 2819 adventat

208 2840 371 2910 finis
419 2841 593 2909 vitae
642 2864 855 2911 meae.
903 2842 1278 2932 Respondit
1338 2843 1746 2931 Lutgardis:
1808 2840 2152 2930 intrepida
2199 2851 2478 2929 expecta
2530 2841 2753 2908 Domi-

208 2951 405 3010 num,
452 2944 635 2999 certa
683 2953 838 3000 sum
888 2932 1071 2999 enim
1123 2931 1493 3000 clementer
1525 2954 1684 3000 eum
1736 2945 2051 3000 acturum
2089 2942 2337 3004 tecum,
2392 2943 2456 2997 et
2506 2952 2542 2997 a
2597 2951 2751 3018 poe-

210 3018 341 3095 nis,
397 3040 571 3105 quas
607 3021 1031 3100 reformidaS,
1073 3021 1258 3089 brevi
1302 3033 1360 3088 te
1394 3033 1883 3090 extracturum.
1934 3025 2031 3088 Tu
2080 3042 2235 3087 vero
2334 3031 2438 3088 ost
2484 3019 2747 3087 obitum

208 3109 568 3177 revertaris
601 3108 686 3177 ad
724 3130 854 3189 me,
891 3110 1006 3177 sed
1041 3110 1345 3195 primum
1376 3109 1608 3191 dicito,
1651 3109 2056 3179 Benedicite:
2093 3109 2250 3177 dein
2307 3130 2342 3174 e
2373 3107 2751 3176 orationem

210 3197 636 3267 Dominicam
675 3219 831 3267 cum
862 3198 1174 3287 angelica
1204 3197 1612 3267 salutatione
1642 3199 1906 3277 reciteS,
1944 3221 2028 3265 ne
2063 3220 2186 3266 suo
2217 3217 2404 3264 more
2434 3194 2753 3264 diabolus

212 3284 492 3371 aliquod
562 3286 970 3376 figmentum
1041 3287 1358 3356 adducat.
1416 3294 1678 3357 Mortua
1750 3302 1850 3356 est
1901 3309 2107 3375 ergo,
2153 3299 2229 3355 ut
2277 3284 2748 3374 praedixerat,

205 3373 524 3445 Jolendis
572 3398 729 3444 cum
785 3376 1044 3465 ingenti
1097 3377 1381 3465 spiritus
1419 3377 1723 3460 {fervore
1777 3389 1841 3445 et
1906 3375 2199 3443 necdum
2255 3374 2534 3462 triginta
2610 3371 2756 3439 dies

208 3462 541 3543 abierant,
580 3487 737 3533 cum
791 3465 910 3533 illa
951 3466 1171 3534 oranti
1211 3465 1531 3554 Lutgardi
1564 3466 1987 3554 apparuit,et
2035 3465 2285 3553 primO,
2331 3461 2751 3530 Benedicite:

206 3551 454 3621 deinde
483 3565 746 3623 caetera
774 3554 968 3622 dixit.
1018 3554 1377 3643 Lutgardis
1409 3576 1570 3622 erro
1621 3554 2066 3643 respondens,
2108 3559 2340 3629 Amen,
2389 3573 2542 3618 mox
2588 3551 2754 3619 sub-

197 3641 481 3728 junxit:
559 3642 910 3724 Quomodo
984 3643 1248 3713 habes?
1297 3648 1372 3711 At
1443 3644 1608 3711 ila:
1689 3642 2057 3721 Dominus,
2113 3641 2228 3717 ait,
2287 3662 2422 3707 non
2484 3651 2585 3707 est
2649 3660 2755 3705 me

207 3730 646 3801 abominatus
712 3745 988 3822 propter
1042 3732 1517 3801 enormitatem
1572 3744 2005 3820 peccatorum
2046 3751 2398 3807 meorum,
2462 3727 2573 3795 sed
2638 3740 2754 3795 tua

207 3821 416 3887 causa
450 3842 773 3909 magnam
827 3821 1000 3888 mihi
1053 3820 1387 3911 praestitit
1450 3820 2019 3888 misericordiam.
2075 3817 2268 3899 Quod
2333 3818 2455 3886 ubi
2517 3816 2740 3914 dixit,

212 3921 483 3995 repente
514 3909 887 3980 abscessit:
933 3910 1292 4000 Lutgardis
1348 3931 1500 3978 vero
1549 3932 1710 3978 cum
1777 3908 2011 3978 multis
2062 3907 2385 3994 lacrymis
2445 3905 2752 3973 divinam

208 4017 371 4084 erga
403 4012 791 4084 peccatores
823 3999 1259 4068 clementiam
1294 3998 1616 4067 laudavit.
1637 3999 1798 4088 Ejus
1824 4018 2098 4084 quoque
2138 4015 2332 4064 soror
2364 3992 2748 4063 secundum

207 4106 510 4166 carnem,
564 4102 715 4175 post
749 4100 1035 4157 mortem
1087 4089 1171 4157 ad
1226 4089 1704 4177 Purgatorium
1757 4088 2088 4177 migrans,
2147 4086 2551 4174 priusquam
2589 4086 2748 4178 Lut-

205 4172 442 4264 gardis
475 4176 843 4264 quicquam
883 4178 966 4246 de
1004 4178 1154 4267 ejus
1203 4177 1490 4247 decessu
1521 4176 1973 4265 cognovisset,
2023 4171 2448 4243 lamentabili
2485 4190 2751 4268 voce-in

204 4266 361 4332 aere
390 4262 707 4336 clamavit
744 4291 756 4333 :
815 4268 1129 4336 Miserere
1157 4266 1569 4335 charissima
1590 4287 1804 4345 soror,
1852 4265 2176 4333 miserere
2217 4263 2374 4341 mei,
2409 4281 2534 4328 nec
2577 4258 2752 4355 mibi

201 4374 416 4442 neges
466 4351 1033 4437 misericordiam,
1091 4377 1300 4442 quam
1351 4355 1506 4424 aliis
1554 4355 1924 4425 animabus
1986 4351 2352 4442 impendis.
2413 4347 2747 4417 Intellexit

202 4441 323 4511 illa
349 4442 419 4510 in
447 4442 764 4531 precibus
784 4457 1121 4534 prostrata
1147 4445 1398 4515 sororis
1421 4445 1724 4514 animam
1752 4465 2031 4534 procum
2062 4442 2388 4529 suffragia
2411 4448 2743 4526 expetere,
