3357 4995
707 339 832 401 ⁴80
1418 356 1495 400 m:
1543 356 1597 402 s.
1651 353 2013 402 noni-namo
2062 353 2363 401 EPISCOPO
2852 338 3071 403 JUNII
3123 340 3170 403 6

615 440 854 510 eadem
905 450 1103 529 gente
1143 438 1367 507 locum
1420 459 1584 507 suae
1635 439 2059 538 imposturae
2110 439 2444 507 inveniret
2476 438 2530 506 *.
2564 443 2721 507 Erat
2754 439 2815 508 is
2842 440 3166 510 omnium

616 529 978 598 hominum
1014 526 1606 607 sceleratissimus,
1642 531 1895 614 Delque
1924 540 1988 596 et
2014 527 2327 596 omnium
2358 535 2947 598 sacramentorum
3005 529 3169 616 ejus

618 617 962 702 totiusque
1011 616 1366 706 religionis
1412 628 1477 684 et
1516 615 1942 686 Christianae
1970 615 2134 686 fidei
2169 615 2412 695 hostis,
2456 616 2551 686 ita
2576 627 2655 686 ut
2693 616 3169 686 ministerium

617 706 1110 795 Episcoporum
1160 716 1226 775 et
1274 703 1703 773 sacerdotum
1745 703 1917 773 nihil
1952 726 2102 774 esse
2134 703 2413 785 diceret,
2459 717 2524 773 et
2550 706 2974 776 sacrosancti
3003 711 3170 776 Cor-

616 794 803 884 poris
850 807 915 862 et
963 793 1339 883 Sanguinis
1388 792 1654 862 Domini
1711 793 1927 864 nostri
1974 799 2141 863 Jesu
2190 793 2437 863 Christi
2492 794 3025 883 perceptionem,
3074 794 3170 864 ad

616 883 906 952 salutem
962 893 1359 972 perpetuam
1414 881 1736 971 prodesse
1786 904 1868 950 ne
1920 893 2086 951 aret.
2134 887 2370 970 Itaque
2407 881 2606 951 illum
2638 883 3005 972 populum,
3044 884 3171 953 cui

622 972 756 1039 'am
812 994 928 1061 per
977 970 1191 1040 multa
1246 984 1552 1060 tempora
1602 972 1849 1040 veritas
1948 992 2146 1041 orum
2216 971 2543 1040 nunciata
2604 993 2740 1041 non
2790 970 3034 1052 fuerat,
3089 973 3168 1040 in

669 1081 745 1128 os
793 1082 1058 1129 errores
1109 1059 1400 1128 induxit.
1456 1058 1835 1128 Credebant
1882 1060 1985 1140 ei,
2057 1071 2123 1129 et
2162 1059 2627 1145 sequebantur
2673 1081 2845 1138 eum,
2891 1060 3174 1131 circiter

616 1149 746 1217 tria
783 1148 999 1217 millia
1048 1161 1497 1228 armatorum,
1538 1170 1663 1216 nec
1711 1160 1855 1217 erat
1898 1152 2041 1217 Dux
2091 1160 2210 1218 aut
2244 1149 2626 1238 Episcopus
2680 1148 2780 1218 vel
2838 1150 3172 1238 princeps

613 1237 733 1324 qui
782 1237 1063 1306 auderet
1109 1237 1171 1306 ei
1224 1237 1535 1306 resistere
1585 1236 1683 1305 vel
1737 1258 2120 1317 occurrere,
2164 1257 2287 1306 nec
2319 1250 2478 1307 ante
2503 1258 2686 1316 eum,
2738 1237 2874 1305 nisi
2903 1249 3169 1308 sectam

616 1326 771 1412 ejus
818 1326 1366 1416 amplecteretur,
1411 1347 1764 1414 apparere.
1803 1331 1969 1402 Cum
2022 1326 2318 1414 pretioso
2351 1337 2690 1415 apparatu
2738 1327 2808 1393 in
2861 1326 3173 1397 vestibus

617 1415 965 1484 deauratis
1018 1413 1394 1493 incedebat,
1456 1414 2479 1504 verbisque,persuasibilibus
2537 1437 2646 1484 ma
2704 1415 2946 1501 nisque
2994 1437 3175 1484 con-

617 1503 951 1572 viviorum
1010 1503 1459 1592 apparatibus
1517 1503 2057 1573 benevolentiam
2120 1525 2358 1571 eorum
2420 1502 2503 1572 ad
2558 1525 2629 1572 se
2683 1503 2987 1572 ucendos
3034 1525 3169 1574 eos

617 1591 1083 1661 exhauriebat.
1138 1597 1269 1660 Res
1320 1592 1493 1660 inira
1538 1606 1601 1661 et
1649 1591 2032 1682 stupenda:
2107 1592 2393 1661 lotiones
2453 1591 2605 1681 ejus
2669 1591 3043 1674 bibebant,
3100 1607 3173 1663 et

616 1680 1068 1767 reliquiarum
1123 1680 1267 1749 loco
1316 1680 1793 1769 absportantes
1836 1679 2317 1750 recondebant.
2357 1684 2436 1749 Et
2481 1703 2640 1751 cum
2694 1680 2874 1750 filias
2910 1682 2978 1749 in
3017 1693 3209 1749 ma-'

617 1782 801 1838 trum
856 1770 1280 1859 praesentia,
1346 1791 1775 1859 sponsasque
1839 1769 2106 1839 maritis
2174 1768 2570 1840 videntibus
2636 1781 3167 1859 corrumperet,

618 1880 796 1947 opus
844 1858 1204 1948 spirituale
1256 1857 1321 1925 id
1372 1880 1520 1927 esse
1560 1858 1932 1938 asserebat,
1997 1858 2367 1937 intantum,
2424 1871 2499 1929 ut
2550 1856 2890 1926 infelicem
2942 1879 3016 1928 se
3063 1858 3175 1928 di-

618 1959 798 2016 ceret
830 1948 948 2034 qui
1000 1947 1163 2016 huic
1213 1947 1685 2036 conjunctioni
1739 1946 2039 2016 nefariae
2087 1947 2363 2016 misceri
2405 1969 2540 2017 non
2593 1946 2980 2017 meruisset.

705 2038 740 2122 ἓ
791 2041 955 2110 40.
1011 2041 1189 2105 Haec
1239 2035 1642 2125 turpissima
1668 2048 1732 2104 et
1766 2035 2163 2106 detestanda
2207 2035 2511 2105 hominis
2541 2035 2923 2124 impostura
2949 2035 3164 2106 etiam

622 2137 775 2214 post
826 2138 1112 2194 mortem
1162 2124 1315 2213 ejus
1347 2125 1670 2213 extirpari
1724 2124 2121 2194 nullatenus
2174 2125 2413 2213 potuit,
2455 2122 2998 2194 licetduodecim
3028 2125 3173 2195 cle-

620 2213 920 2282 ricorum
974 2214 1413 2302 congregatio
1463 2213 1547 2282 ab
1612 2213 1948 2303 Episcopo
2015 2214 2082 2280 in
2148 2211 2536 2282 subsidium
2603 2211 2981 2282 sacerdotis
3043 2215 3171 2300 qui

621 2301 810 2371 solus
842 2315 987 2370 erat
1030 2302 1103 2368 fn
1154 2301 1446 2372 ecclesia
1495 2302 1712 2371 sancti
1780 2300 2151 2381 MichaeliS,
2190 2300 2499 2371 instituta
2548 2313 2747 2369 esset.
2785 2305 2959 2372 Tum
3010 2325 3174 2372 vero

621 2389 855 2460 clerici
903 2404 966 2460 et
1013 2391 1345 2459 charitate
1371 2405 1435 2458 et
1462 2390 1759 2459 evidenti
1804 2390 2199 2460 necessitate
2248 2402 2555 2480 cogente,
2595 2389 2772 2478 patri
2803 2390 3166 2462 Nortberto

618 2492 685 2548 et
733 2479 1061 2549 fratribus
1108 2480 1255 2567 ejus
1308 2503 1425 2569 per
1485 2501 1769 2549 manum
1806 2479 2123 2570 Episcopi
2174 2477 2350 2548 hanc
2383 2478 2745 2549 ecclesiam
2795 2501 2958 2549 cum
3009 2481 3170 2567 qui-

617 2568 913 2639 busdam
967 2568 1354 2638 redditibus
1402 2568 1764 2647 dederunt,
1830 2568 2252 2637 confidentes
2297 2568 2477 2655 quod
2536 2572 2711 2637 Deus
2763 2568 3025 2637 meritis
3074 2569 3159 2637 il-

618 2657 757 2727 lius
796 2672 861 2728 et
910 2657 1223 2736 fratrum,
1286 2657 1672 2726 mortiferae
1724 2658 1932 2746 pestis
1972 2656 2274 2727 auferret
2319 2656 2698 2731 saevitiam.
2751 2668 2816 2725 et
2864 2656 3167 2727 tenebris

616 2748 662 2814 ir
695 2748 1046 2815 norantiae
1095 2745 1430 2834 depulsis,
1488 2745 1721 2816 lumen
1774 2746 2074 2815 veritatis
2124 2758 2492 2835 repararet.
2532 2750 2860 2834 Suscepta
2906 2757 3008 2833 est
3055 2768 3168 2815 ec-

621 2771 853 2915 diesin,
911 2849 975 2904 et
1021 2834 1250 2904 clerici
1305 2835 1372 2902 in
1425 2835 1661 2904 eodem
1690 2834 1945 2925 oppido
1972 2834 2178 2903 aliam
2210 2834 2339 2902 sibi
2382 2833 2943 2903 aedificaverunt:
2981 2855 3167 2919 quae

619 2938 952 3010 utraeque
1004 2936 1281 2991 manent
1322 2945 1540 3009 usque
1590 2925 1659 2991 in
1705 2922 2118 2992 hodiernum
2150 2922 2361 3002 diem,
2416 2923 2529 2992 Dei
2573 2923 2846 2994 servitio
2896 2924 3166 2992 manci-

620 3026 840 3101 patae.
886 3018 961 3080 At
1011 3025 1201 3101 pater
1249 3012 1669 3091 Nortbertus,
1727 3012 1979 3101 peritos
2028 3011 2269 3082 fratres
2318 3012 2412 3081 ibi
2439 3011 2799 3080 collocavit
2830 3011 2950 3097 qui
2986 3032 3164 3080 mor-

622 3100 817 3170 tifero
867 3100 1134 3168 vulneri
1183 3100 1384 3169 vitale
1436 3102 2015 3170 medicamentum
2045 3113 2492 3190 apponerent.
2524 3104 2759 3186 Itaque
2789 3113 3169 3190 coeperunt
3221 3161 3224 3164 ,

623 3203 689 3257 et
754 3188 888 3279 ipsi
952 3189 1293 3257 seminare
1344 3189 1624 3259 verbum
1683 3190 1818 3268 Dei,
1873 3202 1936 3257 et
1983 3189 2256 3275 eloquia
2305 3188 2625 3258 faucibus
2666 3209 2906 3265 eorum
2958 3211 3169 3279 super

624 3277 755 3347 mel
792 3290 855 3346 et
905 3276 1131 3345 favum
1169 3277 1401 3346 dulcia
1452 3279 1843 3433 propinare,
1898 3278 2196 3347 infirmis
2260 3277 2695 3367 pulmentum
2764 3276 3164 3350 dulcedinis

623 3367 1117 3443 ministrantes,
1176 3378 1238 3434 et
1286 3365 1442 3435 debi
1478 3366 1634 3436 ibus
1685 3388 1931 3456 panem
1981 3367 2098 3451 qui
2150 3390 2268 3436 cor
2316 3366 2616 3435 hominis
2663 3366 3050 3447 confirmat,
3105 3379 3169 3436 et

623 3455 831 3524 vitam
886 3465 1182 3544 praestat
1228 3467 1616 3533 aeternam,
1683 3456 2207 3525 annunciantes.
2275 3455 2557 3545 Ajebant
2602 3455 2831 3523 enim:
2906 3460 3169 3525 Fratres

625 3566 711 3611 ne
762 3543 1158 3621 miremini,
1229 3557 1292 3611 et
1355 3566 1437 3610 ne
1488 3544 1819 3613 timeatis:
1875 3565 1989 3612 vos
2058 3566 2177 3633 per
2227 3544 2688 3634 ignorantiam
2741 3544 2955 3612 secuti
3003 3544 3168 3612 estis

622 3631 1090 3712 mendacium,
1129 3634 1477 3701 veritatem
1508 3654 1656 3701 esse
1704 3633 2195 3704 existimantes.
2233 3638 2451 3715 Quam
2487 3633 2545 3700 si
2595 3632 2753 3718 quis
2806 3631 2997 3720 prius
3047 3653 3165 3699 vos

622 3721 1028 3799 edocuisset,
1072 3733 1144 3788 ut
1185 3719 1417 3791 faciles
1467 3721 1724 3790 inventi
1782 3722 1945 3791 estis
2008 3721 2090 3791 ad
2147 3720 2623 3811 perditionem,
2678 3720 2778 3788 sic
2827 3718 3168 3789 faciliores

622 3809 926 3879 fuissetis
983 3808 1064 3877 ad
1112 3809 1401 3879 salutem
1443 3811 2026 3896 consequendam.
2061 3809 2429 3880 Audientes
2477 3831 2639 3899 ergo
2688 3807 2975 3895 quidam
3022 3832 3167 3878 ver·

623 3899 819 3978 bum,
864 3912 928 3967 et
978 3898 1284 3967 videntes
1333 3920 1536 3988 opera
1570 3921 1747 3986 quae
1796 3899 2281 3986 sequebantur,
2327 3896 2729 3988 compuncti
2762 3909 3174 3969 revertentes

624 3987 753 4055 viri
803 4001 867 4055 et
915 3986 1263 4067 mulieres,
1314 3993 1573 4078 Corpus
1623 3989 2055 4057 Dominicum
2120 3988 2299 4074 quod
2362 3989 2429 4054 in
2481 3987 2675 4056 cistis
2724 3986 2825 4054 vel
2879 3986 2945 4054 in
2997 3986 3175 4055 fora-

625 4076 935 4145 minibus
986 4098 1103 4165 per
1149 4076 1382 4146 decem
1433 4090 1551 4146 aut
1583 4078 1981 4163 quindecim
2028 4090 2095 4145 et
2141 4098 2218 4145 eo
2269 4076 2573 4165 amplius
2614 4096 2836 4144 annos
2885 4075 3172 4146 abdide-

624 4177 802 4243 rant,
841 4166 1302 4253 reportabant.

711 4255 746 4339 ξ
795 4259 933 4325 41.
991 4260 1154 4323 Cum
1192 4255 1491 4340 quadam
1527 4266 1721 4324 nocte
1770 4255 2297 4324 Praemonstrati
2347 4276 2505 4323 cum
2558 4253 2985 4339 quibusdam
3037 4253 3173 4323 fra-

627 4342 847 4413 tribus
878 4342 1176 4412 infirmis
1224 4357 1287 4411 et
1348 4343 1633 4412 minutis
1685 4342 1842 4433 plus
1885 4342 2083 4411 solito
2134 4342 2519 4419 resedisset,
2577 4342 2661 4411 de
2710 4365 2831 4433 spe
2893 4342 3172 4413 coelesti

672 4469 695 4492 '⁴
726 4470 1038 4510 'tanchelinus
1059 4470 1325 4511 haereticus
1345 4472 1713 4519 antuerpienses
1736 4472 1989 4512 dementat.
