3357 4995
247 323 465 388 JUNII
516 322 601 387 30
976 341 1053 386 ηε
1103 341 1161 386 s.
1216 336 1432 386 mssm
1480 340 1820 388 maumam
1869 336 2070 387 Emsc.
2574 322 2701 386 665

253 425 437 494 velut
487 437 667 494 totus
702 424 769 492 in
824 423 1148 513 lacrymis
1197 423 1531 504 defluenS,
1589 423 2037 514 semetipsum
2085 446 2245 493 curn
2276 445 2528 514 magna
2560 422 2790 493 cordis

250 514 661 583 contritione
714 514 1077 583 mactabat.
1144 514 1351 602 Cujus
1404 526 1469 582 et
1515 513 1723 582 vitam
1759 526 1825 582 et
1854 513 2113 583 exitum
2167 512 2468 600 quodam
2513 534 2793 582 venera—

249 598 412 672 bilis
442 603 617 670 vitae
667 602 985 679 Diacono,
1033 601 1154 686 qui
1195 603 1282 670 ab
1329 622 1408 669 eo
1455 601 1678 671 fuerat
1727 602 2053 681 nutrituS,
2097 602 2422 671 referente
2470 603 2783 692 cognovi.

248 692 483 781 Ajebat
528 691 739 769 enim,
777 690 959 777 quod
995 688 1297 775 quadam
1342 702 1537 759 nocte
1581 691 1734 776 ejus
1783 690 2184 779 Presbytero
2235 712 2355 779 per
2402 690 2625 760 visum
2666 695 2794 760 Do-

251 780 485 849 minus
533 779 769 861 astitit,
826 780 1102 848 dicens:
1144 777 1326 847 Vade
1359 778 1561 848 etdic
1610 779 1987 871 Episcopo:
2026 783 2160 870 Age
2193 779 2375 865 quod
2406 780 2580 868 agis,
2633 800 2794 868 ope-

251 891 398 938 rare
444 868 626 955 quod
671 868 1009 958 operaris:
1058 889 1195 934 non
1247 881 1465 937 cesset
1502 889 1620 957 pes
1670 882 1857 947 tuus,
1914 889 2047 937 non
2098 882 2315 938 cesset
2353 890 2599 936 manus
2637 880 2786 939 tua:

252 957 462 1027 natali
512 956 988 1046 Apostolorum
1041 956 1268 1023 venies
1318 956 1399 1024 ad
1469 978 1617 1036 me,
1678 970 1743 1025 et
1793 957 2162 1026 retribuam
2230 957 2350 1026 tibi
2409 957 2792 1026 mercedem

248 1060 461 1115 tuam.
516 1047 820 1115 Surrexit
869 1044 1274 1133 Presbyter:
1331 1044 1445 1114 sed
1487 1046 1651 1131 quia
1701 1068 1738 1113 e
1794 1046 2018 1114 vicino
2067 1045 2542 1135 Apostolorum
2596 1058 2794 1114 nata-

251 1135 440 1204 litius
488 1133 635 1202 dies
675 1134 1105 1213 imminebat,
1162 1146 1294 1203 tam
1352 1135 1723 1224 propinqui
1763 1136 1989 1204 exitus
2021 1133 2202 1202 diem
2246 1134 2580 1223 Episcopo
2613 1155 2794 1203 nun-

253 1223 437 1292 ciare
488 1223 861 1312 pertimuit.
906 1222 1050 1291 Alia
1085 1235 1281 1291 nocte
1321 1223 1650 1293 Dominus
1684 1223 1909 1304 rediit,
1940 1224 2228 1323 ejusque
2254 1221 2793 1292 inobedientiam

255 1312 690 1380 vehementer
737 1311 1136 1400 increpavit,
1171 1322 1374 1397 atque
1413 1311 1651 1381 eadem
1694 1312 2034 1402 jussionis
2083 1334 2246 1381 suae
2298 1312 2502 1380 verba
2528 1313 2787 1381 retexit.

250 1407 439 1471 Tunc
471 1400 827 1489 Presbyter
860 1402 1175 1479 surrexit,
1212 1412 1285 1468 ut
1321 1415 1652 1490 pergeret,
1699 1401 1815 1471 sed
1853 1423 2096 1469 rursus
2128 1400 2498 1470 infirmitas
2530 1400 2783 1481 cordis,

255 1490 826 1579 impedimentum
877 1488 1053 1558 facta
1101 1501 1204 1557 est
1252 1489 1667 1559 indicandae
1711 1489 2168 1560 revelationis.
2222 1489 2316 1558 Ad
2378 1489 2795 1559 admonitio-

252 1600 407 1647 nem
457 1600 730 1665 quoque
777 1579 1056 1646 iteratae
1095 1577 1437 1666 jussionis
1471 1579 1803 1649 obduruit
1853 1599 2156 1668 pergere,
2191 1591 2256 1648 et
2294 1600 2471 1664 quae
2507 1578 2788 1658 viderat,

252 1668 688 1737 manifestare
737 1667 1054 1756 neglexit.
1090 1666 1218 1735 Sed
1265 1667 1429 1753 quia
1479 1689 1804 1758 magnam
1841 1668 2442 1736 mansuetudinem
2492 1680 2796 1736 contem-

253 1770 405 1846 ptae
465 1756 722 1844 gratiae
772 1756 989 1844 major
1038 1754 1207 1824 solet
1256 1755 1451 1842 sequi
1488 1756 1588 1824 ira
1623 1755 1988 1835 vindictae,
2039 1756 2297 1825 visione
2328 1756 2522 1824 tertia
2566 1756 2797 1826 Domi·

253 1865 384 1912 nus
433 1865 799 1934 apparenS,
844 1846 991 1933 jam
1041 1843 1268 1912 verbis
1301 1844 1570 1913 addidit
1616 1845 1922 1921 verbera,
1960 1857 2191 1914 ettam
2244 1844 2556 1913 districta
2588 1845 2796 1914 caede

254 1943 587 2000 mactatus
620 1946 743 2012 est,
780 1946 857 2002 ut
895 1934 963 2000 in
994 1955 1073 2001 eo
1102 1933 1429 2002 duritiam
1462 1933 1691 2004 cordis
1720 1934 2109 2004 emollirent
2145 1934 2428 2002 vulnera
2455 1935 2788 2023 corporis,

253 2022 558 2091 Surrexit
596 2043 757 2112 ergo
806 2022 1122 2092 eruditus
1160 2042 1239 2090 ex
1283 2023 1579 2101 verbere,
1634 2023 1930 2113 perrexit
1977 2022 2062 2092 ad
2115 2024 2556 2114 Episcopum,
2601 2044 2796 2091 eum-

249 2131 385 2196 que
432 2110 578 2200 jam
627 2133 708 2180 ex
760 2133 946 2180 more
995 2112 1190 2200 juxta
1240 2111 1418 2180 beati
1465 2111 1817 2180 Juvenalis
1868 2112 2191 2200 martyris
2251 2111 2655 2200 sepulcrum
2707 2111 2795 2181 ad

249 2200 674 2269 offerendum
714 2200 1131 2270 sacrificium
1183 2200 1666 2270 consistentem
1703 2200 1974 2290 reperit,
2031 2213 2366 2268 secretum
2411 2223 2450 2269 a
2489 2201 2790 2268 circum-

250 2289 594 2359 stantibus
635 2289 847 2379 petiit,
881 2310 1088 2375 seque
1134 2288 1284 2377 ejus
1318 2289 1613 2377 pedibus
1648 2290 1906 2359 stravit.
1963 2294 2269 2375 Cumque
2297 2311 2456 2357 eum
2491 2288 2791 2358 ubertim

252 2378 528 2446 flentem
565 2378 944 2467 Episcopus
994 2379 1100 2445 vix
1129 2377 1216 2444 ad
1257 2400 1328 2445 se
1361 2376 1582 2446 levare
1631 2378 1988 2467 potuisset,
2030 2377 2497 2466 laerymarum
2547 2399 2796 2448 causas

252 2487 663 2557 cognoscere
712 2467 999 2537 studuit.
1068 2465 1187 2535 llle
1235 2487 1392 2534 vero
1443 2466 1786 2537 relaturus
1835 2466 2148 2536 ordinem
2214 2466 2543 2546 visionis,
2599 2465 2796 2556 prius

252 2557 654 2625 vestimento
701 2578 780 2625 ex
846 2556 1157 2624 humeris
1207 2555 1549 2635 devoluto,
1604 2555 1855 2625 detexit
1905 2557 2145 2647 plagas
2191 2556 2501 2646 corporis
2548 2556 2657 2644 (ut
2704 2554 2800 2624 ita

250 2644 511 2733 dicam)
559 2657 759 2714 testes
813 2645 1114 2714 veritatis
1161 2656 1225 2713 et
1277 2643 1546 2733 culpae,
1602 2647 2008 2714 monstravit
2053 2659 2310 2731 quanta
2360 2644 2800 2713 animadver-

251 2733 443 2804 sione
490 2733 942 2803 districtionis
1001 2733 1311 2802 membra
1361 2733 1551 2804 illius
1600 2747 1878 2822 accepta
1933 2735 2210 2805 verbera
2265 2734 2475 2802 livore
2539 2734 2801 2802 inflicto

252 2822 708 2892 sulcaverant.
763 2827 948 2904 Quae
1001 2843 1153 2891 mox
1187 2833 1262 2890 ut
1301 2823 1684 2912 Episcbpus
1732 2822 1922 2904 vidit,
1953 2823 2329 2899 exhorruit,
2369 2836 2434 2891 et
2470 2823 2630 2908 quis
2668 2822 2802 2892 sibi

253 2911 413 2980 talia
449 2911 667 2980 facere
719 2910 1318 3001 praesumpsisset,
1351 2932 1510 2979 cum
1543 2933 1833 3002 magnae
1866 2911 2480 3002 obstupefactionis
2520 2911 2801 2980 vocibus

253 3000 631 3087 inquisivit.
695 3006 771 3069 At
818 2999 935 3068 ille
988 2998 1365 3089 respondit,
1407 3000 1572 3068 haec
1621 3021 1695 3069 se
1729 3023 1852 3091 pro
1902 3002 2052 3091 ipso
2099 3000 2313 3070 fuisse
2364 3020 2797 3089 perpessum.

251 3089 557 3157 Excrevit
604 3112 764 3159 cum
816 3102 1069 3158 terrore
1117 3087 1504 3157 admiratio.
1561 3089 1689 3157 Sed
1722 3089 1954 3159 nullas
1985 3091 2128 3177 jam
2166 3089 2525 3177 Presbyter
2575 3088 2801 3174 inqui-

253 3177 485 3246 sitioni
534 3179 685 3267 ejus
735 3200 965 3247 moras
1012 3175 1370 3266 adjicienS,
1426 3191 1762 3248 secretum
1816 3178 2251 3248 revelationis
2281 3178 2574 3267 aperuit,
2600 3178 2802 3264 eique

242 3265 595 3355 jussiones
658 3267 1071 3343 Dominicas,
1127 3287 1247 3355 per
1294 3287 1372 3333 ea
1419 3287 1597 3351 quae
1644 3266 1959 3338 audierat
2005 3267 2233 3345 verba,
2304 3267 2642 3344 narravit,
2696 3265 2801 3333 di·

252 3377 446 3425 cens:
488 3379 524 3420 «
578 3362 711 3445 Age
741 3355 926 3442 quod
957 3355 1131 3443 agis,
1173 3374 1457 3443 operare
1504 3355 1688 3441 quod
1724 3356 2074 3446 operaris:
2111 3377 2245 3424 non
2290 3368 2508 3425 cesset
2551 3376 2801 3423 manus

255 3458 394 3524 tua,
452 3464 586 3511 non
646 3457 863 3513 cesset
912 3465 1032 3532 pes
1082 3456 1275 3512 tuus:
1332 3443 1542 3512 natali
1576 3443 2054 3534 Apostolorum
2112 3444 2342 3514 venies
2402 3444 2487 3512 ad
2551 3465 2682 3523 me,
2736 3455 2802 3511 et

252 3533 627 3602 retribuam
684 3532 806 3601 tibi
856 3532 1241 3601 mercedem
1286 3543 1500 3601 tuam.
1545 3555 1579 3598 »
1621 3532 1890 3615 Quibus
1947 3533 2239 3612 auditiS,
2297 3532 2680 3622 Episcopus
2730 3532 2799 3599 in

252 3623 559 3691 oratione
607 3642 680 3691 se
727 3641 886 3690 cum
953 3642 1207 3710 magna
1274 3618 1504 3690 cordis
1572 3622 2009 3691 contrititone
2080 3620 2472 3713 prostravit.
2553 3626 2630 3689 Et
2675 3619 2799 3706 qui

252 3710 612 3780 oblaturus
660 3708 1079 3778 sacrificium
1116 3708 1202 3777 ad
1239 3707 1478 3783 horam
1512 3710 1783 3779 tertiam
1826 3723 2121 3790 venerat,
2160 3710 2287 3779 hoc
2333 3731 2455 3799 pro
2485 3722 2803 3778 extensae

252 3799 581 3869 orationis
622 3821 729 3868 ma
788 3797 1126 3878 nitudine,
1180 3795 1263 3866 ad
1303 3797 1542 3866 horam
1594 3820 1849 3869 nonam
1884 3821 2102 3887 usque
2156 3798 2544 3888 protelavit:
2599 3810 2805 3884 atque

251 3907 333 3955 ex
365 3888 515 3977 ipso
539 3888 688 3978 jam
738 3820 850 3956 die
900 3887 1121 3987 magis
1157 3885 1517 3976 magisque
1564 3901 1767 3957 aucta
1802 3900 1964 3958 sunt
2009 3889 2073 3957 ei
2122 3888 2318 3957 lucra
2360 3888 2657 3976 pietatis,
2699 3885 2803 3954 fa-

254 3986 542 4063 ctusque
571 3989 674 4046 est
706 3990 843 4046 tam
893 3975 1086 4045 fortis
1120 3975 1189 4043 in
1239 3996 1279 4043 o
1331 3996 1467 4055 ere,
1521 3998 1728 4066 quam
1764 3988 1992 4046 certus
2031 3998 2112 4046 ex
2159 3997 2488 4045 munere:
2544 3975 2803 4066 quippe

252 4063 373 4149 qui
421 4086 607 4146 eum,
639 4065 753 4135 cui
800 4064 1068 4135 debitor
1096 4064 1246 4154 ipse
1303 4077 1519 4146 uerat,
1558 4088 1638 4134 ex
1671 4088 1753 4135 ea
1782 4065 2261 4156 promissione,
2294 4066 2443 4155 Jam
2478 4075 2797 4154 coeperat

257 4151 511 4221 habere
547 4154 951 4224 debitorem.

344 4242 381 4328 ξ
430 4243 514 4311 cl.
568 4244 745 4313 Huic
795 4254 1023 4313 autem
1088 4243 1518 4314 consuetudo
1564 4243 1826 4325 fuerat,
1888 4242 2187 4334 singulis
2234 4242 2438 4312 annis
2490 4239 2801 4311 natalitio

256 4328 734 4419 Apostolorum
815 4331 927 4401 die
992 4335 1280 4401 Romam
1343 4332 1617 4402 venire:
1682 4333 1972 4424 jamque
2037 4354 2118 4401 ex
2190 4332 2317 4400 hac
2389 4329 2801 4401 revelatione

256 4431 665 4509 suspectus,
741 4420 972 4490 venire
1034 4421 1236 4512 juxta
1303 4442 1561 4491 morem
1635 4421 1883 4491 noluit.
1954 4419 2203 4492 Eodem
2272 4441 2437 4510 ergo
2496 4429 2801 4508 tempore
