3357 4995
208 336 427 403 JUNII
480 335 562 399 ⁴3
833 352 912 399 nn
960 352 1016 398 s,
1071 350 1360 399 cantiano
1409 348 1707 399 mommo
1756 349 2140 397 cLAnAvALL.
2550 331 2679 395 289

214 434 335 504 sed
381 434 546 520 quia
595 430 891 501 ablatus.
947 436 1024 500 Et
1071 431 1226 501 ideo
1275 430 1587 501 fortassis
1630 429 2006 500 dolendum
2064 428 2237 497 mihi
2286 429 2516 518 potius
2564 451 2772 520 super

213 545 348 603 me,
405 523 526 609 qui
559 521 724 590 bibo
762 519 1050 590 calicem
1101 519 1613 606 amaritudinis.
1671 523 1747 587 Et
1788 518 1979 588 solus
2028 517 2393 598 dolendus,
2448 518 2612 605 quia
2661 541 2772 589 so-

212 611 326 680 lus
374 611 561 680 bibo.
609 615 750 680 Non
788 609 974 678 enim
1010 620 1075 678 et
1124 621 1223 678 tu.
1279 609 1479 678 Solus
1535 629 1662 698 ego
1722 609 1968 698 patior,
2015 606 2201 694 quod
2252 607 2474 677 solent
2517 608 2776 707 pariter

213 702 385 791 pati,
438 700 559 787 qui
593 721 667 767 se
714 698 1040 787 diligunt,
1094 718 1258 768 mm
1293 720 1366 767 se
1396 698 1744 767 amittunt.
1784 696 2057 766 Utinam
2094 717 2230 764 non
2284 709 2344 764 te
2393 697 2768 779 amiserim,

211 789 332 858 sed
368 786 868 879 praemiserim.
928 787 1199 856 Utinam
1240 786 1341 856 vel
1386 785 1578 856 tarde
1611 785 1988 873 aliquando
2020 806 2273 872 sequar
2307 798 2391 866 te,
2431 806 2773 871 quocum-

261 900 351 947 ue
389 877 572 948 leris.
791 911 794 916 -

210 901 253 966 q
303 970 341 1052 ξ
387 972 522 1038 11.
576 970 719 1034 Non
749 965 935 1033 enim
987 964 1320 1043 dubium,
1374 965 1542 1051 quin
1592 963 1678 1033 ad
1732 963 1888 1032 illos
1947 963 2106 1032 ieris
2153 984 2328 1049 quos
2383 963 2567 1031 circa
2629 985 2773 1033 me-

217 1055 412 1123 dium
449 1064 790 1123 extremae
837 1054 1057 1123 noctis
1099 1063 1256 1122 tuae
1285 1053 1629 1122 invitabas
1676 1052 1765 1121 ad
1815 1051 2118 1130 laudem,
2160 1075 2321 1121 cum
2376 1053 2447 1119 in
2486 1051 2683 1121 vultu
2711 1063 2778 1122 et

217 1165 376 1212 voce
423 1143 861 1212 exultationis
910 1142 1138 1212 subito
1186 1141 1478 1232 erupisti
1529 1142 1595 1209 in
1634 1140 1808 1211 illud
1846 1140 2272 1221 Davidicum,
2330 1141 2774 1231 stupentibus

215 1233 340 1319 qui
408 1231 863 1301 assistebant:
921 1232 1218 1300 Laudate
1274 1233 1626 1301 Dominum
1705 1232 1784 1299 de
1849 1232 2047 1316 coelis
2079 1285 2093 1310 ‚
2164 1231 2441 1300 laudate
2506 1254 2657 1299 eum
2704 1234 2775 1299 in

215 1323 523 1389 eoecelsis.
561 1322 722 1389 Jam
766 1320 912 1400 tibi,
953 1320 1159 1389 frater
1206 1321 1325 1400 mi,
1382 1332 1577 1389 nocte
1604 1319 1836 1388 adhuc
1871 1319 2099 1388 media
2130 1319 2499 1398 diescebat,
2531 1331 2596 1389 et
2640 1340 2773 1388 nox

218 1410 397 1478 sicut
435 1409 586 1480 dies
634 1408 1183 1478 illuminabatur.
1225 1414 1509 1479 Prorsus
1545 1408 1664 1477 illa
1717 1430 1848 1477 nox
1898 1408 2318 1477 illuminatio
2372 1420 2488 1476 tua
2539 1409 2607 1475 in
2661 1408 2775 1476 de·

219 1497 401 1566 liciis
451 1497 612 1567 tuis.
668 1501 937 1568 Accitus
969 1519 1123 1567 sum
1165 1521 1200 1565 e
1251 1520 1291 1567 o
1330 1497 1415 1566 ad
1465 1497 1536 1566 id
1587 1497 1933 1576 miraculi,
1973 1497 2200 1566 videre
2240 1497 2658 1567 exultantem
2701 1498 2771 1564 in

218 1598 438 1655 morte
483 1586 882 1666 hominem,
935 1599 999 1656 et
1051 1587 1210 1656 insu
1245 1599 1498 1656 tantem
1551 1588 1780 1655 morti.
1864 1588 1984 1654 Ubi
2032 1597 2149 1664 est,
2206 1609 2423 1665 mov-3,
2488 1588 2775 1654 victoria
2834 1591 2839 1598 “

225 1677 408 1744 tua?
452 1678 573 1743 Ubi
620 1687 747 1756 est,
805 1698 1004 1756 mov-S,
1063 1677 1380 1744 stimulus
1422 1677 1634 1744 tuus?
1688 1676 1850 1745 Jam
1892 1696 2029 1742 non
2093 1674 2441 1753 stimuluS,
2497 1674 2615 1742 sed
2654 1675 2775 1763 ju-

221 1763 439 1833 bilus.
499 1769 576 1831 In
622 1764 966 1833 cantando
996 1765 1287 1833 moritur
1316 1764 1546 1845 hom0‚
1599 1773 1664 1832 et
1695 1763 2052 1832 moriendo
2101 1775 2349 1832 cantat.
2410 1763 2775 1852 Usurparis

228 1851 315 1921 ad
371 1851 723 1932 laetitiam,
780 1864 997 1921 mater
1030 1854 1396 1923 moeroris:
1437 1853 1804 1942 usurparis
1837 1851 1923 1920 ad
1974 1850 2290 1940 gloriam,
2333 1851 2593 1941 gloriae
2641 1852 2776 1920 ini-

225 1941 434 2009 mica:
479 1941 845 2031 usurparis
884 1941 967 2010 ad
1001 1942 1359 2011 introitum
1411 1963 1481 2010 re
1535 1942 1628 2022 ni,
1670 1953 1865 2032 porta
1916 1939 2137 2021 inferi,
2190 1953 2255 2009 et
2306 1939 2492 2009 fovea
2551 1941 2778 2031 perdi-

221 2030 431 2098 tionis
481 2030 565 2098 ad
618 2030 1077 2099 inventionem
1130 2030 1397 2111 salutiS,
1443 2031 1465 2098 i
1519 2051 1652 2118 que
1685 2030 1773 2098 ab
1823 2029 2101 2098 homine
2152 2043 2526 2119 peccatore.
2574 2031 2777 2100 Juste

218 2117 580 2198 nimirum,
634 2119 798 2204 quia
848 2131 920 2187 tu
969 2119 1204 2206 inique
1237 2120 1307 2187 in
1349 2120 1702 2188 hominem
1754 2118 2187 2187 innocentem
2236 2131 2300 2187 et
2328 2119 2599 2207 justum
2653 2139 2775 2207 po*

219 2217 528 2275 testatem
572 2208 1004 2286 temerariam
1068 2210 1447 2298 usurpasti.
1505 2213 1768 2277 Mortua
1806 2230 1915 2286 es,
1961 2229 2000 2275 o
2049 2229 2259 2286 morS,
2314 2220 2382 2275 et
2438 2206 2778 2297 perforata

223 2294 432 2364 hamo
478 2316 684 2381 quem
727 2296 1003 2365 incauta
1036 2296 1352 2386 glutiisti,
1404 2296 1607 2386 cujus
1661 2295 1781 2364 illa
1839 2316 1965 2363 vox
2012 2306 2113 2363 est
2164 2297 2229 2362 in
2288 2296 2668 2385 Propheta:
2726 2300 2780 2364 0

219 2405 423 2460 mor-S,
458 2406 564 2451 ero
591 2406 766 2453 mors
810 2396 969 2454 tua:
1016 2409 1274 2454 morsus
1315 2397 1469 2454 tuus
1508 2409 1617 2454 ero
1667 2387 1930 2473 inferne
1957 2385 2191 2467 (Oseae
2238 2385 2407 2472 1111).
2452 2383 2613 2462 1110,
2670 2384 2777 2452 in-

216 2492 456 2559 quam,
509 2472 715 2542 hamo
766 2473 1124 2564 perforata,
1180 2474 1702 2545 transeuntibus
1740 2495 1858 2563 per
1909 2471 2216 2542 medium
2267 2474 2366 2542 tui
2416 2471 2766 2553 fidelibus,

217 2561 436 2632 latum
469 2560 862 2650 laetumque
907 2564 1164 2632 exitum
1215 2563 1465 2653 pandis
1512 2562 1599 2632 ad
1642 2563 1875 2631 vitam.
1932 2562 2276 2631 Gerardus
2329 2575 2390 2630 te
2441 2584 2577 2629 non
2637 2561 2772 2630 for—

225 2649 446 2718 mIdat
477 2649 754 2719 larvalis
802 2651 1087 2741 efligies.
1141 2653 1484 2722 Gerardus
1543 2672 1664 2741 per
1721 2649 1985 2720 medias
2036 2648 2266 2721 fauces
2318 2662 2471 2720 tuas
2530 2650 2777 2721 transit

222 2738 308 2807 ad
362 2740 682 2827 patriam,
732 2762 867 2809 non
906 2740 1110 2809 modo
1159 2762 1472 2820 securuS,
1519 2741 1635 2810 sed
1687 2753 1752 2808 et
1785 2738 2251 2810 laetabundus
2297 2752 2361 2808 et
2392 2738 2710 2808 laudans,

307 2829 344 2914 ξ
392 2832 541 2899 ίῡ.
598 2833 765 2897 Cum
814 2851 978 2919 ergo
1011 2830 1597 2919 supervenissem,
1653 2841 1720 2896 et
1767 2840 2075 2896 extrema
2116 2829 2265 2916 jam
2319 2827 2596 2919 psalmi,
2672 2844 2782 2897 me

223 2916 569 2997 audiente,
622 2917 808 2987 clara
856 2939 1018 2987 voce
1056 2919 1488 3007 complesset,
1525 2917 1918 3006 suspiciens
1947 2917 2015 2983 in
2058 2916 2353 2996 coelum,
2391 2917 2507 2986 ait:
2550 2920 2772 2999 Pater,

222 3007 297 3073 in
343 3027 583 3073 manus
632 3017 784 3075 tuas
832 3008 1209 3076 commmatio
1266 3009 1581 3098 spiritum
1627 3027 1891 3074 meum..
1936 3011 2009 3074 Et
2073 3018 2387 3095 repetens
2452 3005 2777 3074 eumdem

224 3114 639 3174 sermonem,
678 3118 757 3165 ac
805 3094 1195 3183 frequenter
1243 3096 1705 3186 ingeminans,
1748 3100 1964 3174 Pater,
2022 3107 2234 3182 pater,
2281 3117 2656 3164 conversus
2686 3094 2777 3162 ad

224 3203 360 3262 me,
412 3183 788 3254 exhilarata
826 3184 1106 3272 quidem
1143 3185 1338 3253 facie:
1375 3190 1664 3266 Quanta,
1703 3184 1947 3268 inquit,
1980 3182 2287 3273 dignatio
2320 3185 2454 3263 Dei,
2514 3196 2776 3274 patrem

225 3270 592 3340 hominum
640 3293 812 3343 esse:
864 3286 1122 3359 quanta
1173 3273 1534 3342 hominum
1594 3271 1853 3372 gloria,
1914 3272 2024 3339 Dei
2074 3270 2256 3340 filios
2304 3294 2453 3342 esse
2500 3285 2565 3341 et
2614 3272 2777 3341 hae-

227 3358 480 3427 redes?
528 3365 698 3429 Nam
736 3364 798 3431 si
834 3365 992 3452 filii.
1046 3373 1107 3430 et
1157 3363 1498 3431 haeredes.
1555 3364 1664 3429 Sic
1712 3363 2069 3441 cantabat,
2129 3381 2337 3447 quem
2387 3383 2510 3430 nos
2588 3360 2780 3451 luge-

225 3468 410 3516 mus,
471 3453 543 3516 In
585 3471 724 3537 quo
770 3463 834 3520 et
882 3471 1115 3520 meum
1140 3450 1414 3540 (fateor)
1450 3449 1715 3518 luctum
1766 3470 1938 3537 pene
1968 3449 2037 3516 in
2089 3463 2370 3518 cantum
2419 3450 2773 3528 convertit,

227 3535 397 3605 dum
451 3538 754 3608 intentus
788 3539 1046 3630 gloriae
1075 3540 1249 3629 ejus,
1305 3560 1428 3629 pro
1483 3538 1622 3607 riae
1664 3536 1803 3606 fere
1837 3538 2153 3607 miseriae
2201 3537 2589 3607 obliviscor.
2648 3538 2779 3606 Sed

229 3630 500 3696 revocat
534 3649 644 3697 me
691 3627 777 3697 ad
830 3650 938 3697 me
986 3649 1308 3719 pungens
1331 3628 1430 3696 ‘do
1459 3649 1560 3707 or,
1606 3625 1944 3713 facileque
1992 3647 2032 3694 a
2063 3648 2301 3696 sereno
2350 3625 2468 3695 illo
2525 3627 2782 3695 intuitu

230 3728 567 3803 tanquam
609 3740 649 3785 a
696 3717 826 3786 levi
875 3718 1121 3787 excitat
1155 3738 1402 3788 somno
1438 3715 1916 3806 perstringens
1961 3715 2295 3785 anxietas.
2370 3726 2373 3727 *

320 3807 358 3892 ξ
408 3808 554 3876 18.
611 3806 938 3897 Plangam
989 3807 1222 3898 igitur,
1291 3805 1409 3874 sed
1462 3826 1671 3895 super
1720 3825 1854 3883 me,
1912 3804 2075 3891 quia
2123 3826 2334 3894 super
2381 3804 2580 3873 illum
2632 3803 2782 3891 jam

227 3903 410 3963 vetat
439 3895 632 3963 ratio.
692 3901 857 3966 Puto
888 3896 1098 3976 enim,
1138 3895 1198 3964 si
1230 3894 1714 3985 opportunitas
1762 3892 2067 3972 daretur,
2104 3893 2305 3962 modo
2355 3893 2611 3962 diceret
2660 3914 2785 3961 no-

227 3983 382 4054 his:
419 3987 637 4052 Nolite
684 3984 845 4073 flere
871 4008 1076 4075 super
1116 4007 1243 4062 me,
1301 3985 1417 4053 sed
1451 4005 1654 4074 supet·
1680 3985 1972 4072 vosipsos
2000 3982 2175 4081 flete.
2232 3982 2500 4051 Planxit
2546 3982 2784 4051 merito

232 4071 450 4141 David
503 4094 714 4162 super
744 4072 1091 4163 parricida
1136 4072 1305 4152 filio,
1366 4073 1483 4142 cui
1527 4083 1858 4162 perpetuo
1919 4085 2123 4141 sciret
2169 4071 2597 4142 obstructum
2647 4070 2788 4139 exi—

235 4174 384 4230 tum
416 4159 502 4229 de
550 4174 782 4232 ventre
817 4163 1057 4233 mortis
1102 4161 1284 4232 mole
1330 4160 1670 4231 criminis.
1729 4159 1963 4229 Merito
2003 4182 2215 4260 super
2254 4160 2414 4231 Saul
2464 4172 2528 4229 et
2578 4180 2786 4250 super

229 4249 630 4319 Jonatham:
664 4251 923 4337 quibus
955 4273 1172 4338 aeque
1200 4250 1544 4341 absorptis
1583 4247 1822 4327 semel,
1860 4269 2153 4319 emersio
2192 4250 2342 4339 jam
2383 4272 2521 4319 non
2550 4270 2788 4349 spera-

232 4337 464 4408 batur.
511 4343 589 4408 Et
620 4338 902 4426 quidem
953 4342 1335 4432 resurgent,
1374 4339 1495 4410 sed
1543 4359 1681 4408 non
1732 4337 1818 4407 ad
1868 4337 2107 4408 vitam.
2154 4343 2376 4407 Immo
2414 4337 2502 4407 ad
2542 4348 2777 4416 v1tam,

232 4440 314 4496 ut
359 4427 496 4495 vivi
544 4426 618 4496 in
676 4440 892 4500 morte
946 4427 1296 4501 infelicius
1346 4428 1755 4501 moriantur.
1813 4430 2243 4516 Quamquam
2317 4427 2404 4498 de
2447 4426 2781 4512 Jonatha,

394 4539 639 4599 surius
668 4568 695 4618 :
723 4537 887 4603 Vitae
926 4534 1034 4602 ss.
1068 4569 1092 4583 -
1115 4537 1244 4600 voi.
1276 4536 1376 4599 vi.
2441 4541 2444 4544 ⁴
2554 4535 2627 4598 19
