3357 4995
651 316 779 380 202
1267 335 1343 380 nn
1391 334 1446 380 s.
1500 333 1782 383 nonnam
1830 336 2068 383 ΑΒΒΑΤΕ
2108 323 2392 382 elstane.
2792 319 2829 383 J
2840 317 3009 382 UNH
3059 319 3096 382 7

561 418 750 486 illam
801 419 886 487 ab
922 419 1193 508 impuro
1242 440 1472 488 amore
1511 420 1881 508 proficisci.
1928 427 2080 489 Jam
2134 419 2507 488 multorum
2558 441 2760 489 aures
2823 419 2928 487 illi
3000 419 3105 488 in-

563 508 899 585 fecerant,
965 519 1030 576 et
1077 507 1350 575 tandem
1402 508 1606 577 etiam
1680 509 1761 577 ad
1838 510 2112 578 beatum
2164 508 2586 577 Bernardum
2629 508 3103 594 querimoniae

564 596 826 664 delatae
857 609 1038 664 sunt.
1095 596 1186 664 Ad
1229 614 1394 665 eum·
1439 618 1600 688 ergo
1633 620 1793 666 cum
1848 599 2140 668 venisset
2173 598 2274 664 vir
2308 597 2446 676 Dei,
2485 597 2688 686 cujus
2735 609 2799 666 et
2849 619 3100 666 nomen

563 698 626 753 et
662 685 981 753 meritum
1022 687 1090 752 in
1125 686 1378 773 spiritu
1416 686 1563 774 jam
1616 686 1718 754 illi
1768 687 2137 755 revelatum
2175 698 2341 764 erat,
2383 685 2643 754 vocavit
2683 707 2841 755 eum
2893 685 2979 754 ad
3028 708 3103 754 se

561 787 844 850 secreto,
899 773 1204 859 dixitque
1253 773 1350 841 ei:
1420 780 1647 844 Frater
1700 775 2007 848 Roberte.
2063 775 2233 845 salsa
2290 788 2449 844 sunt
2508 795 2587 842 ea
2634 773 2868 843 omnia
2925 796 3103 860 quae

563 862 842 931 sinistra
877 862 1179 952 suspicio
1227 863 1312 930 de
1362 875 1422 931 te
1463 864 1750 953 sparsit:
1805 877 2010 952 atque
2060 865 2128 930 in
2164 864 2419 933 amoris
2466 876 2953 952 argumentum
2986 863 3102 931 de—

563 951 662 1019 dit
693 952 753 1019 ei
797 973 1034 1020 zonam
1088 972 1309 1028 suam,
1345 974 1519 1037 quae
1561 953 1831 1023 meritis
1874 955 2235 1038 utriusque
2272 952 2508 1021 multis
2540 963 2773 1041 postea
2807 950 3101 1040 aegrotis

561 1040 977 1109 beneficium
1020 1040 1333 1109 sanitatis
1380 1041 1628 1109 attulit.

652 1131 687 1214 ξ
733 1133 807 1198 ³3.
865 1133 1154 1197 Sanctus
1201 1128 1535 1198 Godricus
1563 1130 1597 1159 ⁸*
1629 1130 1751 1198 viri
1805 1131 1918 1198 Dei
1966 1130 2427 1200 confessiones
2477 1129 2779 1227 recipere
2809 1128 3093 1198 solebat.

562 1217 652 1286 Ad
705 1240 861 1285 eum
903 1238 1063 1306 ergo
1097 1217 1335 1286 crebro
1392 1218 1779 1296 accedebat,
1831 1233 1895 1287 et
1943 1219 2119 1288 inter
2167 1239 2237 1287 se
2278 1218 2360 1285 de
2425 1217 2681 1286 morbis
2744 1217 3094 1298 vitiorum,

565 1309 888 1374 virtutum
941 1306 1285 1384 remediis,
1344 1307 1641 1393 itemque
1681 1308 1765 1374 de
1818 1308 2094 1377 secretis
2148 1306 2582 1385 coelestibuS,
2622 1306 2955 1396 angelicis
3006 1308 3102 1375 vi-

567 1395 1002 1466 sitationibus
1031 1409 1094 1462 et
1120 1408 1513 1464 sanctorum
1567 1398 1965 1486 patrociniis
1992 1395 2438 1472 conferentes,
2476 1395 2657 1463 diem
2691 1416 2850 1464 cum
2884 1396 3098 1463 nocti-

563 1487 694 1553 bus
727 1483 1241 1576 continuabant.
1297 1489 1362 1554 Is
1413 1485 1747 1553 Godricus
1783 1508 1862 1554 eo
1914 1497 2235 1574 tempore,
2290 1505 2424 1571 quo
2474 1484 2577 1550 vir
2613 1484 2725 1551 Dei
2780 1484 3103 1583 migravit

564 1595 599 1640 e
663 1594 966 1661 corpore,
1025 1573 1090 1639 in
1142 1572 1314 1641 cella
1355 1596 1476 1641 sua
1525 1596 1834 1652 manem,
1889 1574 2062 1642 duos
2111 1595 2346 1640 muros
2393 1572 2728 1641 candidos
2769 1572 2958 1651 vidit,
3014 1572 3100 1640 ad

565 1662 832 1736 coelum
886 1683 1104 1746 usque
1139 1675 1502 1749 porrectos.
1559 1667 1633 1730 In
1689 1663 1771 1731 iis
1820 1676 2045 1731 autem
2097 1674 2230 1730 tres
2262 1661 2554 1744 ansrelici
2590 1662 2876 1750 spiritus
2925 1662 3101 1730 vise·
3177 1684 3182 1688 ’

491 1775 492 1778 ’
565 1751 842 1842 bantur,
897 1751 1017 1835 qui
1082 1751 1384 1819 animam
1439 1751 1609 1820 beati
1667 1752 1793 1818 viri
1842 1752 1910 1818 in
1983 1751 2208 1841 specie
2256 1713 2442 1840 glo⁸bi
2505 1750 2689 1839 ignei
2740 1749 2823 1818 ad
2874 1748 3101 1818 coelos

566 1838 984 1907 deferebant.
1046 1844 1230 1907 Unus
1279 1861 1358 1907 ex
1396 1839 1483 1908 iis
1516 1863 1554 1907 a
1595 1840 1870 1921 dextriS,
1908 1839 2078 1909 alter
2109 1863 2147 1907 a
2179 1839 2497 1907 sinistris*
2524 1850 2698 1906 erat:
2753 1838 2869 1906 sed
2908 1861 3103 1928 prae-

569 1941 668 1995 ter
717 1927 868 1995 illos
919 1928 1156 1996 tertius
1205 1927 1488 2013 quidam
1549 1952 1581 1998 s
1636 1929 1834 1998 iritus
1883 1951 2091 2017 supra
2140 1929 2450 1996 omnium
2506 1928 2818 1995 verticem
2885 1929 3104 1996 nimia

571 2038 727 2084 cum
788 2016 1196 2084 exultatione
1269 2016 1587 2084 antecede
1640 2032 1727 2084 at.
1798 2023 1938 2086 Non
1988 2018 2198 2096 enim,
2254 2017 2508 2101 inquit,
2582 2016 2952 2096 Godricus‚
3010 2017 3129 2084 ita*

569 2105 971 2193 disponente
1001 2106 1307 2183 Domino,
1364 2105 1552 2173 solus
1585 2129 1621 2174 a
1657 2128 1775 2174 coi·
1826 2128 1940 2175 ore
1971 2105 2304 2174 Robertus
2355 2106 2649 2194 migrare
2700 2104 2942 2194 potuit,
2980 2105 3100 2173 sed

568 2215 726 2261 cum
777 2217 855 2262 eo
903 2194 1240 2279 quaedam
1273 2194 1491 2262 bonae
1541 2197 1713 2263 vitae
1788 2197 2081 2270 nemina,
2138 2193 2379 2262 Editha
2428 2195 2726 2272 nomine,
2782 2193 3097 2262 decessit.

570 2283 708 2350 Etsi
769 2296 993 2351 autem
1050 2282 1272 2372 longis
1313 2297 1646 2351 terrarum
1700 2284 1941 2373 spatiis
1988 2306 2025 2351 a
2087 2305 2156 2352 se
2206 2283 2460 2352 fuerint
2506 2282 2825 2381 separati,
2882 2294 2950 2350 at
3000 2296 3102 2350 ta-

569 2392 722 2438 men
760 2371 993 2439 eadem
1046 2372 1208 2438 hora
1255 2372 1320 2437 in
1377 2393 1515 2439 una
1547 2373 1991 2442 beatitudinis
2039 2385 2216 2441 sorte
2252 2386 2413 2440 sunt
2445 2372 2818 2457 conjuncti.
2873 2376 3103 2439 Irrue-

566 2472 728 2528 runt
758 2475 984 2530 autern
1016 2460 1082 2527 in
1134 2481 1496 2530 occursum
1535 2460 1710 2530 beati
1746 2462 1871 2531 viri
1913 2462 2198 2551 spiritus
2247 2483 2571 2547 nequam,
2625 2460 2743 2529 sed
2768 2481 3101 2558 ,pugnan-

570 2550 752 2618 tibus
795 2572 915 2639 pro
947 2571 1022 2616 eo
1072 2548 1338 2638 angelis
1375 2551 1511 2625 Dei,
1546 2549 1644 2618 illi
1678 2574 1803 2619 sua
1847 2554 2219 2619 temeritate
2248 2550 2629 2640 pudefiunt‚
2661 2564 2725 2617 et
2766 2550 2832 2617 in
2864 2570 3093 2618 sinum

568 2639 874 2706 Abrahae
924 2638 1258 2706 Robertus
1308 2638 1553 2707 Christi
1585 2662 1822 2709 servus
1852 2640 2272 2729 deportatur.
2311 2639 2490 2707 Obiit
2527 2638 2625 2706 vir
2660 2638 2771 2706 Dei
2809 2639 3100 2726 septimo

570 2727 734 2796 Idus
762 2728 979 2797 Junii.
1034 2748 1215 2794 anno
1248 2732 1323 2794 R.
1366 2732 1431 2796 S.
1477 2749 1682 2797 nicmx.
2056 2742 2061 2749 *
2716 2740 2731 2758 ⁴

655 2819 690 2901 ξ
739 2819 818 2885 S.
875 2815 1164 2897 Quidam
1215 2837 1293 2883 ex
1347 2818 1582 2884 matris
1613 2830 1804 2887 utero
1838 2830 2093 2897 mutuS,
2135 2817 2255 2884 diu
2302 2838 2461 2884 cum
2495 2816 2732 2885 multis
2773 2814 3101 2914 lacrymis

570 2905 786 2973 sancti
830 2905 1124 2972 Thomae
1175 2906 1496 2993 martyris
1543 2927 1740 2995 opem
1784 2904 2197 2994 imploravit.
2254 2906 2322 2972 Ei
2377 2905 2649 2975 tandem
2717 2925 2832 2993 per
2871 2926 3103 2995 visum

568 2994 887 3081 apparuit
954 3004 1230 3061 sanctus
1296 2993 1611 3072 Thomas,
1668 2994 2016 3083 jussitque
2064 3016 2219 3063 eum
2271 2993 2578 3062 celeriter
2622 2991 2962 3084 proficisci
3014 2993 3101 3062 ad

567 3104 822 3150 novum
868 3082 1384 3159 monasterium,
1440 3083 1558 3155 ubi
1590 3106 1627 3150 a
1662 3095 1897 3151 sancto
1949 3084 2237 3152 Roberto
2284 3082 2538 3152 Abbate
2588 3082 2956 3171 perfectam
2992 3103 3103 3151 es-

571 3183 668 3240 set
703 3171 874 3239 citra
922 3169 1214 3238 dubium
1269 3170 1628 3239 sanitatem
1681 3171 2080 3262 adepturus,
2120 3177 2194 3239 At.
2242 3170 2358 3240 ille
2404 3172 2477 3238 in
2516 3172 2748 3240 animo
2804 3185 2940 3239 suo·
2980 3170 3103 3240 ob-

570 3280 1038 3327 murmurans.
1093 3259 1281 3339 Quis,
1329 3259 1575 3343 inquit,
1633 3260 1805 3327 mihi
1856 3260 1954 3328 vel
1992 3261 2255 3329 itineris
2282 3260 2420 3328 dux
2445 3260 2593 3340 erit,
2629 3259 2728 3327 vel
2780 3272 3106 3349 sumptus

571 3349 992 3417 necessarios
1033 3347 1433 3436 praebebit?
1482 3348 1858 3437 Respondit
1905 3362 2188 3418 sanctus
2237 3348 2565 3417 Thomas:
2623 3347 2744 3417 Ille
2793 3349 2911 3417 tibi
2964 3347 3104 3417 dux

569 3440 716 3515 erit,
775 3436 894 3521 qui
943 3436 1145 3504 verbo
1184 3449 1432 3504 cuncta
1477 3437 1751 3505 creavit.
1808 3437 2104 3507 Credidit
2150 3437 2379 3517 hom0‚
2433 3449 2497 3506 et
2544 3436 2762 3506 laetus
2821 3458 2899 3505 eo
2950 3457 3106 3525 per-

569 3526 889 3602 veniens,
970 3535 1275 3613 optatum
1341 3525 1522 3594 vocis
1584 3524 1995 3594 beneficium
2075 3528 2411 3615 percepit,
2488 3525 2782 3594 laudans
2862 3530 3101 3594 Deum.

571 3615 778 3713 Multa
827 3613 960 3681 alia
1018 3614 1120 3681 vir
1168 3612 1279 3680 Dei
1332 3614 1662 3682 miracula
1710 3614 1958 3694 edidit,
2024 3636 2201 3701 quae
2251 3613 2892 3684 studio-brevitatis
2942 3624 3107 3683 sunt

570 3724 848 3772 omissa.

619 3864 645 3884 ⁴·
675 3863 853 3902 Colitur
875 3863 924 3900 iu
946 3862 1117 3902 Ordine
1143 3863 1183 3903 S.
1212 3861 1454 3903 Benedicti
1474 3867 1518 3903 ct
1540 3865 1775 3913 aliquibus
1800 3867 1849 3905 in
1869 3866 2058 3913 angliae
2076 3866 2191 3905 locis
2214 3874 2290 3905 xxx
2313 3864 2434 3913 maji.
