3357 4995
698 301 828 368 530
2800 297 3020 368 timu
3070 303 3164 366 25

1749 471 1997 550 VITA

1041 716 1125 817 S.
1197 714 1698 817 PROSPERI
1791 710 2107 816 EPlSC.
2180 711 2714 815 REGlENSlS

1120 974 1405 1023 AUCTORE
1427 973 1668 1022 mamm
1694 973 1969 1023 ANTONIO
1999 974 2298 1022 rhammo
2325 973 2643 1023 motmsl.

1002 1172 1276 1230 Floruit
1315 1172 1496 1228 circa
1534 1173 1706 1228 med.
1752 1172 1812 1226 V
1853 1186 2028 1228 saec.
2078 1200 2152 1212 -—
2194 1168 2426 1228 Patria
2465 1149 2741 1230 incerta.

700 1377 738 1462 ξ
782 1380 860 1447 1.
913 1377 1157 1443 Beatus
1215 1377 1503 1461 Prosper
1555 1371 1909 1462 Regiensis
1955 1372 2358 1462 EpiscopuS,
2415 1373 2515 1441 vir
2561 1372 2846 1460 quidem
2905 1372 3155 1444 multi-

617 1462 781 1554 plici
819 1461 1126 1531 doctrina
1173 1475 1236 1530 et
1285 1460 1640 1531 sanctitate
1689 1461 2005 1551 insigniS,
2049 1483 2125 1531 ex
2153 1484 2289 1549 qua
2324 1462 2495 1531 urbe
2524 1461 2864 1549 quibusve
2895 1484 3152 1562 paren-

617 1550 801 1622 tibus
838 1562 1028 1620 ortus
1059 1549 1282 1630 fuerit,
1337 1571 1471 1620 non
1522 1550 1688 1619 satis
1725 1562 2150 1640 compertum
2185 1548 2543 1622 habemus.
2580 1549 2762 1619 lllud
2790 1564 2956 1620 satis
2983 1573 3156 1622 con-

616 1652 769 1720 stat,
802 1638 1211 1726 Aquitanum
1254 1638 1466 1708 fuisse
1506 1639 1645 1795 (aet
1689 1638 1810 1726 qui
1858 1661 2018 1709 cum
2054 1638 2283 1709 adhuc
2331 1639 2399 1708 in
2493 1639 2667 1709 atria
2711 1651 2911 1720 esset,
2968 1641 3150 1710 mira

606 1729 774 1820 jecit
818 1727 1088 1799 futurae
1137 1727 1514 1797 sanctitatis
1592 1729 2032 1809 undamenta,
2085 1726 2362 1798 futurus
2399 1661 2773 1816 aliquando
2805 1728 2870 1796 in
2911 1728 3147 1798 Eccle—

613 1818 716 1887 sia
752 1816 866 1886 Dei
899 1814 1336 1907 praefulgens
1372 1815 1569 1916 longe
1596 1816 1862 1903 lateque
1904 1816 2207 1887 lucerna.
2246 1821 2410 1887 Cum
2442 1829 2671 1888 autem
2708 1838 2944 1887 sacrae
2972 1819 3151 1887 scri-

614 1915 855 1997 pturae
901 1905 1223 1976 assiduus
1269 1928 1347 1974 ac
1382 1905 1680 1996 diligens
1715 1905 1924 1975 lector
1953 1917 2152 1988 esset,
2207 1927 2284 1975 ac
2332 1905 2721 1992 frequenter
2780 1905 3144 1996 Evangeli-

616 2006 874 2064 starum
927 1993 1141 2063 libros
1186 1994 1257 2062 in
1312 1994 1634 2064 manibus
1685 1994 1983 2074 haberet,
2037 1994 2369 2064 divinitus
2401 1994 2460 2064 ei
2495 1994 2768 2065 oblatus
2800 2006 2902 2063 est
2951 1993 3149 2065 locus

617 2081 756 2163 ille,
792 2082 915 2152 ubi
954 2082 1259 2151 Christus
1289 2082 1657 2170 quemdam
1692 2082 2035 2163 admonet,
2073 2082 2351 2152 dicens:
2385 2086 2463 2153 Si
2483 2085 2586 2152 vis
2608 2086 2950 2174 perfectus
2979 2107 3142 2166 esse,

617 2173 803 2251 vade,
845 2173 1052 2240 vende
1089 2173 1311 2241 omnia
1341 2194 1513 2262 quae
1562 2172 1783 2252 habes,
1822 2182 1885 2242 et
1932 2174 2021 2240 da
2065 2173 2495 2262 pauperebus
2540 2183 2604 2241 et
2650 2173 2825 2253 veni,
2867 2195 2937 2241 se
2985 2196 3145 2242 uere

616 2284 744 2330 me.
787 2261 1007 2351 Igitur
1033 2258 1249 2329 divini
1295 2259 1563 2331 consilii
1615 2282 1750 2330 non
1792 2260 2046 2330 surdus
2093 2273 2212 2329 aut
2250 2260 2481 2350 segnis
2528 2260 2822 2342 auditor,
2867 2283 2907 2331 a
2987 2283 3140 2331 eam

619 2371 691 2419 se
741 2362 930 2419 ratus
980 2347 1461 2438 perfectionem
1514 2349 1760 2428 vocari,
1813 2349 2036 2439 coepit
2080 2348 2431 2431 continuO,
2475 2362 2550 2419 ut
2600 2347 2824 2418 fidelis
2870 2351 3141 2419 Domini

618 2438 729 2509 sui
776 2437 1206 2528 dispensator
1253 2439 1589 2508 bonorum
1638 2459 1815 2526 quae
1865 2437 2277 2529 possidebat,
2315 2438 2491 2508 inter
2524 2459 2860 2530 pauperes
2894 2438 3141 2509 Christi

619 2549 781 2597 suas
828 2526 1182 2596 facultates
1230 2526 1676 2597 distribuere:
1710 2540 1785 2596 ut
1820 2549 2043 2597 rerum
2079 2538 2500 2597 terrenarum
2535 2529 2806 2597 sarcina
2849 2528 3134 2607 levatuS,

616 2615 970 2705 expeditus
1009 2637 1087 2685 ac
1136 2614 1308 2685 liber
1354 2616 1692 2685 Christum
1746 2637 1817 2686 se
1867 2627 2214 2686 vocantem
2274 2631 2693 2704 sequeretur,
2732 2638 2813 2686 ac
2861 2615 2958 2684 illi
3007 2617 3141 2686 soli

617 2717 918 2775 vacaret:
951 2704 1163 2774 servis
1208 2704 1410 2773 etiam
1460 2716 1524 2772 et
1571 2703 1844 2774 ancillis
1886 2704 2190 2775 libertate
2221 2705 2516 2779 donatis,
2553 2710 2837 2775 Romam
2868 2725 2933 2775 se
2966 2726 3136 2773 con-

619 2792 813 2876 tulit,
868 2804 944 2862 ut
989 2790 1323 2862 celebrem
1386 2793 1455 2861 in
1515 2804 1649 2862 toto
1697 2793 1860 2863 orbe
1907 2794 2301 2884 principum
2360 2794 2836 2884 Apostolorum
2897 2792 3138 2864 aedem

612 2883 878 2951 viseret.
933 2887 1308 2951 Romanam
1362 2894 1522 2951 tunc
1562 2882 1930 2951 Ecclesiam
1968 2882 2447 2953 sanctissimus
2484 2907 2563 2952 ac
2593 2882 3143 2954 facundissimus

616 2970 915 3041 Pontifex
967 2975 1092 3039 Leo
1140 2970 1408 3060 primus
1455 2970 2001 3041 administrabat:
2055 2970 2141 3040 ad
2189 2993 2392 3059 quem
2445 2993 2598 3040 mox
2637 2972 2805 3042 tanti
2842 2971 2964 3040 viri
3015 2971 3143 3040 ad-

613 3072 853 3130 ventus
900 3058 1080 3128 fama
1128 3073 1227 3128 est
1277 3058 1568 3149 perlata:
1605 3060 1809 3149 cujus
1842 3058 2117 3128 videndi
2152 3060 2324 3128 miro
2349 3061 2688 3130 desiderio
2720 3072 2964 3142 tactuS,
2997 3082 3141 3130 non

617 3149 811 3240 prius
860 3148 1136 3227 destitit,
1198 3169 1403 3234 quam
1457 3146 1651 3216 illum
1707 3148 1774 3216 in
1827 3170 2031 3218 suum
2089 3148 2463 3239 hospitium
2522 3149 2815 3220 attraxit.
2870 3154 3144 3231 Quanta

613 3259 769 3306 vero
807 3237 1133 3306 charitate
1181 3236 1376 3305 illum
1414 3237 1812 3327 susceperit,
1851 3250 1917 3306 et
1939 3247 2202 3393 guanto
2242 3237 2329 3306 sit
2358 3237 2641 3309 affectus
2689 3236 2966 3328 gaudio,
3014 3239 3142 3307 ubi

614 3348 686 3395 se
725 3326 926 3395 talem
962 3346 1108 3395 esse
1159 3337 1437 3395 nactum
1486 3325 1821 3415 hospitem
1873 3326 1936 3394 vi
1988 3325 2059 3407 it,
2104 3324 2244 3395 dici
2286 3348 2642 3414 nunquam
2691 3339 2955 3417 posset:
3014 3349 3144 3397 nec

611 3414 808 3484 aliter
873 3413 1151 3501 quidem
1214 3413 1490 3503 gavisus
1536 3428 1658 3493 est,
1714 3435 1922 3502 quam
1970 3436 2047 3483 ex
2079 3413 2374 3485 adventu
2422 3415 2617 3486 Pauli
2663 3420 2940 3485 Petrum
2980 3438 3136 3486 esse

608 3504 929 3575 laetatum
979 3502 1298 3594 legimus.

695 3595 732 3679 ξ
782 3598 870 3663 2.
924 3592 1204 3662 Videbat
1250 3593 1431 3662 enim
1482 3592 1659 3661 inter
1706 3603 1990 3671 caetera,
2053 3614 2229 3680 quae
2268 3614 2462 3662 suam
2517 3592 2843 3664 laetitiam
2892 3617 3145 3665 cumu-

609 3680 863 3761 labant,
909 3703 1240 3770 magnum
1274 3681 1404 3750 sibi
1456 3692 1756 3770 tempore
1783 3681 2077 3750 maxime
2108 3694 2493 3771 opportuno
2523 3681 2904 3772 adjutorem
2935 3706 2975 3752 a
3003 3688 3142 3752 Deo

607 3770 925 3850 missum,
964 3769 1413 3839 invalescente
1442 3769 1744 3856 quotidie
1781 3768 2000 3861 magis
2031 3769 2319 3840 diversis
2368 3771 2435 3839 in
2475 3770 2668 3852 locis„
2722 3772 3141 3863 praecipue-

604 3880 738 3945 que
779 3858 846 3926 in
880 3858 1363 3939 OrientalihuS,
1401 3858 1795 3929 Nestoriana
1825 3872 1890 3927 et
1920 3859 2341 3949 Eutychiana
2375 3859 2664 3942 haeresi,
2703 3882 2881 3948 quae
2916 3882 3135 3932 unam

602 3959 869 4018 tantum
909 3949 975 4016 in
1013 3946 1274 4018 Christo
1324 3959 1635 4017 naturam
1689 3948 2050 4017 asserebat.
2086 3947 2178 4018 Ad
2226 3970 2434 4035 qnam
2484 3949 2917 4019 evertendam
2972 3951 3136 4019 bea·

602 4046 748 4105 tum
782 4042 1188 4126 Prosperum
1238 4059 1395 4106 cum
1448 4035 1685 4106 multis
1733 4036 1886 4107 aliis
1937 4042 2281 4106 Romanae
2316 4036 2655 4108 Ecclesiae
2689 4038 3136 4129 praesulibus

604 4125 813 4207 misit,
867 4125 985 4212 qui
1034 4125 1412 4195 secundum
1468 4125 1885 4195 sanctionem
1936 4124 2309 4196 catholicae
2357 4126 2566 4207 fidei,
2624 4127 3140 4218 promulgatam

654 4323 718 4374 (α)
747 4322 874 4363 Hanc
906 4323 1090 4374 ingenio
1119 4332 1206 4363 suo
1239 4327 1285 4362 et
1316 4333 1370 4362 ex
1399 4324 1539 4364 meris
1573 4324 1858 4372 conjecturis
1885 4321 2133 4372 descripsit
2162 4324 2316 4364 Vitam
2343 4325 2602 4365 Flaminius
2632 4325 2712 4374 qui
2746 4326 2793 4363 et
2826 4325 2941 4365 allas
2971 4326 3048 4364 SS.
3068 4325 3144 4364 hi·

605 4377 773 4417 storias
802 4376 949 4416 edidit
975 4377 1098 4416 circa
1128 4386 1294 4417 uuxvx.
1326 4377 1594 4416 mendosam
1623 4380 1893 4421 AQm'rAmct
1931 4375 2357 4418 denominationem
2388 4378 2431 4417 S.
2459 4376 2687 4427 Episcopo
2716 4380 2971 4428 praetium
2997 4380 3047 4418 in
3077 4376 3142 4418 ti·

602 4430 704 4471 tulo
723 4428 982 4471 abt-:simus
1002 4432 1127 4477 (Vide
1146 4432 1243 4471 Not.
1264 4442 1349 4481 seq.
1367 4443 1412 4479 p.
1432 4432 1536 4477 534).
