3357 4995
701 363 826 428 448
1431 378 1508 424 nn
1556 379 1610 424 s,
1666 375 1977 424 ounwato
2026 376 2324 424 Eriscono
2832 358 3056 424 JU¹NII
3112 359 3155 422 6

607 482 747 530 uno
799 472 1058 530 tantum
1109 459 1354 528 comite
1400 468 1782 535 contentus,
1853 479 1931 526 eo
1979 479 2050 526 se
2095 456 2378 537 confert,
2432 468 2497 526 et
2551 457 2767 526 instar
2826 457 3156 545 antiquo-

612 571 766 618 rum
803 547 1243 617 eremitarum
1294 544 1688 637 angustum‘
1723 546 1852 615 sibi
1906 544 1976 614 in
2017 545 2168 647 ipsa
2217 568 2391 635 rupe
2436 544 2869 640 domicilium
2917 547 3163 615 excin-

615 638 737 706 dit.
806 643 1070 707 Fratres
1114 623 1283 706 ⁴¹vero
1345 635 1766 715 monasterii,
1822 656 1997 721 quos
2034 656 2181 725 Jam
2210 634 2498 704 salutari
2547 635 2979 704 institutione
3019 635 3166 703 im-

612 725 875 804 buerat,
911 726 1060 816 ejus
1090 725 1468 794 absentiam
1507 745 1641 792 non
1684 723 1999 805 ferenteS,
2031 723 2288 810 ubique
2312 745 2470 792 eum
2506 724 2866 811 inquirunt
2900 724 3012 814 pia
3041 746 3121 794 so
3144 766 3160 772 -

612 813 992 884 licitudine.
1047 814 1347 883 Tandem
1387 826 1732 903 repertum
1768 813 1837 881 in
1884 812 2220 881 foramine
2270 825 2518 901 petrae,
2566 812 2781 881 immo
2828 812 2900 880 in
2953 817 3164 882 Petra

609 903 730 972 illa
777 923 952 990 quae
1001 903 1309 972 Christus
1355 913 1478 980 est,
1532 901 1808 970 student
1854 902 2055 970 etiam
2110 901 2237 990 ipsi
2275 901 2425 990 ejus
2472 914 2781 970 sanctam
2815 900 3166 992 simplici-

610 1004 814 1060 tatem
864 1005 929 1060 et
975 991 1310 1060 vivificam
1365 990 1957 1059 mortificationem
1992 989 2301 1059 hilariter
2349 989 2629 1059 imitari.
2669 989 2888 1059 Pressi
2920 1003 3157 1059 autem

613 1080 741 1149 loci
778 1081 1122 1169 angustia,
1175 1079 1410 1149 ferreis
1460 1079 1940 1148 instrumentis
1970 1078 2229 1166 aliquot
2276 1079 2372 1148 ibi
2420 1079 2699 1148 effecere
2754 1078 3162 1149 habitacula

611 1173 787 1256 quae
822 1169 986 1240 solis
1036 1168 1280 1239 Christi
1331 1167 1543 1237 servis
1592 1167 2005 1237 sufficerent.

700 1260 735 1344 ξ
784 1262 867 1330 4.
924 1263 1063 1327 Non
1117 1257 1317 1346 longe
1366 1277 1519 1325 vero
1579 1256 1814 1326 aberat
1860 1278 2169 1327 secessus
2217 1256 2527 1344 quidam,
2585 1256 2650 1325 in
2700 1277 2905 1343 quem
2956 1278 3157 1327 mare

612 1359 758 1415 tum
811 1346 1013 1415 certis
1063 1346 1248 1416 horis
1299 1344 1593 1414 naturali
1625 1344 1885 1415 fervore
1913 1357 2341 1424 exaestuans,
2378 1358 2521 1412 tum
2555 1345 2836 1416 incertis
2878 1345 2937 1413 vi
2975 1367 3161 1432 qua-

612 1435 771 1503 dam
804 1435 1225 1505 concitatum
1281 1456 1530 1521 magno
1578 1435 1841 1524 impetu
1891 1433 2254 1515 ferebatur,
2307 1432 2648 1502 excidium
2693 1432 2974 1504 sedibus
3013 1434 3165 1505 illis

613 1523 970 1592 minitans,
1026 1529 1116 1592 Ea
1176 1545 1279 1592 res
1338 1521 1559 1592 virum
1625 1536 1941 1592 sanctum
1994 1545 2125 1591 non
2183 1521 2614 1592 mediocriter
2677 1523 2957 1591 anxium
3025 1523 3164 1592 ha-

613 1612 856 1681 bebat:
895 1625 960 1680 et
1006 1634 1164 1681 cum
1209 1611 1399 1680 nulla
1450 1612 1855 1680 humanitus
1905 1623 2087 1680 tanto
2140 1610 2318 1680 malo
2366 1610 2668 1679 remedia
2750 1623 3164 1702 ossentap-

616 1700 804 1789 poni,
860 1701 1095 1770 oculos
1142 1699 1223 1768 ad
1262 1700 1529 1769 coelum
1582 1700 1973 1780 sustollens»,
2019 1699 2288 1768 divinae
2323 1700 2677 1769 misericor
2728 1700 2832 1769 iae
2893 1700 3164 1771 viscera

614 1790 938 1880 precibus
987 1789 1325 1880 pulsabat.
1374 1794 1504 1857 Nec
1539 1787 1806 1858 distulit
1848 1788 2005 1878 pius
2037 1789 2368 1857 Dominus
2417 1787 2811 1857 admirabili
2845 1788 3158 1875 quadam

621 1879 884 1949 ratione
912 1899 1237 1968 praesens
1298 1876 1682 1967 periculum
1737 1898 2071 1946 amovere.
2110 1880 2495 1946 Commovet
2545 1878 2764 1968 pisces
2800 1877 3034 1957 maris,
3091 1893 3168 1948 et

615 1967 1010 2050 machinam
1055 1966 1286 2056 magni
1334 1966 1598 2035 roboris
1644 1966 1976 2035 divinitus
2026 1976 2526 2056 praeparatam,
2583 1987 2703 2055 per
2749 1978 3166 2057 spumantes

615 2055 839 2146 pelagi
880 2057 1132 2126 fluctus
1180 2053 1263 2123 ad
1318 2054 1512 2124 illum
1564 2075 1911 2124 secessum
1945 2067 2349 2144 apportant:
2388 2054 2590 2144 cujus
2628 2055 2900 2145 objectu
2927 2067 2991 2124 et
3023 2055 3165 2123 im-

618 2155 818 2233 petus
864 2145 1090 2213 omnis
1143 2143 1547 2212 insanientis
1597 2143 1808 2212 maris
1859 2164 2213 2233 repressus
2258 2155 2381 2223 est,
2441 2157 2506 2211 et
2565 2143 2666 2212 vir
2712 2155 2992 2213 sanctus
3037 2165 3169 2234 pe-

616 2232 836 2302 riculo
869 2233 1057 2301 omni
1096 2233 1443 2301 liberatus.
1470 2237 1721 2302 Manet
1755 2231 1878 2300 hoc
1913 2231 2329 2321 praesidium
2366 2231 2434 2300 in
2470 2232 2656 2301 hunc
2690 2253 2909 2319 usque
2937 2232 3160 2313 diem,

616 2326 927 2391 creatura
977 2342 1102 2390 suo
1149 2321 1436 2389 creatori
1483 2319 2016 2389 obsecundante.
2576 2384 2584 2393 .
3051 2389 3062 2400 ,

704 2413 740 2496 ξ
786 2414 872 2481 ὅ.
929 2415 1081 2478 Erat
1129 2409 1330 2477 etiam
1384 2407 1570 2477 aliud
1620 2409 1772 2496 ejus
1822 2409 2017 2500 rupis
2071 2407 2618 2488 incommodum,
2675 2431 2919 2501 nempe
2967 2410 3164 2497 quod

620 2521 784 2589 prae
832 2520 1050 2586 aquae
1098 2497 1387 2588 penuria
1426 2497 1599 2567 servi
1636 2497 1750 2567 Dei
1786 2497 1898 2567 siti
1930 2497 2439 2567 afflictarentur.
2484 2497 2611 2569 Sed
2650 2496 2816 2568 dum
2846 2520 3002 2569 caro
3038 2497 3168 2568 de-

618 2588 783 2668 ficit,
840 2588 1011 2656 tides
1061 2587 1363 2676 proficit:
1421 2586 1816 2675 proficiente
1857 2586 1992 2656 fide
2046 2608 2237 2656 mens
2279 2609 2556 2656 sursum
2607 2587 2918 2679 erigitur.
2960 2593 3059 2657 Ita
3096 2601 3172 2658 et

620 2690 901 2747 sanctus
949 2675 1321 2745 Gudwalus
1360 2675 1488 2745 hac
1540 2676 1850 2745 molestia
1899 2676 2199 2745 sentiens
2248 2675 2488 2746 fratres
2537 2675 2739 2757 affici,
2776 2698 3020 2746 rursus
3070 2678 3168 2747 ad

675 2765 1045 2834 recandum
1127 2766 1491 2834 Dominum
1555 2785 1625 2834 se
1685 2765 1969 2854 recipit:
2043 2778 2430 2855 precantem
2494 2787 2650 2834 mox
2721 2765 3174 2855 prosequitur

619 2788 810 2943 larga
859 2852 1264 2934 benedictio,
1332 2877 1411 2923 cx
1459 2876 1630 2942 rupe
1694 2866 2070 2943 erumpunt
2116 2875 2359 2940 aquae,
2415 2865 2490 2921 ut
2536 2853 2702 2922 olim
2761 2875 2798 2924 e
2847 2869 3038 2943 petra
3089 2854 3172 2923 in

620 2941 885 3010 deserto
932 2964 1106 3028 quae
1165 2941 1577 3014 distillantes
1626 2963 1828 3031 saepe
1875 2940 2184 3011 cadendo
2230 2954 2556 3037 excavant
2604 2945 2844 3013 saxum
2876 2998 2892 3021 ,
2944 2957 3011 3011 et
3061 2942 3171 3013 lo-

621 3051 780 3098 cum
821 3030 1038 3101 instar
1059 3031 1225 3100 dolii
1257 3030 1566 3101 efficiunt
1601 3030 1822 3101 laticis
1868 3051 2232 3120 capacem:
2265 3030 2500 3118 sicque
2534 3030 2795 3099 salubri
2848 3030 2970 3101 illo
3044 3046 3174 3102 otu

624 3118 799 3188 servi
838 3120 977 3187 Dei
1036 3116 1216 3189 sitim
1272 3120 1471 3188 facile
1517 3118 1895 3209 depellunt.
1950 3124 2185 3206 Itaque
2235 3140 2441 3211 rupes
2496 3120 2846 3207 quondam
2915 3142 2994 3189 so
3026 3120 3176 3190 itu-

623 3206 783 3275 dine
818 3207 1118 3288 horrida,
1146 3210 1289 3296 jam
1344 3209 1593 3277 domus
1625 3208 1978 3289 orationi5‚
2018 3207 2514 3277 monachorum
2550 3208 2980 3278 domicilium
3013 3208 3175 3277 effi-

621 3296 833 3365 citur:
872 3297 996 3379 ubi
1036 3297 1377 3366 solemnes
1414 3296 1797 3396 agebantur
1823 3296 2149 3366 excubiae
2196 3310 2260 3365 et
2307 3296 2624 3366 coelestia
2652 3297 3175 3386 concrepabant

620 3385 898 3454 oracula
933 3384 1000 3453 in
1039 3385 1315 3454 laudem
1370 3390 1502 3453 Dei.
1558 3389 1634 3453 Et
1683 3397 1758 3454 ut
1805 3386 2170 3455 vetustiora
2205 3399 2554 3475 gestorum
2603 3386 2751 3473 ejus
2813 3386 3171 3476 exempla-

620 3474 720 3542 ria
770 3474 1073 3554 habent‚'
1101 3472 1483 3563 discipulos
1525 3472 1611 3542 ad
1666 3484 1942 3542 centum
1984 3474 2481 3565 octogintaocto
2530 3473 2672 3543 illic
2722 3473 2824 3542 vir
2881 3488 3176 3545 sanctus

622 3562 933 3653 collegit:
1003 3563 1119 3632 cui
1167 3575 1442 3632 sanctae
1492 3561 1924 3632 multitudini
1969 3585 2129 3632 cum
2183 3562 2310 3632 loci
2360 3564 2682 3651 angustia
2729 3585 2933 3664 aegre
2978 3563 3176 3634 suffi-

619 3664 823 3732 ceret,
867 3651 967 3720 vir
1015 3652 1254 3721 beatus
1290 3673 1446 3719 cum
1492 3656 1625 3720 Deo
1677 3663 1999 3732 tractans,
2053 3665 2118 3722 et
2168 3651 2552 3721 mirabilem
2607 3674 2770 3742 erga
2827 3650 3029 3721 illum
3088 3652 3182 3721 fi-

622 3739 901 3809 duciam
951 3739 1373 3830 concipienS,
1431 3761 1564 3809 non
1607 3741 2010 3830 praemissa,
2055 3753 2133 3810 ut
2162 3739 2445 3819 solebat,
2503 3761 2723 3830 prece,
2759 3740 2879 3809 sed
2914 3762 3182 3831 magna

622 3828 732 3897 Dei
784 3828 996 3898 fretus
1047 3827 1370 3917 potentia,
1409 3850 1568 3897 cum
1622 3849 1808 3898 mare
1856 3850 1984 3897 suo
2015 3850 2202 3898 more
2229 3828 2578 3910 recedens,
2623 3842 2812 3898 vasta
2845 3827 2991 3899 illic
3023 3851 3183 3900 are-

620 3938 869 3985 narum
928 3917 1154 4006 spatia
1206 3928 1450 3986 retecta
1519 3916 1955 4003 relinqueret,
2024 3918 2254 3987 omnis
2315 3938 2549 3988 morae
2610 3917 3006 4007 impatiens,
3061 3941 3183 3988 ac·-

620 4007 827 4074 cessit
878 4027 1183 4095 propere,
1227 4018 1291 4073 et
1340 4006 1529 4095 virga
1578 4027 1787 4091 quam
1843 4026 2054 4077 manu
2103 4005 2433 4096 gestabat,
2478 4008 2659 4075 certa
2703 4005 2936 4074 arenis
2966 4009 3186 4077 vesti-

621 4095 733 4183 gia
777 4094 1204 4184 imprimenS‚
1237 4094 1307 4162 in
1345 4094 1589 4163 Christi
1622 4094 1904 4164 nomine
1938 4095 2285 4185 praecepit
2314 4094 2549 4174 undis
2596 4117 2680 4164 ne
2709 4094 2826 4163 illa
2859 4116 3185 4181 unquam

623 4182 1286 4273 transgrederentur.
1332 4182 1632 4252 Vidisses
1659 4182 1745 4251 ad
1780 4204 1896 4253 eas
1928 4205 2127 4253 voces
2156 4184 2376 4253 sancti
2425 4183 2553 4252 viri
2601 4182 3033 4254 indomabile
3068 4207 3187 4275 pe-

626 4269 826 4360 lagus
892 4272 1267 4353 mitescere,
1323 4294 1484 4342 suos
1530 4272 1853 4341 cohibere
1911 4272 2002 4340 im
2060 4284 2236 4353 etus,
2296 4283 2603 4343 tumores
2655 4272 3046 4342 ⁴remittere.
3104 4279 3189 4343 Et
3275 4308 3294 4323 ·

623 4370 804 4431 certe
862 4361 931 4430 in
983 4360 1175 4430 hunc
1221 4382 1442 4469 usgue
1489 4360 1671 4430 diem
1708 4360 1908 4461 ‚leges
1956 4361 2014 4429 si
2069 4360 2120 4461 i,
2160 4360 2498 4450 praefixas
2547 4382 2733 4430 mare
2784 4375 2974 4431 trans
3030 4362 3184 4432 redi

624 4470 761 4520 non
811 4449 1040 4521 audet.
1111 4456 1295 4521 Patet
1352 4450 1561 4532 hinc,
1633 4462 1842 4519 etiam
1908 4461 2164 4521 nostris
2210 4448 2638 4540 temporibus
2699 4450 2946 4521 veteris
3032 4451 3184 4543 egis
