3357 4995
179 321 409 393 JUNII,
452 322 553 386 49·
1018 339 1097 386 nr.
1143 339 1199 384 s,
1256 338 1538 387 nssonuo
1586 338 1881 387 Emscoro
2502 323 2630 387 4177

185 424 487 504 Deodati,
544 423 665 511 qui
711 435 805 494 tot
829 423 987 493 loca.
1024 423 1156 493 sibi
1188 446 1440 513 magno
1470 424 1702 496 labore
1745 436 2137 499 constructa
2162 425 2472 506 mutavit,
2505 425 2720 495 donec

185 511 351 586 filiis
393 512 551 583 suis.
586 524 817 602 aptam
865 524 930 582 et
958 511 1261 599 quietam
1295 512 1531 582 sedem
1575 513 1932 583 inveniret.
2196 548 2200 552 ·

275 603 495 688 §12
576 601 793 691 Igitur
856 606 987 671 Deo
1046 600 1439 690 dignissimi
1500 602 1845 673 Antistites
1913 601 2257 691 spirituali
2320 602 2723 672 insudantes

189 689 406 788 operi,
461 689 858 759 nullatenus
903 712 944 758 a
991 702 1171 759 recto
1218 688 1581 761 deviabant
1615 692 1880 770 itinere,
1921 690 2224 777 quotidie
2254 690 2339 759 de
2386 691 2630 762 virtute
2649 692 2718 760 in

190 789 510 854 virtutem
564 778 1097 870 progredientes,
1152 779 1416 864 Etenim
1475 792 1661 854 tanto
1714 778 2184 849 reddebantur.
2226 779 2590 852 alacriores
2619 780 2726 848 ad

194 865 520 949 laborem,
575 880 833 955 quanto
880 868 1241 937 viciniores
1277 868 1738 968 properabant
1782 868 1888 937 ad·
1922 868 2251 955 requiem.
2298 873 2427 938 Nec
2477 869 2725 938 sentie÷

192 954 359 1026 bant
400 955 468 1024 in
518 956 988 1028 Christivinea
1038 955 1307 1047 pondus
1354 956 1490 1026 diei
1529 970 1597 1026 et
1641 970 1894 1036 aestus,
1943 957 2199 1045 quibus
2230 958 2376 1047 jam
2428 957 2727 1027 instabat

194 1065 501 1133 vespera,
541 1058 616 1116 ut
650 1044 1046 1118 redderetur
1094 1067 1445 1115 nummus.
1492 1046 1789 1116 Tandem
1843 1058 2201 1135 postquam
2253 1046 2348 1114 ibi
2393 1045 2726 1116 Deodatus

188 1144 255 1201 et
303 1132 725 1224 Hildulphus
774 1147 1030 1224 septem
1081 1134 1285 1203 annis
1313 1157 1473 1204 cum
1515 1157 1631 1205 sex
1678 1134 2037 1204 mensibus
2086 1135 2509 1205 habitassent
2543 1158 2719 1204 una-z

192 1219 428 1311 largus
478 1235 949 1294 remunerator
989 1227 1167 1292 Deus
1203 1223 1530 1298 statuitB.
1573 1222 1866 1292 Deodato
1898 1223 2209 1293 laborum
2243 1245 2526 1293 suorum
2576 1224 2727 1293 red-

191 1308 351 1380 dere
403 1311 808 1391 mercedem,
839 1312 961 1400 qui
999 1313 1146 1399 jam
1184 1333 1508 1402 percurso
1565 1314 1737 1382 vitae
1786 1312 2007 1382 stadio
2044 1325 2368 1399 tanquam
2401 1326 2728 1382 strenuus

191 1398 447 1474 athleta
500 1400 907 1489 respiciebat
957 1401 1024 1469 in
1078 1401 1652 1471 remunerationis
1700 1401 2042 1471 bravium.
2088 1406 2309 1483 Quare
2359 1414 2638 1470 vocatus
2687 1424 2738 1469 a

194 1487 506 1569 DominO,
547 1489 657 1558 lan
715 1512 877 1559 uore
925 1501 1281 1579 correptus
1327 1489 1655 1560 decubuit
1705 1489 1990 1568 lectulo,
2045 1489 2230 1576 quod
2279 1512 2433 1559 cum
2487 1490 2730 1561 absen„

192 1574 377 1646 tibus
416 1577 687 1668 discipu
722 1578 778 1646 is
814 1578 1213 1648 nunciatum
1266 1592 1462 1658 esset,
1502 1592 1879 1648 accurrunt
1927 1578 2162 1650 moesti
2201 1591 2265 1647 et
2290 1578 2535 1658 tristeS,
2585 1601 2729 1655 ma*

195 1663 531 1820 gistrique
576 1669 860 1757 grabato
909 1681 1245 1745 astantes,
1305 1689 1388 1736 ne
1438 1680 1574 1736 tam
1642 1667 1870 1740 dulcis
1925 1689 2004 1736 ac
2055 1668 2508 1738 necessarius.
2544 1680 2732 1757 pater

220 1752 376 1822 ilios
407 1755 765 1836 desereret,
819 1755 1175 1825 communi
1209 1755 1469 1846 ejulatu
1517 1756 2089 1845 deprecabantur.
2144 1760 2325 1838 Quos
2366 1756 2479 1824 ille
2529 1756 2731 1825 verbo

195 1841 481 1913 salutari
514 1845 864 1914 instruens
911 1844 1410 1934 compescebat,
1446 1858 1650 1930 atque
1684 1844 1769 1914 ad
1803 1858 2077 1915 sanctae
2126 1843 2402 1936 regulae
2436 1844 2733 1915 ordinis-

193 1951 326 2016 que
356 1933 822 2003 observantias
868 1933 1260 2004 exhortatus
1286 1946 1408 2003 est.
1464 1933 1730 2016 Quibus
1764 1933 1990 2013 dictis,
2028 1956 2176 2003 sese
2219 1939 2349 2002 Deo
2395 1947 2458 2003 et
2490 1955 2729 2003 eorum

195 2021 517 2118 precibus
547 2022 902 2092 humiliter
948 2022 1477 2091 commendavit.
1528 2028 1796 2092 Interea
1842 2023 2062 2092 sancti
2111 2022 2238 2090 viri
2277 2023 2530 2092 exitum
2582 2023 2730 2113 jam

197 2123 449 2179 instare
500 2115 564 2180 S.
620 2109 1043 2199 Hildulphus
1093 2111 1160 2179 in
1214 2111 1367 2180 visu
1413 2112 1633 2180 noctis
1695 2110 2026 2180 divinitus
2072 2111 2354 2180 edoctus
2414 2124 2558 2181 est:
2614 2110 2734 2198 qui

194 2209 269 2295 ut
308 2199 675 2288 evigilavit,
719 2199 803 2268 ad
856 2200 1137 2269 beatum
1170 2211 1600 2289 quantocyus
1649 2222 1773 2289 pro
1826 2200 2059 2279 eravit‚
2115 2201 2291 2268 sicut
2350 2223 2387 2267 a
2446 2202 2733 2268 Domino

194 2305 257 2349 ei
296 2286 704 2374 imperatum
742 2286 984 2357 fuerat.
1038 2293 1252 2371 Quem
1308 2301 1670 2377 postquam
1726 2312 1762 2357 a
1820 2289 1956 2357 huc
2012 2288 2239 2356 vivum
2303 2289 2573 2377 reperit,
2636 2289 2733 2356 ei-

197 2370 349 2444 dem
402 2376 634 2446 omnia
685 2376 1019 2446 Ecclesiae
1066 2390 1496 2446 sacramenta
1569 2377 2098 2446 administravit.
2153 2377 2439 2446 Decebat
2500 2376 2727 2458 enim,

194 2474 272 2530 ut
317 2464 582 2535 amicus
615 2467 838 2535 amico
903 2465 989 2535 ad
1045 2487 1348 2555 superna
1397 2465 1831 2556 praecedenti
1878 2479 2258 2535 extremum
2301 2465 2725 2545 valediceret,

197 2551 520 2623 viaticum
557 2555 929 2644 praeberet,
982 2568 1047 2624 et
1083 2554 1615 2624 ecclesiasticam
1648 2554 1985 2624 conferret
2018 2554 2469 2645 sepulturam.
2526 2555 2734 2644 Cujus

198 2643 579 2730 praesentia
616 2643 715 2711 vir
748 2656 1027 2714 sanctus
1062 2658 1425 2722 recreatus,
1465 2665 1543 2712 ac
1567 2643 2001 2713 vehementer
2033 2644 2100 2712 in
2136 2644 2422 2712 Domino
2456 2644 2735 2734 gavisus

197 2742 317 2810 est,
372 2732 491 2817 qui
540 2754 664 2801 suo
697 2732 1151 2801 commilitoni
1199 2732 1576 2823 Hildulpho
1631 2733 1853 2801 exitus
1905 2733 2014 2802 sui
2063 2732 2242 2801 diem
2278 2733 2574 2801 revelare
2628 2731 2736 2800 di-

196 2832 447 2905 gnatus
496 2819 737 2890 fuerat.
776 2826 905 2890 Nec
949 2843 1176 2901 mora,
1244 2820 1682 2891 discessurus
1723 2821 1809 2890 ab
1852 2821 1981 2890 hac
2049 2821 2510 2909 lacrymarum
2562 2820 2736 2888 valle

198 2909 265 2975 B.
325 2908 680 2989 DeodatuS,
734 2909 816 2978 ad
864 2910 1386 2999 suscipiendum
1427 2910 1733 3000 regimen
1792 2910 2022 2979 ovium
2050 2909 2523 2997 quas-ibidem
2578 2910 2736 2978 hac-

200 3007 397 3067 tenus
436 2999 639 3068 verbo
676 3012 741 3067 et
794 2998 1105 3089 exemplo
1130 2998 1540 3080 enutriebat,
1573 3000 2008 3099 superstitem
2037 2999 2339 3067 amicum
2372 2998 2728 3087 compulit,

197 3082 696 3175 discipulisque
728 3087 1099 3168 mandavit,
1140 3100 1218 3158 ut
1245 3087 1562 3156 eumdem
1598 3087 2058 3178 Hildulphum
2094 3087 2251 3156 laeti
2280 3087 2729 3177 susciperent,

198 3183 264 3242 et
292 3176 604 3259 quandiu
639 3177 886 3245 viveret
914 3175 1180 3246 solicite
1208 3176 1595 3246 retinerent.
1644 3177 1854 3267 Cujus
1892 3176 2231 3248 desiderio
2263 3198 2341 3244 ac
2369 3176 2516 3266 piis
2569 3176 2736 3245 votis

199 3282 354 3333 cum
400 3263 730 3354 discipuli
760 3279 825 3333 et
856 3269 925 3333 B.
962 3264 1384 3354 Hildulphus
1419 3279 1823 3346 annuerent,
1862 3266 2039 3335 inter
2070 3266 2443 3335 astantium
2490 3286 2738 3333 manus

198 3363 505 3423 sanctam
557 3354 886 3435 animam,
926 3354 1160 3423 multis
1209 3359 1336 3423 Deo
1384 3355 1934 3424 commendatam
1991 3354 2336 3445 precibuS,
2388 3353 2738 3423 continuis

198 3437 551 3513 laboribus
594 3464 714 3532 pro
739 3442 853 3511 Dei
903 3442 1160 3511 honore
1191 3456 1259 3511 et
1271 3442 1537 3529 justitia
1578 3442 1953 3524 elimatam,
1989 3456 2054 3512 et
2102 3442 2341 3512 multis
2372 3442 2738 3511 virtutibus

200 3527 627 3611 adornatam,
668 3531 938 3610 efflavit,
992 3554 1069 3601 ac
1129 3532 1502 3601 inmanus
1551 3533 1666 3600 Dei
1714 3532 2258 3611 commendavit,
2302 3553 2504 3617 que-m
2568 3530 2742 3601 facie

198 3616 281 3685 ad
342 3618 585 3689 faciem
636 3621 785 3689 sine
832 3621 969 3689 fine
1015 3620 1244 3689 videre
1294 3622 1698 3710 promeruit.
1754 3626 2063 3690 Mortuus
2125 3633 2227 3689 est
2290 3619 2499 3710 igitur
2548 3625 2742 3688 Pater

198 3722 427 3777 noster
475 3708 835 3788 Deodatus,
888 3723 952 3779 et
997 3708 1197 3795 quasi
1246 3710 1355 3798 (ut
1406 3709 1477 3778 in
1517 3709 1991 3779 Ecclesiastico
2039 3708 2395 3797 scribitur)
2447 3730 2580 3778 non
2640 3719 2756 3777 est-

202 3812 541 3876 mortuus,
598 3796 894 3867 similem
944 3798 1126 3866 enim
1180 3798 1313 3866 sibi
1373 3797 1650 3886 reliquit
1709 3809 1861 3888 post
1908 3821 2002 3868 se.
2058 3802 2135 3866 In
2187 3798 2321 3868 vita
2370 3818 2496 3867 sua
2546 3796 2734 3873 vidit,

197 3895 275 3950 et
322 3883 609 3955 laetatus
639 3886 839 3956 estin
876 3885 1018 3956 illo:
1050 3887 1121 3955 in
1162 3886 1356 3956 obitu
1387 3907 1511 3958 suo
1559 3908 1698 3956 non
1746 3899 1848 3957 est
1880 3886 2352 3966 contristatuS,
2407 3908 2536 3955 nec
2579 3907 2740 3955 con-

201 3969 399 4044 fusus
445 3988 545 4045 est
576 3996 809 4044 coram
859 3975 1193 4045 inimicis.
1226 3975 1525 4062 Reliquit
1569 3976 1756 4045 enim
1806 3975 2232 4045 defensorem
2281 3974 2519 4044 domui
2574 3996 2744 4044 suae

202 4072 436 4130 contra
479 4062 821 4143 inimicOS,
861 4076 925 4133 et
972 4065 1217 4133 amicis
1248 4064 1643 4134 reddentem
1694 4065 2007 4165 gratiam.

288 4150 324 4235 ξ
374 4152 508 4220 18.
562 4153 856 4222 Transiit
902 4167 1129 4223 autem
1163 4153 1249 4223 de
1283 4165 1499 4223 morte
1535 4153 1622 4223 ad
1668 4167 1903 4234 vitam,
1957 4154 2042 4223 de
2072 4154 2273 4223 exilio
2312 4152 2396 4222 ad
2448 4152 2738 4242 patriam

205 4242 271 4306 S.
328 4239 692 4337 DeodatuS,
741 4245 821 4310 43
852 4242 1077 4311 Galen.
1131 4242 1522 4330 Julii,quae
1571 4254 1734 4312 tunc
1762 4254 1908 4313 erat
1943 4242 2090 4313 dies
2137 4241 2515 4321 Dominica,
2575 4240 2740 4310 anni

204 4327 294 4397 ab
338 4329 807 4400 incarnatione
856 4331 1129 4400 Domini
1169 4333 1383 4401 nostri
1428 4337 1595 4402 Jesu
1655 4330 1897 4402 Christi
1951 4330 2421 4402 sexcentesimi
2471 4342 2740 4419 septua-

198 4415 448 4506 gesimi
494 4419 680 4500 noni,
735 4419 1106 4490 indictione
1153 4421 1467 4511 septima.
1521 4419 1616 4491 Ab
1657 4419 1977 4511 ingressu
2021 4442 2177 4491 vero
2228 4420 2385 4509 eJus
2437 4418 2508 4487 in
2557 4418 2738 4486 hanc
