<?xml version="1.0" encoding="UTF-8"?>
<!DOCTYPE html PUBLIC "-//W3C//DTD XHTML 1.0 Transitional//EN"
    "http://www.w3.org/TR/xhtml1/DTD/xhtml1-transitional.dtd">
<html xmlns="http://www.w3.org/1999/xhtml" xml:lang="en" lang="en">
 <head>
  <title>
</title>
<meta http-equiv="Content-Type" content="text/html;charset=utf-8" />
  <meta name='ocr-system' content='tesseract 3.04.00' />
  <meta name='ocr-capabilities' content='ocr_page ocr_carea ocr_par ocr_line ocrx_word'/>
</head>
<body>
  <div class='ocr_page' id='page_1' title='image "./historiaeseuvit02lippgoog_0289.png"; bbox 0 0 3357 4995; ppageno 0'>
   <div class='ocr_carea' id='block_1_1' title="bbox 233 332 2697 406">
    <p class='ocr_par' dir='ltr' id='par_1_1' title="bbox 233 332 2697 406">
     <span class='ocr_line' id='line_1_1' title="bbox 233 332 2697 406; baseline -0 -9"><span class='ocrx_word' id='word_1_1' title='bbox 233 332 454 397; x_wconf 80' lang='lat' dir='ltr'>JUNII</span> <span class='ocrx_word' id='word_1_2' title='bbox 511 332 593 395; x_wconf 69' lang='lat'>⁴2</span> <span class='ocrx_word' id='word_1_3' title='bbox 1079 349 1155 394; x_wconf 78' lang='lat' dir='ltr'>m:</span> <span class='ocrx_word' id='word_1_4' title='bbox 1205 349 1256 396; x_wconf 91' lang='lat' dir='ltr'>s.</span> <span class='ocrx_word' id='word_1_5' title='bbox 1317 348 1635 396; x_wconf 63' lang='lat' dir='ltr'>noum-&#39;ruo</span> <span class='ocrx_word' id='word_1_6' title='bbox 1686 350 1957 396; x_wconf 67' lang='lat' dir='ltr'>Enniam</span> <span class='ocrx_word' id='word_1_7' title='bbox 2570 333 2697 406; x_wconf 71' lang='lat'>⁶273</span> 
     </span>
    </p>
   </div>
   <div class='ocr_carea' id='block_1_2' title="bbox 236 433 2861 4519">
    <p class='ocr_par' dir='ltr' id='par_1_2' title="bbox 236 433 2788 1480">
     <span class='ocr_line' id='line_1_2' title="bbox 237 433 2788 524; baseline 0 -21"><span class='ocrx_word' id='word_1_8' title='bbox 237 448 579 524; x_wconf 85' lang='lat' dir='ltr'>precatus.</span> <span class='ocrx_word' id='word_1_9' title='bbox 637 433 943 522; x_wconf 91' lang='lat' dir='ltr'>Impletis</span> <span class='ocrx_word' id='word_1_10' title='bbox 993 445 1219 502; x_wconf 91' lang='lat' dir='ltr'>autem</span> <span class='ocrx_word' id='word_1_11' title='bbox 1259 435 1601 523; x_wconf 82' lang='lat' dir='ltr'>precibuS,</span> <span class='ocrx_word' id='word_1_12' title='bbox 1657 434 1849 512; x_wconf 80' lang='lat' dir='ltr'>dixit,</span> <span class='ocrx_word' id='word_1_13' title='bbox 1905 439 2139 503; x_wconf 85' lang='lat' dir='ltr'>Amen.</span> <span class='ocrx_word' id='word_1_14' title='bbox 2186 439 2421 503; x_wconf 88' lang='lat' dir='ltr'>Postea</span> <span class='ocrx_word' id='word_1_15' title='bbox 2476 456 2631 503; x_wconf 91' lang='lat' dir='ltr'>vero</span> <span class='ocrx_word' id='word_1_16' title='bbox 2684 458 2788 503; x_wconf 86' lang='lat' dir='ltr'>se-</span> 
     </span>
     <span class='ocr_line' id='line_1_3' title="bbox 237 524 2779 612; baseline 0.002 -24"><span class='ocrx_word' id='word_1_17' title='bbox 237 524 474 591; x_wconf 81' lang='lat' dir='ltr'>dentes</span> <span class='ocrx_word' id='word_1_18' title='bbox 553 524 939 591; x_wconf 89' lang='lat' dir='ltr'>mansimus</span> <span class='ocrx_word' id='word_1_19' title='bbox 1009 525 1424 612; x_wconf 78' lang='lat' dir='ltr'>exponentes</span> <span class='ocrx_word' id='word_1_20' title='bbox 1476 525 1649 591; x_wconf 88' lang='lat' dir='ltr'>inter</span> <span class='ocrx_word' id='word_1_21' title='bbox 1730 545 1850 592; x_wconf 93' lang='lat' dir='ltr'>nos</span> <span class='ocrx_word' id='word_1_22' title='bbox 1900 524 2194 592; x_wconf 88' lang='lat' dir='ltr'>invicem</span> <span class='ocrx_word' id='word_1_23' title='bbox 2247 524 2426 592; x_wconf 86' lang='lat' dir='ltr'>bona</span> <span class='ocrx_word' id='word_1_24' title='bbox 2485 525 2779 592; x_wconf 87' lang='lat' dir='ltr'>Domini.</span> 
     </span>
     <span class='ocr_line' id='line_1_4' title="bbox 238 611 2785 700; baseline 0.002 -24"><span class='ocrx_word' id='word_1_25' title='bbox 238 618 402 681; x_wconf 78' lang='lat' dir='ltr'>Cum</span> <span class='ocrx_word' id='word_1_26' title='bbox 457 623 683 680; x_wconf 86' lang='lat' dir='ltr'>autem</span> <span class='ocrx_word' id='word_1_27' title='bbox 716 611 1068 679; x_wconf 88' lang='lat' dir='ltr'>occidente</span> <span class='ocrx_word' id='word_1_28' title='bbox 1107 612 1255 700; x_wconf 76' lang='lat' dir='ltr'>Jam</span> <span class='ocrx_word' id='word_1_29' title='bbox 1307 612 1447 680; x_wconf 91' lang='lat' dir='ltr'>sole</span> <span class='ocrx_word' id='word_1_30' title='bbox 1478 611 1624 680; x_wconf 91' lang='lat' dir='ltr'>dies</span> <span class='ocrx_word' id='word_1_31' title='bbox 1656 612 2020 691; x_wconf 76' lang='lat' dir='ltr'>desineret,</span> <span class='ocrx_word' id='word_1_32' title='bbox 2081 612 2246 681; x_wconf 82' lang='lat' dir='ltr'>hacc</span> <span class='ocrx_word' id='word_1_33' title='bbox 2281 612 2418 681; x_wconf 91' lang='lat' dir='ltr'>vidi</span> <span class='ocrx_word' id='word_1_34' title='bbox 2452 612 2521 681; x_wconf 88' lang='lat' dir='ltr'>in</span> <span class='ocrx_word' id='word_1_35' title='bbox 2561 613 2785 683; x_wconf 90' lang='lat' dir='ltr'>medio</span> 
     </span>
     <span class='ocr_line' id='line_1_5' title="bbox 239 699 2787 790; baseline 0 -21"><span class='ocrx_word' id='word_1_36' title='bbox 239 699 526 790; x_wconf 84' lang='lat' dir='ltr'>tugurii,</span> <span class='ocrx_word' id='word_1_37' title='bbox 577 700 920 787; x_wconf 87' lang='lat' dir='ltr'>jacentem</span> <span class='ocrx_word' id='word_1_38' title='bbox 982 721 1256 789; x_wconf 89' lang='lat' dir='ltr'>panem,</span> <span class='ocrx_word' id='word_1_39' title='bbox 1310 713 1375 769; x_wconf 91' lang='lat' dir='ltr'>et</span> <span class='ocrx_word' id='word_1_40' title='bbox 1429 723 1675 790; x_wconf 88' lang='lat' dir='ltr'>parum</span> <span class='ocrx_word' id='word_1_41' title='bbox 1734 723 1975 787; x_wconf 89' lang='lat' dir='ltr'>aquae.</span> <span class='ocrx_word' id='word_1_42' title='bbox 2040 701 2216 768; x_wconf 81' lang='lat' dir='ltr'>Dixit</span> <span class='ocrx_word' id='word_1_43' title='bbox 2264 723 2419 770; x_wconf 88' lang='lat' dir='ltr'>vero</span> <span class='ocrx_word' id='word_1_44' title='bbox 2472 701 2642 770; x_wconf 89' lang='lat' dir='ltr'>milii</span> <span class='ocrx_word' id='word_1_45' title='bbox 2687 704 2787 770; x_wconf 88' lang='lat' dir='ltr'>vir</span> 
     </span>
     <span class='ocr_line' id='line_1_6' title="bbox 240 789 2785 879; baseline 0 -21"><span class='ocrx_word' id='word_1_46' title='bbox 240 790 352 858; x_wconf 87' lang='lat' dir='ltr'>ille</span> <span class='ocrx_word' id='word_1_47' title='bbox 404 792 682 858; x_wconf 89' lang='lat' dir='ltr'>beatus:</span> <span class='ocrx_word' id='word_1_48' title='bbox 731 813 765 854; x_wconf 89' lang='lat'>«</span> <span class='ocrx_word' id='word_1_49' title='bbox 798 794 1013 879; x_wconf 81' lang='lat' dir='ltr'>Surge</span> <span class='ocrx_word' id='word_1_50' title='bbox 1070 789 1192 870; x_wconf 77' lang='lat' dir='ltr'>iili,</span> <span class='ocrx_word' id='word_1_51' title='bbox 1248 811 1447 859; x_wconf 90' lang='lat' dir='ltr'>sume</span> <span class='ocrx_word' id='word_1_52' title='bbox 1495 811 1738 879; x_wconf 87' lang='lat' dir='ltr'>parum</span> <span class='ocrx_word' id='word_1_53' title='bbox 1796 791 1994 878; x_wconf 88' lang='lat' dir='ltr'>panis</span> <span class='ocrx_word' id='word_1_54' title='bbox 2053 802 2116 857; x_wconf 90' lang='lat' dir='ltr'>et</span> <span class='ocrx_word' id='word_1_55' title='bbox 2156 812 2395 876; x_wconf 86' lang='lat' dir='ltr'>aquae,</span> <span class='ocrx_word' id='word_1_56' title='bbox 2451 791 2573 876; x_wconf 88' lang='lat' dir='ltr'>qui</span> <span class='ocrx_word' id='word_1_57' title='bbox 2623 806 2785 859; x_wconf 89' lang='lat' dir='ltr'>sunt</span> 
     </span>
     <span class='ocr_line' id='line_1_7' title="bbox 236 877 2784 968; baseline 0.001 -22"><span class='ocrx_word' id='word_1_58' title='bbox 236 891 393 946; x_wconf 86' lang='lat' dir='ltr'>ante</span> <span class='ocrx_word' id='word_1_59' title='bbox 427 892 511 945; x_wconf 90' lang='lat' dir='ltr'>te.</span> <span class='ocrx_word' id='word_1_60' title='bbox 563 877 763 946; x_wconf 88' lang='lat' dir='ltr'>Video</span> <span class='ocrx_word' id='word_1_61' title='bbox 810 878 992 946; x_wconf 90' lang='lat' dir='ltr'>enim</span> <span class='ocrx_word' id='word_1_62' title='bbox 1046 891 1108 946; x_wconf 85' lang='lat' dir='ltr'>te</span> <span class='ocrx_word' id='word_1_63' title='bbox 1155 878 1533 947; x_wconf 89' lang='lat' dir='ltr'>adductum</span> <span class='ocrx_word' id='word_1_64' title='bbox 1575 900 1723 948; x_wconf 86' lang='lat' dir='ltr'>esse</span> <span class='ocrx_word' id='word_1_65' title='bbox 1780 880 1848 946; x_wconf 91' lang='lat' dir='ltr'>in</span> <span class='ocrx_word' id='word_1_66' title='bbox 1910 878 2294 968; x_wconf 87' lang='lat' dir='ltr'>periculum</span> <span class='ocrx_word' id='word_1_67' title='bbox 2361 901 2440 946; x_wconf 83' lang='lat' dir='ltr'>ex</span> <span class='ocrx_word' id='word_1_68' title='bbox 2493 878 2672 947; x_wconf 84' lang='lat' dir='ltr'>sanie</span> <span class='ocrx_word' id='word_1_69' title='bbox 2720 895 2784 949; x_wconf 89' lang='lat' dir='ltr'>et</span> 
     </span>
     <span class='ocr_line' id='line_1_8' title="bbox 239 965 2784 1056; baseline 0 -21"><span class='ocrx_word' id='word_1_70' title='bbox 239 968 375 1043; x_wconf 84' lang='lat' dir='ltr'>siti,</span> <span class='ocrx_word' id='word_1_71' title='bbox 434 979 498 1034; x_wconf 90' lang='lat' dir='ltr'>et</span> <span class='ocrx_word' id='word_1_72' title='bbox 533 965 763 1035; x_wconf 88' lang='lat' dir='ltr'>labore</span> <span class='ocrx_word' id='word_1_73' title='bbox 799 966 1134 1035; x_wconf 81' lang='lat' dir='ltr'>itineris.»</span> <span class='ocrx_word' id='word_1_74' title='bbox 1178 972 1315 1056; x_wconf 87' lang='lat' dir='ltr'>Ego</span> <span class='ocrx_word' id='word_1_75' title='bbox 1363 980 1588 1035; x_wconf 86' lang='lat' dir='ltr'>autem</span> <span class='ocrx_word' id='word_1_76' title='bbox 1623 967 1763 1035; x_wconf 85' lang='lat' dir='ltr'>dixi</span> <span class='ocrx_word' id='word_1_77' title='bbox 1798 968 1895 1035; x_wconf 88' lang='lat' dir='ltr'>ei:</span> <span class='ocrx_word' id='word_1_78' title='bbox 1953 991 1985 1031; x_wconf 83' lang='lat'>«</span> <span class='ocrx_word' id='word_1_79' title='bbox 2023 967 2189 1034; x_wconf 83' lang='lat' dir='ltr'>Vivit</span> <span class='ocrx_word' id='word_1_80' title='bbox 2230 967 2538 1036; x_wconf 78' lang='lat' dir='ltr'>Salvator</span> <span class='ocrx_word' id='word_1_81' title='bbox 2580 990 2784 1037; x_wconf 85' lang='lat' dir='ltr'>meus</span> 
     </span>
     <span class='ocr_line' id='line_1_9' title="bbox 245 1055 2782 1137; baseline 0.001 -14"><span class='ocrx_word' id='word_1_82' title='bbox 245 1056 599 1135; x_wconf 84' lang='lat' dir='ltr'>Dominus,</span> <span class='ocrx_word' id='word_1_83' title='bbox 656 1077 789 1123; x_wconf 89' lang='lat' dir='ltr'>non</span> <span class='ocrx_word' id='word_1_84' title='bbox 842 1055 1195 1124; x_wconf 64' lang='lat' dir='ltr'>comedffln</span> <span class='ocrx_word' id='word_1_85' title='bbox 1252 1077 1375 1124; x_wconf 92' lang='lat' dir='ltr'>nec</span> <span class='ocrx_word' id='word_1_86' title='bbox 1410 1056 1667 1137; x_wconf 88' lang='lat' dir='ltr'>bibam,</span> <span class='ocrx_word' id='word_1_87' title='bbox 1726 1056 1858 1124; x_wconf 90' lang='lat' dir='ltr'>nisi</span> <span class='ocrx_word' id='word_1_88' title='bbox 1913 1078 2161 1126; x_wconf 87' lang='lat' dir='ltr'>manus</span> <span class='ocrx_word' id='word_1_89' title='bbox 2214 1070 2480 1125; x_wconf 89' lang='lat' dir='ltr'>nostras</span> <span class='ocrx_word' id='word_1_90' title='bbox 2530 1056 2782 1126; x_wconf 83' lang='lat' dir='ltr'>relaxe-</span> 
     </span>
     <span class='ocr_line' id='line_1_10' title="bbox 244 1143 2781 1234; baseline 0.002 -24"><span class='ocrx_word' id='word_1_91' title='bbox 244 1166 421 1223; x_wconf 79' lang='lat' dir='ltr'>muS,</span> <span class='ocrx_word' id='word_1_92' title='bbox 476 1155 538 1211; x_wconf 90' lang='lat' dir='ltr'>et</span> <span class='ocrx_word' id='word_1_93' title='bbox 587 1143 876 1212; x_wconf 88' lang='lat' dir='ltr'>edamus</span> <span class='ocrx_word' id='word_1_94' title='bbox 923 1145 1476 1213; x_wconf 85' lang='lat' dir='ltr'>communiter.»</span> <span class='ocrx_word' id='word_1_95' title='bbox 1551 1149 1723 1213; x_wconf 89' lang='lat' dir='ltr'>Eum</span> <span class='ocrx_word' id='word_1_96' title='bbox 1783 1166 1944 1234; x_wconf 87' lang='lat' dir='ltr'>ergo</span> <span class='ocrx_word' id='word_1_97' title='bbox 1994 1143 2190 1212; x_wconf 89' lang='lat' dir='ltr'>valde</span> <span class='ocrx_word' id='word_1_98' title='bbox 2246 1146 2501 1233; x_wconf 87' lang='lat' dir='ltr'>rogavi,</span> <span class='ocrx_word' id='word_1_99' title='bbox 2575 1158 2639 1213; x_wconf 90' lang='lat' dir='ltr'>et</span> <span class='ocrx_word' id='word_1_100' title='bbox 2675 1146 2781 1214; x_wconf 82' lang='lat' dir='ltr'>vix</span> 
     </span>
     <span class='ocr_line' id='line_1_11' title="bbox 241 1231 2776 1322; baseline 0 -21"><span class='ocrx_word' id='word_1_101' title='bbox 241 1233 438 1321; x_wconf 87' lang='lat' dir='ltr'>potui</span> <span class='ocrx_word' id='word_1_102' title='bbox 491 1231 920 1321; x_wconf 83' lang='lat' dir='ltr'>persuadere,</span> <span class='ocrx_word' id='word_1_103' title='bbox 975 1246 1051 1302; x_wconf 91' lang='lat' dir='ltr'>ut</span> <span class='ocrx_word' id='word_1_104' title='bbox 1099 1255 1385 1302; x_wconf 91' lang='lat' dir='ltr'>manum</span> <span class='ocrx_word' id='word_1_105' title='bbox 1445 1234 1863 1312; x_wconf 81' lang='lat' dir='ltr'>immitteret,</span> <span class='ocrx_word' id='word_1_106' title='bbox 1917 1247 1981 1301; x_wconf 89' lang='lat' dir='ltr'>et</span> <span class='ocrx_word' id='word_1_107' title='bbox 2032 1255 2205 1322; x_wconf 84' lang='lat' dir='ltr'>pane</span> <span class='ocrx_word' id='word_1_108' title='bbox 2249 1233 2457 1301; x_wconf 89' lang='lat' dir='ltr'>fracto</span> <span class='ocrx_word' id='word_1_109' title='bbox 2506 1256 2776 1303; x_wconf 89' lang='lat' dir='ltr'>mecum</span> 
     </span>
     <span class='ocr_line' id='line_1_12' title="bbox 243 1321 2781 1412; baseline 0.003 -27"><span class='ocrx_word' id='word_1_110' title='bbox 243 1333 652 1400; x_wconf 81' lang='lat' dir='ltr'>vesceretur,</span> <span class='ocrx_word' id='word_1_111' title='bbox 706 1321 921 1389; x_wconf 88' lang='lat' dir='ltr'>donec</span> <span class='ocrx_word' id='word_1_112' title='bbox 954 1336 1128 1391; x_wconf 87' lang='lat' dir='ltr'>esset</span> <span class='ocrx_word' id='word_1_113' title='bbox 1161 1323 1469 1392; x_wconf 89' lang='lat' dir='ltr'>satiatus.</span> <span class='ocrx_word' id='word_1_114' title='bbox 1517 1327 1609 1390; x_wconf 84' lang='lat' dir='ltr'>Ex</span> <span class='ocrx_word' id='word_1_115' title='bbox 1659 1322 1776 1390; x_wconf 95' lang='lat' dir='ltr'>illo</span> <span class='ocrx_word' id='word_1_116' title='bbox 1826 1335 2051 1390; x_wconf 85' lang='lat' dir='ltr'>autem</span> <span class='ocrx_word' id='word_1_117' title='bbox 2088 1344 2261 1410; x_wconf 88' lang='lat' dir='ltr'>pane</span> <span class='ocrx_word' id='word_1_118' title='bbox 2297 1323 2493 1390; x_wconf 90' lang='lat' dir='ltr'>nobis</span> <span class='ocrx_word' id='word_1_119' title='bbox 2541 1344 2781 1412; x_wconf 87' lang='lat' dir='ltr'>super-</span> 
     </span>
     <span class='ocr_line' id='line_1_13' title="bbox 243 1410 1950 1480; baseline 0 -4"><span class='ocrx_word' id='word_1_120' title='bbox 243 1410 393 1478; x_wconf 87' lang='lat' dir='ltr'>fuit.</span> <span class='ocrx_word' id='word_1_121' title='bbox 451 1410 830 1479; x_wconf 84' lang='lat' dir='ltr'>Mansimus</span> <span class='ocrx_word' id='word_1_122' title='bbox 866 1433 1018 1479; x_wconf 91' lang='lat' dir='ltr'>vero</span> <span class='ocrx_word' id='word_1_123' title='bbox 1071 1423 1204 1479; x_wconf 86' lang='lat' dir='ltr'>tota</span> <span class='ocrx_word' id='word_1_124' title='bbox 1254 1410 1373 1479; x_wconf 88' lang='lat' dir='ltr'>illa</span> <span class='ocrx_word' id='word_1_125' title='bbox 1413 1423 1607 1479; x_wconf 89' lang='lat' dir='ltr'>nocte</span> <span class='ocrx_word' id='word_1_126' title='bbox 1655 1424 1950 1480; x_wconf 89' lang='lat' dir='ltr'>orantes.</span> 
     </span>
    </p>

    <p class='ocr_par' dir='ltr' id='par_1_3' title="bbox 243 1499 2861 4519">
     <span class='ocr_line' id='line_1_14' title="bbox 336 1499 2787 1588; baseline -0.001 -17"><span class='ocrx_word' id='word_1_127' title='bbox 336 1501 370 1584; x_wconf 70' lang='grc' dir='ltr'>ἓ</span> <span class='ocrx_word' id='word_1_128' title='bbox 419 1503 566 1571; x_wconf 65' lang='lat'>13.</span> <span class='ocrx_word' id='word_1_129' title='bbox 647 1503 814 1567; x_wconf 90' lang='lat' dir='ltr'>Dum</span> <span class='ocrx_word' id='word_1_130' title='bbox 877 1513 1051 1570; x_wconf 89' lang='lat' dir='ltr'>esset</span> <span class='ocrx_word' id='word_1_131' title='bbox 1111 1513 1340 1568; x_wconf 87' lang='lat' dir='ltr'>autem</span> <span class='ocrx_word' id='word_1_132' title='bbox 1392 1521 1637 1579; x_wconf 90' lang='lat' dir='ltr'>mane,</span> <span class='ocrx_word' id='word_1_133' title='bbox 1694 1499 1831 1567; x_wconf 92' lang='lat' dir='ltr'>vidi</span> <span class='ocrx_word' id='word_1_134' title='bbox 1903 1500 2132 1588; x_wconf 87' lang='lat' dir='ltr'>ipsum</span> <span class='ocrx_word' id='word_1_135' title='bbox 2187 1512 2338 1588; x_wconf 91' lang='lat' dir='ltr'>post</span> <span class='ocrx_word' id='word_1_136' title='bbox 2407 1500 2787 1569; x_wconf 87' lang='lat' dir='ltr'>matutinas</span> 
     </span>
     <span class='ocr_line' id='line_1_15' title="bbox 247 1586 2787 1678; baseline 0 -23"><span class='ocrx_word' id='word_1_137' title='bbox 247 1609 484 1677; x_wconf 81' lang='lat' dir='ltr'>preces</span> <span class='ocrx_word' id='word_1_138' title='bbox 521 1599 822 1657; x_wconf 90' lang='lat' dir='ltr'>mutasse</span> <span class='ocrx_word' id='word_1_139' title='bbox 857 1588 1053 1657; x_wconf 84' lang='lat' dir='ltr'>faciei</span> <span class='ocrx_word' id='word_1_140' title='bbox 1094 1600 1444 1678; x_wconf 86' lang='lat' dir='ltr'>aspectum</span> <span class='ocrx_word' id='word_1_141' title='bbox 1479 1601 1543 1657; x_wconf 89' lang='lat' dir='ltr'>et</span> <span class='ocrx_word' id='word_1_142' title='bbox 1576 1587 1898 1666; x_wconf 88' lang='lat' dir='ltr'>colorem,</span> <span class='ocrx_word' id='word_1_143' title='bbox 1939 1601 2003 1656; x_wconf 91' lang='lat' dir='ltr'>et</span> <span class='ocrx_word' id='word_1_144' title='bbox 2034 1586 2128 1657; x_wconf 85' lang='lat' dir='ltr'>sui</span> <span class='ocrx_word' id='word_1_145' title='bbox 2166 1589 2600 1657; x_wconf 84' lang='lat' dir='ltr'>conterritus.</span> <span class='ocrx_word' id='word_1_146' title='bbox 2637 1594 2787 1678; x_wconf 85' lang='lat' dir='ltr'>lpse</span> 
     </span>
     <span class='ocr_line' id='line_1_16' title="bbox 243 1676 2786 1766; baseline 0 -22"><span class='ocrx_word' id='word_1_147' title='bbox 243 1687 469 1745; x_wconf 83' lang='lat' dir='ltr'>autem</span> <span class='ocrx_word' id='word_1_148' title='bbox 522 1699 680 1745; x_wconf 90' lang='lat' dir='ltr'>cum</span> <span class='ocrx_word' id='word_1_149' title='bbox 735 1677 859 1746; x_wconf 87' lang='lat' dir='ltr'>lioc</span> <span class='ocrx_word' id='word_1_150' title='bbox 922 1678 1373 1766; x_wconf 84' lang='lat' dir='ltr'>cognovisset,</span> <span class='ocrx_word' id='word_1_151' title='bbox 1434 1699 1540 1745; x_wconf 86' lang='lat' dir='ltr'>me</span> <span class='ocrx_word' id='word_1_152' title='bbox 1589 1691 1689 1746; x_wconf 91' lang='lat' dir='ltr'>est</span> <span class='ocrx_word' id='word_1_153' title='bbox 1737 1677 2103 1755; x_wconf 79' lang='lat' dir='ltr'>allocutuS‚</span> <span class='ocrx_word' id='word_1_154' title='bbox 2166 1676 2444 1746; x_wconf 88' lang='lat' dir='ltr'>dicens:</span> <span class='ocrx_word' id='word_1_155' title='bbox 2502 1682 2659 1746; x_wconf 82' lang='lat' dir='ltr'>«Ne</span> <span class='ocrx_word' id='word_1_156' title='bbox 2710 1678 2786 1745; x_wconf 91' lang='lat' dir='ltr'>ti-</span> 
     </span>
     <span class='ocr_line' id='line_1_17' title="bbox 247 1763 2785 1855; baseline 0.001 -23"><span class='ocrx_word' id='word_1_157' title='bbox 247 1786 458 1838; x_wconf 82' lang='lat' dir='ltr'>meas,</span> <span class='ocrx_word' id='word_1_158' title='bbox 504 1763 710 1832; x_wconf 85' lang='lat' dir='ltr'>srater</span> <span class='ocrx_word' id='word_1_159' title='bbox 769 1767 1134 1855; x_wconf 88' lang='lat' dir='ltr'>Paplinuti.</span> <span class='ocrx_word' id='word_1_160' title='bbox 1209 1772 1380 1835; x_wconf 87' lang='lat' dir='ltr'>Deus</span> <span class='ocrx_word' id='word_1_161' title='bbox 1427 1766 1609 1835; x_wconf 89' lang='lat' dir='ltr'>enim</span> <span class='ocrx_word' id='word_1_162' title='bbox 1644 1818 1666 1845; x_wconf 88' lang='lat'>,</span> <span class='ocrx_word' id='word_1_163' title='bbox 1721 1766 1840 1852; x_wconf 91' lang='lat' dir='ltr'>qui</span> <span class='ocrx_word' id='word_1_164' title='bbox 1891 1779 1989 1835; x_wconf 91' lang='lat' dir='ltr'>est</span> <span class='ocrx_word' id='word_1_165' title='bbox 2026 1765 2091 1836; x_wconf 92' lang='lat' dir='ltr'>in</span> <span class='ocrx_word' id='word_1_166' title='bbox 2144 1767 2470 1835; x_wconf 90' lang='lat' dir='ltr'>omnibus</span> <span class='ocrx_word' id='word_1_167' title='bbox 2522 1766 2785 1834; x_wconf 90' lang='lat' dir='ltr'>miseri-</span> 
     </span>
     <span class='ocr_line' id='line_1_18' title="bbox 244 1852 2861 1944; baseline 0 -23"><span class='ocrx_word' id='word_1_168' title='bbox 244 1876 421 1928; x_wconf 87' lang='lat' dir='ltr'>cors,</span> <span class='ocrx_word' id='word_1_169' title='bbox 455 1865 517 1921; x_wconf 90' lang='lat' dir='ltr'>te</span> <span class='ocrx_word' id='word_1_170' title='bbox 565 1852 646 1921; x_wconf 91' lang='lat' dir='ltr'>ad</span> <span class='ocrx_word' id='word_1_171' title='bbox 686 1875 790 1922; x_wconf 90' lang='lat' dir='ltr'>me</span> <span class='ocrx_word' id='word_1_172' title='bbox 815 1855 1021 1933; x_wconf 88' lang='lat' dir='ltr'>misit,</span> <span class='ocrx_word' id='word_1_173' title='bbox 1059 1868 1135 1924; x_wconf 89' lang='lat' dir='ltr'>ut</span> <span class='ocrx_word' id='word_1_174' title='bbox 1163 1877 1401 1925; x_wconf 88' lang='lat' dir='ltr'>curam</span> <span class='ocrx_word' id='word_1_175' title='bbox 1434 1876 1632 1944; x_wconf 90' lang='lat' dir='ltr'>geras</span> <span class='ocrx_word' id='word_1_176' title='bbox 1672 1854 2065 1944; x_wconf 89' lang='lat' dir='ltr'>sepulturae</span> <span class='ocrx_word' id='word_1_177' title='bbox 2117 1877 2425 1923; x_wconf 91' lang='lat' dir='ltr'>mearum</span> <span class='ocrx_word' id='word_1_178' title='bbox 2464 1855 2782 1941; x_wconf 84' lang='lat' dir='ltr'>reliquia-</span> <span class='ocrx_word' id='word_1_179' title='bbox 2842 1919 2861 1942; x_wconf 60' lang='lat'><em>„</em></span> 
     </span>
     <span class='ocr_line' id='line_1_19' title="bbox 245 1943 2776 2033; baseline 0 -25"><span class='ocrx_word' id='word_1_180' title='bbox 245 1964 427 2010; x_wconf 90' lang='lat' dir='ltr'>rum.</span> <span class='ocrx_word' id='word_1_181' title='bbox 467 1946 631 2010; x_wconf 85' lang='lat' dir='ltr'>Ecce</span> <span class='ocrx_word' id='word_1_182' title='bbox 679 1944 861 2011; x_wconf 90' lang='lat' dir='ltr'>enim</span> <span class='ocrx_word' id='word_1_183' title='bbox 920 1943 1250 2012; x_wconf 87' lang='lat' dir='ltr'>hodierno</span> <span class='ocrx_word' id='word_1_184' title='bbox 1298 1944 1406 2012; x_wconf 89' lang='lat' dir='ltr'>die</span> <span class='ocrx_word' id='word_1_185' title='bbox 1470 1943 1751 2033; x_wconf 87' lang='lat' dir='ltr'>perficio</span> <span class='ocrx_word' id='word_1_186' title='bbox 1803 1965 2021 2011; x_wconf 90' lang='lat' dir='ltr'>meam</span> <span class='ocrx_word' id='word_1_187' title='bbox 2084 1943 2776 2021; x_wconf 80' lang='lat' dir='ltr'>administrationem,</span> 
     </span>
     <span class='ocr_line' id='line_1_20' title="bbox 243 2030 2784 2118; baseline -0 -19"><span class='ocrx_word' id='word_1_188' title='bbox 243 2044 309 2099; x_wconf 91' lang='lat' dir='ltr'>et</span> <span class='ocrx_word' id='word_1_189' title='bbox 341 2030 511 2099; x_wconf 92' lang='lat' dir='ltr'>abeo</span> <span class='ocrx_word' id='word_1_190' title='bbox 552 2030 619 2098; x_wconf 90' lang='lat' dir='ltr'>in</span> <span class='ocrx_word' id='word_1_191' title='bbox 679 2033 982 2118; x_wconf 86' lang='lat' dir='ltr'>requiem</span> <span class='ocrx_word' id='word_1_192' title='bbox 1034 2054 1256 2101; x_wconf 86' lang='lat' dir='ltr'>meam</span> <span class='ocrx_word' id='word_1_193' title='bbox 1307 2055 1529 2118; x_wconf 89' lang='lat' dir='ltr'>usque</span> <span class='ocrx_word' id='word_1_194' title='bbox 1585 2033 1653 2100; x_wconf 92' lang='lat' dir='ltr'>in</span> <span class='ocrx_word' id='word_1_195' title='bbox 1706 2031 2107 2101; x_wconf 82' lang='lat' dir='ltr'>seculum.»</span> <span class='ocrx_word' id='word_1_196' title='bbox 2160 2038 2315 2101; x_wconf 89' lang='lat' dir='ltr'>Erat</span> <span class='ocrx_word' id='word_1_197' title='bbox 2358 2045 2587 2102; x_wconf 84' lang='lat' dir='ltr'>autem</span> <span class='ocrx_word' id='word_1_198' title='bbox 2638 2032 2784 2100; x_wconf 91' lang='lat' dir='ltr'>dies</span> 
     </span>
     <span class='ocr_line' id='line_1_21' title="bbox 248 2119 2783 2209; baseline 0.001 -23"><span class='ocrx_word' id='word_1_199' title='bbox 248 2133 477 2188; x_wconf 85' lang='lat' dir='ltr'>sextus</span> <span class='ocrx_word' id='word_1_200' title='bbox 525 2119 806 2205; x_wconf 91' lang='lat' dir='ltr'>quidem</span> <span class='ocrx_word' id='word_1_201' title='bbox 848 2120 1160 2191; x_wconf 90' lang='lat' dir='ltr'>decimus</span> <span class='ocrx_word' id='word_1_202' title='bbox 1207 2127 1450 2201; x_wconf 89' lang='lat' dir='ltr'>Paven,</span> <span class='ocrx_word' id='word_1_203' title='bbox 1508 2142 1733 2190; x_wconf 91' lang='lat' dir='ltr'>nonus</span> <span class='ocrx_word' id='word_1_204' title='bbox 1781 2133 2007 2189; x_wconf 88' lang='lat' dir='ltr'>autem</span> <span class='ocrx_word' id='word_1_205' title='bbox 2053 2123 2244 2190; x_wconf 84' lang='lat' dir='ltr'>Junii</span> <span class='ocrx_word' id='word_1_206' title='bbox 2300 2121 2555 2190; x_wconf 90' lang='lat' dir='ltr'>mensis</span> <span class='ocrx_word' id='word_1_207' title='bbox 2596 2120 2783 2209; x_wconf 88' lang='lat' dir='ltr'>apud</span> 
     </span>
     <span class='ocr_line' id='line_1_22' title="bbox 251 2210 2783 2299; baseline 0 -24"><span class='ocrx_word' id='word_1_208' title='bbox 251 2213 618 2277; x_wconf 87' lang='lat' dir='ltr'>Romanos.</span> <span class='ocrx_word' id='word_1_209' title='bbox 668 2210 831 2278; x_wconf 86' lang='lat' dir='ltr'>Mihi</span> <span class='ocrx_word' id='word_1_210' title='bbox 879 2222 1106 2279; x_wconf 90' lang='lat' dir='ltr'>autem</span> <span class='ocrx_word' id='word_1_211' title='bbox 1171 2210 1298 2279; x_wconf 89' lang='lat' dir='ltr'>hoc</span> <span class='ocrx_word' id='word_1_212' title='bbox 1347 2232 1620 2297; x_wconf 90' lang='lat' dir='ltr'>quoque</span> <span class='ocrx_word' id='word_1_213' title='bbox 1669 2210 2048 2299; x_wconf 86' lang='lat' dir='ltr'>praecepit:</span> <span class='ocrx_word' id='word_1_214' title='bbox 2117 2234 2143 2272; x_wconf 67' lang='grc' dir='ltr'>α</span> <span class='ocrx_word' id='word_1_215' title='bbox 2184 2212 2249 2278; x_wconf 90' lang='lat' dir='ltr'>Si</span> <span class='ocrx_word' id='word_1_216' title='bbox 2300 2211 2369 2277; x_wconf 92' lang='lat' dir='ltr'>in</span> <span class='ocrx_word' id='word_1_217' title='bbox 2412 2215 2783 2299; x_wconf 82' lang='lat' dir='ltr'>Aegyptum</span> 
     </span>
     <span class='ocr_line' id='line_1_23' title="bbox 246 2297 2786 2388; baseline -0 -24"><span class='ocrx_word' id='word_1_218' title='bbox 246 2298 517 2376; x_wconf 76' lang='lat' dir='ltr'>exieriS,</span> <span class='ocrx_word' id='word_1_219' title='bbox 559 2297 763 2367; x_wconf 89' lang='lat' dir='ltr'>frater</span> <span class='ocrx_word' id='word_1_220' title='bbox 794 2299 1133 2388; x_wconf 87' lang='lat' dir='ltr'>Paphnuti</span> <span class='ocrx_word' id='word_1_221' title='bbox 1197 2299 1548 2368; x_wconf 90' lang='lat' dir='ltr'>annuncia</span> <span class='ocrx_word' id='word_1_222' title='bbox 1602 2299 1736 2367; x_wconf 87' lang='lat' dir='ltr'>mei</span> <span class='ocrx_word' id='word_1_223' title='bbox 1787 2299 2214 2376; x_wconf 83' lang='lat' dir='ltr'>memoriam,</span> <span class='ocrx_word' id='word_1_224' title='bbox 2268 2298 2352 2366; x_wconf 90' lang='lat' dir='ltr'>ad</span> <span class='ocrx_word' id='word_1_225' title='bbox 2411 2298 2786 2385; x_wconf 81' lang='lat' dir='ltr'>thymiama</span> 
     </span>
     <span class='ocr_line' id='line_1_24' title="bbox 246 2385 2784 2484; baseline -0.001 -30"><span class='ocrx_word' id='word_1_226' title='bbox 246 2386 309 2454; x_wconf 93' lang='lat' dir='ltr'>ei</span> <span class='ocrx_word' id='word_1_227' title='bbox 353 2385 819 2484; x_wconf 88' lang='lat' dir='ltr'>praebendum</span> <span class='ocrx_word' id='word_1_228' title='bbox 872 2387 940 2454; x_wconf 88' lang='lat' dir='ltr'>in</span> <span class='ocrx_word' id='word_1_229' title='bbox 985 2388 1208 2456; x_wconf 90' lang='lat' dir='ltr'>medio</span> <span class='ocrx_word' id='word_1_230' title='bbox 1259 2387 1571 2467; x_wconf 79' lang='lat' dir='ltr'>fratrum,</span> <span class='ocrx_word' id='word_1_231' title='bbox 1622 2401 1686 2456; x_wconf 91' lang='lat' dir='ltr'>et</span> <span class='ocrx_word' id='word_1_232' title='bbox 1733 2388 2043 2456; x_wconf 90' lang='lat' dir='ltr'>omnium</span> <span class='ocrx_word' id='word_1_233' title='bbox 2097 2387 2661 2456; x_wconf 83' lang='lat' dir='ltr'>Christianorum.</span> <span class='ocrx_word' id='word_1_234' title='bbox 2718 2386 2784 2452; x_wconf 89' lang='lat' dir='ltr'>Si</span> 
     </span>
     <span class='ocr_line' id='line_1_25' title="bbox 246 2473 2785 2561; baseline 0 -17"><span class='ocrx_word' id='word_1_235' title='bbox 246 2497 406 2561; x_wconf 87' lang='lat' dir='ltr'>quis</span> <span class='ocrx_word' id='word_1_236' title='bbox 459 2487 767 2546; x_wconf 89' lang='lat' dir='ltr'>nostrum</span> <span class='ocrx_word' id='word_1_237' title='bbox 816 2477 1158 2546; x_wconf 91' lang='lat' dir='ltr'>oblatione</span> <span class='ocrx_word' id='word_1_238' title='bbox 1193 2476 1263 2545; x_wconf 89' lang='lat' dir='ltr'>in</span> <span class='ocrx_word' id='word_1_239' title='bbox 1299 2479 1576 2547; x_wconf 88' lang='lat' dir='ltr'>nomine</span> <span class='ocrx_word' id='word_1_240' title='bbox 1625 2500 1799 2556; x_wconf 91' lang='lat' dir='ltr'>me0‚</span> <span class='ocrx_word' id='word_1_241' title='bbox 1840 2490 1903 2545; x_wconf 90' lang='lat' dir='ltr'>et</span> <span class='ocrx_word' id='word_1_242' title='bbox 1936 2477 2004 2544; x_wconf 89' lang='lat' dir='ltr'>in</span> <span class='ocrx_word' id='word_1_243' title='bbox 2047 2478 2180 2545; x_wconf 81' lang='lat' dir='ltr'>mei</span> <span class='ocrx_word' id='word_1_244' title='bbox 2230 2475 2629 2545; x_wconf 81' lang='lat' dir='ltr'>memoriam</span> <span class='ocrx_word' id='word_1_245' title='bbox 2664 2473 2785 2544; x_wconf 92' lang='lat' dir='ltr'>ob-</span> 
     </span>
     <span class='ocr_line' id='line_1_26' title="bbox 250 2564 2782 2654; baseline -0 -22"><span class='ocrx_word' id='word_1_246' title='bbox 250 2564 480 2632; x_wconf 87' lang='lat' dir='ltr'>tulerit</span> <span class='ocrx_word' id='word_1_247' title='bbox 532 2566 818 2634; x_wconf 87' lang='lat' dir='ltr'>Domino</span> <span class='ocrx_word' id='word_1_248' title='bbox 853 2572 984 2634; x_wconf 90' lang='lat' dir='ltr'>Deo</span> <span class='ocrx_word' id='word_1_249' title='bbox 1018 2578 1245 2635; x_wconf 92' lang='lat' dir='ltr'>nostro</span> <span class='ocrx_word' id='word_1_250' title='bbox 1281 2566 1348 2633; x_wconf 91' lang='lat' dir='ltr'>in</span> <span class='ocrx_word' id='word_1_251' title='bbox 1399 2567 1589 2635; x_wconf 89' lang='lat' dir='ltr'>omni</span> <span class='ocrx_word' id='word_1_252' title='bbox 1641 2566 1809 2645; x_wconf 87' lang='lat' dir='ltr'>locO,</span> <span class='ocrx_word' id='word_1_253' title='bbox 1866 2565 2029 2634; x_wconf 89' lang='lat' dir='ltr'>seret</span> <span class='ocrx_word' id='word_1_254' title='bbox 2082 2566 2306 2654; x_wconf 90' lang='lat' dir='ltr'>ipsum</span> <span class='ocrx_word' id='word_1_255' title='bbox 2353 2564 2685 2634; x_wconf 89' lang='lat' dir='ltr'>Dominus</span> <span class='ocrx_word' id='word_1_256' title='bbox 2714 2564 2782 2631; x_wconf 93' lang='lat' dir='ltr'>in</span> 
     </span>
     <span class='ocr_line' id='line_1_27' title="bbox 249 2652 2781 2743; baseline 0 -24"><span class='ocrx_word' id='word_1_257' title='bbox 249 2652 545 2741; x_wconf 85' lang='lat' dir='ltr'>primam</span> <span class='ocrx_word' id='word_1_258' title='bbox 599 2654 839 2722; x_wconf 88' lang='lat' dir='ltr'>horam</span> <span class='ocrx_word' id='word_1_259' title='bbox 904 2676 1246 2723; x_wconf 89' lang='lat' dir='ltr'>annorum</span> <span class='ocrx_word' id='word_1_260' title='bbox 1298 2676 1633 2724; x_wconf 88' lang='lat' dir='ltr'>meorum.</span> <span class='ocrx_word' id='word_1_261' title='bbox 1690 2660 1869 2723; x_wconf 84' lang='lat' dir='ltr'>Haec</span> <span class='ocrx_word' id='word_1_262' title='bbox 1917 2668 2015 2722; x_wconf 89' lang='lat' dir='ltr'>est</span> <span class='ocrx_word' id='word_1_263' title='bbox 2066 2656 2250 2721; x_wconf 89' lang='lat' dir='ltr'>enim</span> <span class='ocrx_word' id='word_1_264' title='bbox 2304 2652 2531 2743; x_wconf 89' lang='lat' dir='ltr'>petitio</span> <span class='ocrx_word' id='word_1_265' title='bbox 2590 2674 2781 2732; x_wconf 89' lang='lat' dir='ltr'>mea,</span> 
     </span>
     <span class='ocr_line' id='line_1_28' title="bbox 247 2741 2785 2835; baseline -0 -27"><span class='ocrx_word' id='word_1_266' title='bbox 247 2762 456 2825; x_wconf 90' lang='lat' dir='ltr'>quam</span> <span class='ocrx_word' id='word_1_267' title='bbox 508 2741 593 2809; x_wconf 89' lang='lat' dir='ltr'>ab</span> <span class='ocrx_word' id='word_1_268' title='bbox 642 2743 793 2832; x_wconf 89' lang='lat' dir='ltr'>ipso</span> <span class='ocrx_word' id='word_1_269' title='bbox 856 2744 1081 2833; x_wconf 88' lang='lat' dir='ltr'>petivi.</span> <span class='ocrx_word' id='word_1_270' title='bbox 1144 2748 1219 2812; x_wconf 90' lang='lat' dir='ltr'>Et</span> <span class='ocrx_word' id='word_1_271' title='bbox 1268 2744 1531 2835; x_wconf 78' lang='lat' dir='ltr'>siquis</span> <span class='ocrx_word' id='word_1_272' title='bbox 1595 2742 1867 2812; x_wconf 86' lang='lat' dir='ltr'>fratrem</span> <span class='ocrx_word' id='word_1_273' title='bbox 1941 2764 2309 2832; x_wconf 86' lang='lat' dir='ltr'>pauperem</span> <span class='ocrx_word' id='word_1_274' title='bbox 2354 2741 2669 2810; x_wconf 90' lang='lat' dir='ltr'>nutrierit</span> <span class='ocrx_word' id='word_1_275' title='bbox 2718 2742 2785 2809; x_wconf 89' lang='lat' dir='ltr'>in</span> 
     </span>
     <span class='ocr_line' id='line_1_29' title="bbox 253 2830 2780 2922; baseline 0.002 -27"><span class='ocrx_word' id='word_1_276' title='bbox 253 2830 534 2898; x_wconf 87' lang='lat' dir='ltr'>nornine</span> <span class='ocrx_word' id='word_1_277' title='bbox 572 2852 744 2911; x_wconf 86' lang='lat' dir='ltr'>meo,</span> <span class='ocrx_word' id='word_1_278' title='bbox 787 2833 1164 2900; x_wconf 88' lang='lat' dir='ltr'>meminero</span> <span class='ocrx_word' id='word_1_279' title='bbox 1212 2832 1384 2921; x_wconf 88' lang='lat' dir='ltr'>ejus,</span> <span class='ocrx_word' id='word_1_280' title='bbox 1449 2845 1524 2902; x_wconf 88' lang='lat' dir='ltr'>ut</span> <span class='ocrx_word' id='word_1_281' title='bbox 1582 2832 1873 2922; x_wconf 90' lang='lat' dir='ltr'>dignum</span> <span class='ocrx_word' id='word_1_282' title='bbox 1922 2854 2077 2900; x_wconf 90' lang='lat' dir='ltr'>eum</span> <span class='ocrx_word' id='word_1_283' title='bbox 2122 2843 2391 2900; x_wconf 88' lang='lat' dir='ltr'>censeat</span> <span class='ocrx_word' id='word_1_284' title='bbox 2426 2830 2780 2907; x_wconf 85' lang='lat' dir='ltr'>Dominus,</span> 
     </span>
     <span class='ocr_line' id='line_1_30' title="bbox 247 2918 2789 3009; baseline 0.001 -25"><span class='ocrx_word' id='word_1_285' title='bbox 247 2918 367 3003; x_wconf 89' lang='lat' dir='ltr'>qui</span> <span class='ocrx_word' id='word_1_286' title='bbox 409 2919 634 2987; x_wconf 88' lang='lat' dir='ltr'>veniat</span> <span class='ocrx_word' id='word_1_287' title='bbox 669 2920 734 2987; x_wconf 91' lang='lat' dir='ltr'>in</span> <span class='ocrx_word' id='word_1_288' title='bbox 775 2921 1069 3009; x_wconf 87' lang='lat' dir='ltr'>primam</span> <span class='ocrx_word' id='word_1_289' title='bbox 1110 2922 1346 2995; x_wconf 88' lang='lat' dir='ltr'>horam</span> <span class='ocrx_word' id='word_1_290' title='bbox 1383 2942 1692 2990; x_wconf 90' lang='lat' dir='ltr'>meorum</span> <span class='ocrx_word' id='word_1_291' title='bbox 1752 2941 2120 3007; x_wconf 88' lang='lat' dir='ltr'>annorum.</span> <span class='ocrx_word' id='word_1_292' title='bbox 2157 2944 2189 2985; x_wconf 95' lang='lat'>»</span> <span class='ocrx_word' id='word_1_293' title='bbox 2238 2918 2583 3009; x_wconf 86' lang='lat' dir='ltr'>Respondi</span> <span class='ocrx_word' id='word_1_294' title='bbox 2635 2940 2789 2987; x_wconf 91' lang='lat' dir='ltr'>vero</span> 
     </span>
     <span class='ocr_line' id='line_1_31' title="bbox 253 3006 2791 3109; baseline 0 -36"><span class='ocrx_word' id='word_1_295' title='bbox 253 3006 338 3084; x_wconf 87' lang='lat' dir='ltr'>ei,</span> <span class='ocrx_word' id='word_1_296' title='bbox 378 3020 442 3076; x_wconf 92' lang='lat' dir='ltr'>et</span> <span class='ocrx_word' id='word_1_297' title='bbox 481 3007 660 3076; x_wconf 86' lang='lat' dir='ltr'>dixi:</span> <span class='ocrx_word' id='word_1_298' title='bbox 700 3010 825 3077; x_wconf 92' lang='lat' dir='ltr'>«Si</span> <span class='ocrx_word' id='word_1_299' title='bbox 859 3010 1017 3095; x_wconf 88' lang='lat' dir='ltr'>quis</span> <span class='ocrx_word' id='word_1_300' title='bbox 1068 3021 1297 3079; x_wconf 91' lang='lat' dir='ltr'>autem</span> <span class='ocrx_word' id='word_1_301' title='bbox 1332 3011 1419 3080; x_wconf 88' lang='lat' dir='ltr'>sit</span> <span class='ocrx_word' id='word_1_302' title='bbox 1452 3031 1738 3109; x_wconf 87' lang='lat' dir='ltr'>pauper,</span> <span class='ocrx_word' id='word_1_303' title='bbox 1777 3009 1897 3095; x_wconf 93' lang='lat' dir='ltr'>qui</span> <span class='ocrx_word' id='word_1_304' title='bbox 1936 3030 2067 3076; x_wconf 92' lang='lat' dir='ltr'>non</span> <span class='ocrx_word' id='word_1_305' title='bbox 2124 3009 2335 3099; x_wconf 90' lang='lat' dir='ltr'>possit</span> <span class='ocrx_word' id='word_1_306' title='bbox 2394 3009 2634 3077; x_wconf 82' lang='lat' dir='ltr'>offerre</span> <span class='ocrx_word' id='word_1_307' title='bbox 2668 3006 2791 3075; x_wconf 87' lang='lat' dir='ltr'>ali-</span> 
     </span>
     <span class='ocr_line' id='line_1_32' title="bbox 247 3095 2780 3188; baseline 0 -25"><span class='ocrx_word' id='word_1_308' title='bbox 247 3095 442 3180; x_wconf 80' lang='lat' dir='ltr'>quid,</span> <span class='ocrx_word' id='word_1_309' title='bbox 484 3109 603 3165; x_wconf 93' lang='lat' dir='ltr'>aut</span> <span class='ocrx_word' id='word_1_310' title='bbox 665 3098 926 3166; x_wconf 89' lang='lat' dir='ltr'>nutrire</span> <span class='ocrx_word' id='word_1_311' title='bbox 979 3120 1351 3188; x_wconf 87' lang='lat' dir='ltr'>pauperem</span> <span class='ocrx_word' id='word_1_312' title='bbox 1403 3100 1471 3167; x_wconf 89' lang='lat' dir='ltr'>in</span> <span class='ocrx_word' id='word_1_313' title='bbox 1511 3110 1608 3167; x_wconf 88' lang='lat' dir='ltr'>tui</span> <span class='ocrx_word' id='word_1_314' title='bbox 1670 3099 2098 3176; x_wconf 85' lang='lat' dir='ltr'>memoriam,</span> <span class='ocrx_word' id='word_1_315' title='bbox 2143 3119 2272 3168; x_wconf 88' lang='lat' dir='ltr'>non</span> <span class='ocrx_word' id='word_1_316' title='bbox 2320 3097 2539 3165; x_wconf 89' lang='lat' dir='ltr'>veniet</span> <span class='ocrx_word' id='word_1_317' title='bbox 2588 3097 2645 3165; x_wconf 94' lang='lat' dir='ltr'>is</span> <span class='ocrx_word' id='word_1_318' title='bbox 2712 3096 2780 3163; x_wconf 92' lang='lat' dir='ltr'>in</span> 
     </span>
     <span class='ocr_line' id='line_1_33' title="bbox 251 3184 2789 3272; baseline 0.001 -23"><span class='ocrx_word' id='word_1_319' title='bbox 251 3184 546 3272; x_wconf 89' lang='lat' dir='ltr'>primam</span> <span class='ocrx_word' id='word_1_320' title='bbox 578 3186 814 3254; x_wconf 87' lang='lat' dir='ltr'>horam</span> <span class='ocrx_word' id='word_1_321' title='bbox 851 3209 1190 3256; x_wconf 90' lang='lat' dir='ltr'>annorum</span> <span class='ocrx_word' id='word_1_322' title='bbox 1218 3192 1578 3257; x_wconf 76' lang='lat' dir='ltr'>tuorum?»</span> <span class='ocrx_word' id='word_1_323' title='bbox 1607 3192 1668 3255; x_wconf 88' lang='lat' dir='ltr'>Is</span> <span class='ocrx_word' id='word_1_324' title='bbox 1700 3201 1927 3256; x_wconf 88' lang='lat' dir='ltr'>autem</span> <span class='ocrx_word' id='word_1_325' title='bbox 1963 3187 2169 3254; x_wconf 86' lang='lat' dir='ltr'>dixit:</span> <span class='ocrx_word' id='word_1_326' title='bbox 2204 3211 2238 3251; x_wconf 87' lang='lat'>«</span> <span class='ocrx_word' id='word_1_327' title='bbox 2268 3186 2603 3255; x_wconf 81' lang='lat' dir='ltr'>Modicum</span> <span class='ocrx_word' id='word_1_328' title='bbox 2639 3185 2789 3271; x_wconf 79' lang='lat' dir='ltr'>thy-</span> 
     </span>
     <span class='ocr_line' id='line_1_34' title="bbox 251 3272 2782 3352; baseline 0 -12"><span class='ocrx_word' id='word_1_329' title='bbox 251 3272 597 3343; x_wconf 74' lang='lat' dir='ltr'>miamatis</span> <span class='ocrx_word' id='word_1_330' title='bbox 628 3274 696 3342; x_wconf 91' lang='lat' dir='ltr'>in</span> <span class='ocrx_word' id='word_1_331' title='bbox 732 3276 1009 3343; x_wconf 89' lang='lat' dir='ltr'>nomine</span> <span class='ocrx_word' id='word_1_332' title='bbox 1041 3297 1190 3344; x_wconf 90' lang='lat' dir='ltr'>meo</span> <span class='ocrx_word' id='word_1_333' title='bbox 1228 3277 1293 3344; x_wconf 89' lang='lat' dir='ltr'>in</span> <span class='ocrx_word' id='word_1_334' title='bbox 1331 3276 1607 3346; x_wconf 87' lang='lat' dir='ltr'>odorem</span> <span class='ocrx_word' id='word_1_335' title='bbox 1635 3276 1991 3345; x_wconf 88' lang='lat' dir='ltr'>suavitatis</span> <span class='ocrx_word' id='word_1_336' title='bbox 2020 3275 2077 3343; x_wconf 90' lang='lat' dir='ltr'>si</span> <span class='ocrx_word' id='word_1_337' title='bbox 2118 3275 2399 3343; x_wconf 90' lang='lat' dir='ltr'>Domino</span> <span class='ocrx_word' id='word_1_338' title='bbox 2435 3273 2782 3352; x_wconf 88' lang='lat' dir='ltr'>obtulerit,</span> 
     </span>
     <span class='ocr_line' id='line_1_35' title="bbox 254 3359 2789 3458; baseline 0 -31"><span class='ocrx_word' id='word_1_339' title='bbox 254 3359 512 3458; x_wconf 81' lang='lat' dir='ltr'>dignus</span> <span class='ocrx_word' id='word_1_340' title='bbox 547 3362 910 3432; x_wconf 89' lang='lat' dir='ltr'>habebitur</span> <span class='ocrx_word' id='word_1_341' title='bbox 941 3364 1155 3433; x_wconf 82' lang='lat' dir='ltr'>simili</span> <span class='ocrx_word' id='word_1_342' title='bbox 1188 3364 1515 3434; x_wconf 69' lang='lat' dir='ltr'>laetitia.»</span> <span class='ocrx_word' id='word_1_343' title='bbox 1557 3370 1781 3434; x_wconf 80' lang='lat' dir='ltr'>Ausus</span> <span class='ocrx_word' id='word_1_344' title='bbox 1817 3387 1969 3434; x_wconf 88' lang='lat' dir='ltr'>sum</span> <span class='ocrx_word' id='word_1_345' title='bbox 2000 3376 2229 3433; x_wconf 90' lang='lat' dir='ltr'>autem</span> <span class='ocrx_word' id='word_1_346' title='bbox 2266 3363 2392 3432; x_wconf 90' lang='lat' dir='ltr'>hoc</span> <span class='ocrx_word' id='word_1_347' title='bbox 2421 3384 2696 3449; x_wconf 91' lang='lat' dir='ltr'>quoque</span> <span class='ocrx_word' id='word_1_348' title='bbox 2728 3363 2789 3429; x_wconf 91' lang='lat' dir='ltr'>ei</span> 
     </span>
     <span class='ocr_line' id='line_1_36' title="bbox 252 3448 2789 3541; baseline 0.001 -26"><span class='ocrx_word' id='word_1_349' title='bbox 252 3448 503 3517; x_wconf 84' lang='lat' dir='ltr'>dicere:</span> <span class='ocrx_word' id='word_1_350' title='bbox 542 3474 576 3515; x_wconf 92' lang='lat'>«</span> <span class='ocrx_word' id='word_1_351' title='bbox 604 3452 666 3520; x_wconf 90' lang='lat' dir='ltr'>Si</span> <span class='ocrx_word' id='word_1_352' title='bbox 704 3452 862 3538; x_wconf 91' lang='lat' dir='ltr'>quis</span> <span class='ocrx_word' id='word_1_353' title='bbox 889 3466 1118 3522; x_wconf 87' lang='lat' dir='ltr'>autem</span> <span class='ocrx_word' id='word_1_354' title='bbox 1153 3474 1288 3522; x_wconf 92' lang='lat' dir='ltr'>non</span> <span class='ocrx_word' id='word_1_355' title='bbox 1322 3454 2085 3541; x_wconf 69' lang='lat' dir='ltr'>inveneritthymilima,</span> <span class='ocrx_word' id='word_1_356' title='bbox 2119 3453 2295 3521; x_wconf 88' lang='lat' dir='ltr'>sicut</span> <span class='ocrx_word' id='word_1_357' title='bbox 2331 3465 2404 3522; x_wconf 91' lang='lat' dir='ltr'>tu</span> <span class='ocrx_word' id='word_1_358' title='bbox 2430 3452 2686 3538; x_wconf 85' lang='lat' dir='ltr'>degens</span> <span class='ocrx_word' id='word_1_359' title='bbox 2718 3451 2789 3518; x_wconf 86' lang='lat' dir='ltr'>in</span> 
     </span>
     <span class='ocr_line' id='line_1_37' title="bbox 249 3537 2790 3633; baseline 0.001 -29"><span class='ocrx_word' id='word_1_360' title='bbox 249 3537 646 3620; x_wconf 86' lang='lat' dir='ltr'>solitudine,</span> <span class='ocrx_word' id='word_1_361' title='bbox 686 3554 803 3609; x_wconf 86' lang='lat' dir='ltr'>aut</span> <span class='ocrx_word' id='word_1_362' title='bbox 840 3542 903 3610; x_wconf 89' lang='lat' dir='ltr'>ei</span> <span class='ocrx_word' id='word_1_363' title='bbox 938 3563 1374 3628; x_wconf 88' lang='lat' dir='ltr'>nequaquam</span> <span class='ocrx_word' id='word_1_364' title='bbox 1429 3543 1836 3633; x_wconf 83' lang='lat' dir='ltr'>suppetierit</span> <span class='ocrx_word' id='word_1_365' title='bbox 1868 3542 1952 3610; x_wconf 91' lang='lat' dir='ltr'>ad</span> <span class='ocrx_word' id='word_1_366' title='bbox 2006 3541 2454 3619; x_wconf 81' lang='lat' dir='ltr'>offerendum,</span> <span class='ocrx_word' id='word_1_367' title='bbox 2512 3562 2644 3609; x_wconf 93' lang='lat' dir='ltr'>non</span> <span class='ocrx_word' id='word_1_368' title='bbox 2696 3539 2790 3607; x_wconf 87' lang='lat' dir='ltr'>fe-</span> 
     </span>
     <span class='ocr_line' id='line_1_38' title="bbox 253 3627 2786 3719; baseline 0.001 -25"><span class='ocrx_word' id='word_1_369' title='bbox 253 3639 439 3695; x_wconf 85' lang='lat' dir='ltr'>retur</span> <span class='ocrx_word' id='word_1_370' title='bbox 469 3627 538 3695; x_wconf 93' lang='lat' dir='ltr'>in</span> <span class='ocrx_word' id='word_1_371' title='bbox 598 3629 893 3718; x_wconf 87' lang='lat' dir='ltr'>primam</span> <span class='ocrx_word' id='word_1_372' title='bbox 938 3631 1174 3699; x_wconf 88' lang='lat' dir='ltr'>horam</span> <span class='ocrx_word' id='word_1_373' title='bbox 1219 3630 1406 3700; x_wconf 91' lang='lat' dir='ltr'>mille</span> <span class='ocrx_word' id='word_1_374' title='bbox 1458 3634 1855 3700; x_wconf 69' lang='lat' dir='ltr'>annorum?</span> <span class='ocrx_word' id='word_1_375' title='bbox 1922 3652 2004 3699; x_wconf 90' lang='lat' dir='ltr'>an</span> <span class='ocrx_word' id='word_1_376' title='bbox 2061 3631 2310 3717; x_wconf 88' lang='lat' dir='ltr'>potius,</span> <span class='ocrx_word' id='word_1_377' title='bbox 2364 3651 2404 3697; x_wconf 95' lang='lat' dir='ltr'>o</span> <span class='ocrx_word' id='word_1_378' title='bbox 2442 3643 2666 3719; x_wconf 88' lang='lat' dir='ltr'>pater,</span> <span class='ocrx_word' id='word_1_379' title='bbox 2703 3627 2786 3696; x_wconf 91' lang='lat' dir='ltr'>ad</span> 
     </span>
     <span class='ocr_line' id='line_1_39' title="bbox 251 3718 2791 3808; baseline 0.001 -26"><span class='ocrx_word' id='word_1_380' title='bbox 251 3737 377 3785; x_wconf 86' lang='lat' dir='ltr'>nos</span> <span class='ocrx_word' id='word_1_381' title='bbox 413 3718 807 3805; x_wconf 89' lang='lat' dir='ltr'>pervenient</span> <span class='ocrx_word' id='word_1_382' title='bbox 841 3741 1074 3808; x_wconf 90' lang='lat' dir='ltr'>preces</span> <span class='ocrx_word' id='word_1_383' title='bbox 1109 3732 1265 3788; x_wconf 91' lang='lat' dir='ltr'>tuae</span> <span class='ocrx_word' id='word_1_384' title='bbox 1287 3719 1628 3805; x_wconf 74' lang='lat' dir='ltr'>justitiae?</span> <span class='ocrx_word' id='word_1_385' title='bbox 1662 3721 1728 3789; x_wconf 89' lang='lat' dir='ltr'>Si</span> <span class='ocrx_word' id='word_1_386' title='bbox 1761 3719 1928 3806; x_wconf 92' lang='lat' dir='ltr'>quid</span> <span class='ocrx_word' id='word_1_387' title='bbox 1964 3719 2148 3787; x_wconf 90' lang='lat' dir='ltr'>enim</span> <span class='ocrx_word' id='word_1_388' title='bbox 2185 3742 2222 3786; x_wconf 91' lang='lat' dir='ltr'>a</span> <span class='ocrx_word' id='word_1_389' title='bbox 2256 3718 2540 3786; x_wconf 90' lang='lat' dir='ltr'>Domino</span> <span class='ocrx_word' id='word_1_390' title='bbox 2581 3718 2791 3807; x_wconf 89' lang='lat' dir='ltr'>petie-</span> 
     </span>
     <span class='ocr_line' id='line_1_40' title="bbox 253 3804 2794 3902; baseline 0.001 -31"><span class='ocrx_word' id='word_1_391' title='bbox 253 3804 372 3902; x_wconf 83' lang='lat' dir='ltr'>ris,</span> <span class='ocrx_word' id='word_1_392' title='bbox 410 3804 602 3873; x_wconf 91' lang='lat' dir='ltr'>dabit</span> <span class='ocrx_word' id='word_1_393' title='bbox 646 3805 800 3876; x_wconf 88' lang='lat' dir='ltr'>tibi:</span> <span class='ocrx_word' id='word_1_394' title='bbox 842 3829 1062 3894; x_wconf 90' lang='lat' dir='ltr'>neque</span> <span class='ocrx_word' id='word_1_395' title='bbox 1115 3819 1233 3876; x_wconf 91' lang='lat' dir='ltr'>tua</span> <span class='ocrx_word' id='word_1_396' title='bbox 1267 3808 1532 3879; x_wconf 88' lang='lat' dir='ltr'>tardius</span> <span class='ocrx_word' id='word_1_397' title='bbox 1568 3809 1789 3877; x_wconf 89' lang='lat' dir='ltr'>veniet</span> <span class='ocrx_word' id='word_1_398' title='bbox 1839 3808 2092 3897; x_wconf 90' lang='lat' dir='ltr'>petitio,</span> <span class='ocrx_word' id='word_1_399' title='bbox 2136 3821 2408 3898; x_wconf 86' lang='lat' dir='ltr'>propter</span> <span class='ocrx_word' id='word_1_400' title='bbox 2443 3819 2632 3875; x_wconf 91' lang='lat' dir='ltr'>tuam</span> <span class='ocrx_word' id='word_1_401' title='bbox 2668 3806 2794 3873; x_wconf 91' lang='lat' dir='ltr'>im-</span> 
     </span>
     <span class='ocr_line' id='line_1_41' title="bbox 251 3893 2792 3987; baseline 0.001 -28"><span class='ocrx_word' id='word_1_402' title='bbox 251 3914 518 3982; x_wconf 79' lang='lat' dir='ltr'>pigram</span> <span class='ocrx_word' id='word_1_403' title='bbox 556 3896 975 3977; x_wconf 81' lang='lat' dir='ltr'>servitutem,</span> <span class='ocrx_word' id='word_1_404' title='bbox 1022 3918 1228 3983; x_wconf 88' lang='lat' dir='ltr'>quam</span> <span class='ocrx_word' id='word_1_405' title='bbox 1273 3899 1626 3987; x_wconf 78' lang='lat' dir='ltr'>sexaginta</span> <span class='ocrx_word' id='word_1_406' title='bbox 1659 3900 1878 3966; x_wconf 79' lang='lat' dir='ltr'>an‘nos</span> <span class='ocrx_word' id='word_1_407' title='bbox 1912 3896 2328 3975; x_wconf 89' lang='lat' dir='ltr'>sustinuisti,</span> <span class='ocrx_word' id='word_1_408' title='bbox 2375 3896 2633 3981; x_wconf 86' lang='lat' dir='ltr'>quibus</span> <span class='ocrx_word' id='word_1_409' title='bbox 2659 3893 2792 3962; x_wconf 89' lang='lat' dir='ltr'>sui-</span> 
     </span>
     <span class='ocr_line' id='line_1_42' title="bbox 247 3982 2788 4074; baseline 0.001 -26"><span class='ocrx_word' id='word_1_410' title='bbox 247 3982 332 4050; x_wconf 89' lang='lat' dir='ltr'>sti</span> <span class='ocrx_word' id='word_1_411' title='bbox 359 3983 427 4049; x_wconf 94' lang='lat' dir='ltr'>in</span> <span class='ocrx_word' id='word_1_412' title='bbox 467 3982 594 4051; x_wconf 87' lang='lat' dir='ltr'>hac</span> <span class='ocrx_word' id='word_1_413' title='bbox 626 3983 996 4054; x_wconf 89' lang='lat' dir='ltr'>solitudine</span> <span class='ocrx_word' id='word_1_414' title='bbox 1026 3998 1391 4074; x_wconf 83' lang='lat' dir='ltr'>expectans</span> <span class='ocrx_word' id='word_1_415' title='bbox 1435 3987 1873 4056; x_wconf 85' lang='lat' dir='ltr'>Dominum.»</span> <span class='ocrx_word' id='word_1_416' title='bbox 1900 3991 2051 4074; x_wconf 87' lang='lat' dir='ltr'>Ipse</span> <span class='ocrx_word' id='word_1_417' title='bbox 2073 3999 2297 4055; x_wconf 89' lang='lat' dir='ltr'>autem</span> <span class='ocrx_word' id='word_1_418' title='bbox 2340 3983 2788 4074; x_wconf 88' lang='lat' dir='ltr'>respondens,</span> 
     </span>
     <span class='ocr_line' id='line_1_43' title="bbox 249 4070 2791 4165; baseline 0 -26"><span class='ocrx_word' id='word_1_419' title='bbox 249 4070 421 4139; x_wconf 76' lang='lat' dir='ltr'>dixit</span> <span class='ocrx_word' id='word_1_420' title='bbox 455 4071 665 4140; x_wconf 89' lang='lat' dir='ltr'>milii:</span> <span class='ocrx_word' id='word_1_421' title='bbox 714 4099 739 4136; x_wconf 75' lang='grc' dir='ltr'>(ι</span> <span class='ocrx_word' id='word_1_422' title='bbox 775 4076 842 4142; x_wconf 90' lang='lat' dir='ltr'>Si</span> <span class='ocrx_word' id='word_1_423' title='bbox 901 4073 1059 4161; x_wconf 85' lang='lat' dir='ltr'>quis</span> <span class='ocrx_word' id='word_1_424' title='bbox 1111 4087 1213 4144; x_wconf 89' lang='lat' dir='ltr'>est</span> <span class='ocrx_word' id='word_1_425' title='bbox 1272 4097 1534 4165; x_wconf 87' lang='lat' dir='ltr'>pauper</span> <span class='ocrx_word' id='word_1_426' title='bbox 1597 4074 1919 4145; x_wconf 88' lang='lat' dir='ltr'>habitans</span> <span class='ocrx_word' id='word_1_427' title='bbox 1967 4076 2034 4143; x_wconf 92' lang='lat' dir='ltr'>in</span> <span class='ocrx_word' id='word_1_428' title='bbox 2082 4073 2493 4154; x_wconf 89' lang='lat' dir='ltr'>solitudine,</span> <span class='ocrx_word' id='word_1_429' title='bbox 2539 4086 2602 4141; x_wconf 89' lang='lat' dir='ltr'>et</span> <span class='ocrx_word' id='word_1_430' title='bbox 2658 4094 2791 4139; x_wconf 91' lang='lat' dir='ltr'>non</span> 
     </span>
     <span class='ocr_line' id='line_1_44' title="bbox 251 4161 2796 4258; baseline -0 -30"><span class='ocrx_word' id='word_1_431' title='bbox 251 4172 470 4258; x_wconf 84' lang='lat' dir='ltr'>potest</span> <span class='ocrx_word' id='word_1_432' title='bbox 508 4161 750 4230; x_wconf 80' lang='lat' dir='ltr'>offeri-e</span> <span class='ocrx_word' id='word_1_433' title='bbox 797 4162 1237 4243; x_wconf 83' lang='lat' dir='ltr'>oblationem,</span> <span class='ocrx_word' id='word_1_434' title='bbox 1277 4178 1395 4233; x_wconf 93' lang='lat' dir='ltr'>aut</span> <span class='ocrx_word' id='word_1_435' title='bbox 1444 4164 1709 4233; x_wconf 91' lang='lat' dir='ltr'>mittere</span> <span class='ocrx_word' id='word_1_436' title='bbox 1756 4163 2158 4252; x_wconf 88' lang='lat' dir='ltr'>thymiama,</span> <span class='ocrx_word' id='word_1_437' title='bbox 2197 4164 2253 4231; x_wconf 91' lang='lat' dir='ltr'>is</span> <span class='ocrx_word' id='word_1_438' title='bbox 2308 4185 2461 4232; x_wconf 88' lang='lat' dir='ltr'>vero</span> <span class='ocrx_word' id='word_1_439' title='bbox 2503 4182 2796 4250; x_wconf 82' lang='lat' dir='ltr'>surgens</span> 
     </span>
     <span class='ocr_line' id='line_1_45' title="bbox 250 4248 2796 4345; baseline 0.001 -30"><span class='ocrx_word' id='word_1_440' title='bbox 250 4248 523 4345; x_wconf 79' lang='lat' dir='ltr'>dixerit,</span> <span class='ocrx_word' id='word_1_441' title='bbox 579 4254 775 4320; x_wconf 89' lang='lat' dir='ltr'>Pater</span> <span class='ocrx_word' id='word_1_442' title='bbox 804 4266 1034 4323; x_wconf 90' lang='lat' dir='ltr'>noster</span> <span class='ocrx_word' id='word_1_443' title='bbox 1079 4254 1200 4339; x_wconf 91' lang='lat' dir='ltr'>qui</span> <span class='ocrx_word' id='word_1_444' title='bbox 1250 4275 1322 4321; x_wconf 90' lang='lat' dir='ltr'>es</span> <span class='ocrx_word' id='word_1_445' title='bbox 1373 4253 1440 4321; x_wconf 88' lang='lat' dir='ltr'>in</span> <span class='ocrx_word' id='word_1_446' title='bbox 1484 4252 1736 4332; x_wconf 82' lang='lat' dir='ltr'>coeliS‚</span> <span class='ocrx_word' id='word_1_447' title='bbox 1790 4264 1853 4321; x_wconf 90' lang='lat' dir='ltr'>et</span> <span class='ocrx_word' id='word_1_448' title='bbox 1911 4252 2175 4338; x_wconf 85' lang='lat' dir='ltr'>reliqua</span> <span class='ocrx_word' id='word_1_449' title='bbox 2208 4273 2426 4338; x_wconf 89' lang='lat' dir='ltr'>usque</span> <span class='ocrx_word' id='word_1_450' title='bbox 2467 4251 2550 4319; x_wconf 88' lang='lat' dir='ltr'>ad</span> <span class='ocrx_word' id='word_1_451' title='bbox 2587 4255 2796 4318; x_wconf 80' lang='lat' dir='ltr'>Amen</span> 
     </span>
     <span class='ocr_line' id='line_1_46' title="bbox 253 4337 2797 4436; baseline 0.001 -34"><span class='ocrx_word' id='word_1_452' title='bbox 253 4358 322 4402; x_wconf 87' lang='lat' dir='ltr'>in</span> <span class='ocrx_word' id='word_1_453' title='bbox 389 4337 670 4408; x_wconf 88' lang='lat' dir='ltr'>nomine</span> <span class='ocrx_word' id='word_1_454' title='bbox 725 4362 873 4409; x_wconf 89' lang='lat' dir='ltr'>meo</span> <span class='ocrx_word' id='word_1_455' title='bbox 932 4342 1220 4411; x_wconf 81' lang='lat' dir='ltr'>Domino</span> <span class='ocrx_word' id='word_1_456' title='bbox 1277 4341 1623 4423; x_wconf 89' lang='lat' dir='ltr'>obtulerit,</span> <span class='ocrx_word' id='word_1_457' title='bbox 1687 4340 1942 4430; x_wconf 88' lang='lat' dir='ltr'>rogabo</span> <span class='ocrx_word' id='word_1_458' title='bbox 1991 4364 2148 4410; x_wconf 81' lang='lat' dir='ltr'>cuin</span> <span class='ocrx_word' id='word_1_459' title='bbox 2184 4397 2198 4420; x_wconf 91' lang='lat'>‚</span> <span class='ocrx_word' id='word_1_460' title='bbox 2254 4353 2330 4409; x_wconf 91' lang='lat' dir='ltr'>ut</span> <span class='ocrx_word' id='word_1_461' title='bbox 2374 4340 2631 4429; x_wconf 85' lang='lat' dir='ltr'>dignus</span> <span class='ocrx_word' id='word_1_462' title='bbox 2675 4338 2797 4436; x_wconf 83' lang='lat' dir='ltr'>lia-</span> 
     </span>
     <span class='ocr_line' id='line_1_47' title="bbox 253 4424 2799 4519; baseline -0 -25"><span class='ocrx_word' id='word_1_463' title='bbox 253 4424 518 4507; x_wconf 88' lang='lat' dir='ltr'>beatur,</span> <span class='ocrx_word' id='word_1_464' title='bbox 571 4428 693 4513; x_wconf 92' lang='lat' dir='ltr'>qui</span> <span class='ocrx_word' id='word_1_465' title='bbox 742 4429 812 4497; x_wconf 93' lang='lat' dir='ltr'>in</span> <span class='ocrx_word' id='word_1_466' title='bbox 865 4430 1090 4519; x_wconf 90' lang='lat' dir='ltr'>prima</span> <span class='ocrx_word' id='word_1_467' title='bbox 1147 4432 1314 4500; x_wconf 90' lang='lat' dir='ltr'>liora</span> <span class='ocrx_word' id='word_1_468' title='bbox 1367 4430 1555 4500; x_wconf 90' lang='lat' dir='ltr'>mille</span> <span class='ocrx_word' id='word_1_469' title='bbox 1613 4451 1956 4501; x_wconf 89' lang='lat' dir='ltr'>annorum</span> <span class='ocrx_word' id='word_1_470' title='bbox 2003 4451 2161 4499; x_wconf 86' lang='lat' dir='ltr'>cum</span> <span class='ocrx_word' id='word_1_471' title='bbox 2213 4429 2539 4498; x_wconf 90' lang='lat' dir='ltr'>omnibus</span> <span class='ocrx_word' id='word_1_472' title='bbox 2586 4427 2799 4517; x_wconf 89' lang='lat' dir='ltr'>justis</span> 
     </span>
    </p>
   </div>
   <div class='ocr_carea' id='block_1_3' title="bbox 415 4538 2687 4603">
    <p class='ocr_par' dir='ltr' id='par_1_4' title="bbox 415 4538 2687 4603">
     <span class='ocr_line' id='line_1_48' title="bbox 415 4538 2687 4603; baseline 0 -12"><span class='ocrx_word' id='word_1_473' title='bbox 415 4539 656 4595; x_wconf 80' lang='lat' dir='ltr'>surius</span> <span class='ocrx_word' id='word_1_474' title='bbox 686 4570 702 4582; x_wconf 91' lang='lat'><strong>·</strong></span> <span class='ocrx_word' id='word_1_475' title='bbox 740 4538 900 4601; x_wconf 75' lang='lat' dir='ltr'>Vitae</span> <span class='ocrx_word' id='word_1_476' title='bbox 926 4539 1036 4603; x_wconf 78' lang='lat' dir='ltr'>SS.</span> <span class='ocrx_word' id='word_1_477' title='bbox 1063 4571 1085 4582; x_wconf 93' lang='lat'>·</span> <span class='ocrx_word' id='word_1_478' title='bbox 1115 4538 1242 4600; x_wconf 88' lang='lat' dir='ltr'>Vol.</span> <span class='ocrx_word' id='word_1_479' title='bbox 1277 4539 1375 4600; x_wconf 81' lang='lat' dir='ltr'>VI.</span> <span class='ocrx_word' id='word_1_480' title='bbox 2574 4538 2641 4593; x_wconf 77' lang='lat'>13</span> <span class='ocrx_word' id='word_1_481' title='bbox 2680 4561 2687 4576; x_wconf 92' lang='lat'><strong>·</strong></span> 
     </span>
    </p>
   </div>
  </div>
 </body>
</html>
