3357 4995
645 309 772 392 468
1214 325 1292 373 mi
1341 326 1437 382 ss.¹
1486 322 1793 386 canusio
1840 324 1914 371 nr
1963 322 2270 382 morasm-
2312 323 2426 382 nu,
2734 306 2770 371 J
2784 304 2954 371 UNu
3008 306 3090 371 ⁴9

647 413 684 498 ξ
731 415 816 494 4,.
873 410 998 480 Sed
1030 430 1287 495 quaero
1321 408 1486 496 quid
1525 431 1660 478 non
1698 407 2004 492 credant,
2040 420 2278 488 utrum,
2300 407 2794 497 amartyribus
2829 408 3097 496 possint

561 498 776 601 aliqui
827 498 1128 570 visitari?
1175 498 1302 578 hoc
1351 510 1463 580 est,
1500 497 1780 582 Christo,
1814 519 1951 567 non
1997 495 2295 580 credere,
2332 501 2487 587 Ipse
2533 495 2718 566 enim
2753 494 2964 566 dixit:
3020 502 3124 572 Et.

563 610 673 678 ma
710 610 828 657 ora
877 587 986 656 his
1034 586 1340 662 facietis:
1380 607 1468 666 an
1519 586 1604 660 ab
1655 586 1805 658 istis
1855 585 2303 675 martyribus,
2337 607 2636 673 quorum
2687 585 2928 654 merita
2949 585 3096 675 jam

563 611 830 747 dudum
873 677 1125 766 vigent,
1178 696 1465 766 corpora
1504 675 1773 744 dudum
1835 696 1906 744 re
1959 689 2102 744 erta
2145 678 2355 745 sunt?
2387 679 2650 757 Quaero
2700 673 2811 743 hic
2859 685 3098 745 utrum

564 765 759 846 mihi,
823 787 908 834 an
962 764 1218 834 sanctis
1281 764 1705 853 martyribus
1752 764 1910 846 invi,
1943 767 2145 835 eant?
2178 762 2246 832 Si
2287 763 2482 843 milii,
2536 762 2854 850 nunquid
2903 785 2943 831 a
2994 783 3104 834 me

562 845 836 943 aliquae
884 854 1166 923 virtutes
1214 852 1441 922 fiunt?
1505 852 1830 940 Nunquid
1896 874 2046 922 meo
2108 874 2333 942 opere,
2384 873 2535 921 meo
2595 852 2920 922 nomine?
2968 854 3101 921 Cur

561 942 773 1032 igitur
823 943 993 1012 mihi
1045 941 1373 1024 invident,
1415 940 1599 1028 quod
1642 963 1874 1022 meum
1911 962 2056 1020 non
2081 946 2231 1014 est·‘?
2281 941 2352 1011 Si
2397 940 2821 1028 martyribus
2859 940 3106 1030 (restat

560 1030 770 1112 enim,
823 1043 921 1112 ut,
975 1030 1035 1114 si
1086 1030 1257 1100 mihi
1308 1028 1828 1114 noninvident,
1879 1030 2300 1118 martyribus
2356 1027 2663 1099 invidere
2710 1028 3103 1117 videantur)

561 1119 934 1202 ostendunt
972 1118 1256 1200 alterius
1296 1118 1457 1188 fidei
1505 1116 1718 1188 fuisse
1769 1131 1943 1198 mart
1996 1140 2124 1199 res,
2162 1140 2370 1205 quam
2423 1118 2556 1209 ipsi
2604 1117 2918 1194 credunt.
2974 1122 3100 1188 Ne-

559 1230 693 1295 que
717 1209 900 1278 enim
926 1207 1127 1292 aliter
1155 1229 1394 1280 eorum
1420 1206 1938 1296 ⁴operibusjnvi
1982 1220 2194 1288 erent,
2232 1206 2365 1277 nisi
2398 1206 2606 1286 fidem
2633 1207 2707 1286 in
2740 1207 2848 1280 his
2881 1204 3104 1282 fuisse

560 1319 735 1376 eam,
809 1318 1016 1383 quam
1068 1296 1192 1378 ‘isti
1243 1317 1374 1364 non
1449 1296 1725 1377 habent,
1768 1295 2204 1385 judicarent:
2258 1295 2462 1370 fidem
2516 1295 2708 1366 illam
2760 1295 3098 1384 Majorum

562 1383 927 1455 traditione
951 1384 1319 1464 firmatam,
1357 1406 1566 1470 quam
1594 1384 1980 1466 ‚daemones
2012 1385 2145 1474 ipsi
2179 1404 2438 1474 negare,
2457 1405 2593 1458 non
2630 1396 2944 1473 possunt,
2978 1383 3099 1462 sed

563 1474 829 1543 Arriani
880 1495 963 1541 ne
1015 1486 1157 1542 ant.

649 1565 685 1649 ξ
730 1568 819 1646 5.,
873 1567 967 1630 Au
1022 1562 1273 1630 ivimus
1326 1560 1524 1631 hodie
1572 1562 1878 1631 dicentes
1925 1583 2040 1632 eos
2087 1562 2344 1649 quibus
2396 1583 2644 1632 manus
2695 1561 3099 1651 imponeba-

563 1662 695 1731 tur,
744 1651 1088 1720 neminem
1145 1671 1342 1739 posse
1397 1672 1545 1728 esse
1588 1649 1884 1729 salvum,
1924 1652 2045 1737 qui
2095 1656 2359 1728 Patrem
2410 1664 2475 1719 et
2523 1650 2768 1726 Filium
2817 1662 2883 1719 et
2947 1651 3100 1739 Spi-
3168 1691 3173 1695 -

563 1739 770 1807 ritum
833 1743 1157 1809 Sanctum
1225 1751 1544 1828 negaret,
1597 1738 1720 1826 qui
1769 1739 2117 1809 Trinitatis
2164 1739 2704 1828 omnipotentem
2777 1739 3095 1809 virtutem

565 1850 701 1897 non
752 1827 1079 1897 crederet.
1134 1828 1503 1898 Confitetur
1545 1827 1673 1896 hoc
1723 1827 2066 1905 diabolus,
2121 1826 2235 1906 sed
2288 1828 2555 1897 Arriani
2591 1826 2836 1898 nolunt
2874 1827 3093 1898 fateri.

565 1914 737 1985 Dicit
784 1914 1141 1986 diabolus:
1183 1916 1253 1985 si
1302 1929 1719 2003 torqueatur,
1772 1915 2359 2003 quemadmodum
2400 1916 2548 2005 ipse
2585 1938 2625 1984 a
2676 1916 3095 2006 martyribus

565 2005 1032 2090 torquebatur,
1085 2005 1203 2090 qui
1240 2004 1536 2095 Spiritus
1585 2005 1814 2076 Sancti
1863 2004 2180 2075 deitatem
2234 2006 2519 2095 negarit.
2560 2010 2702 2074 Non
2744 2004 3005 2093 accipio
3053 2026 3094 2072 a

568 2092 842 2162 diabolo
905 2092 1399 2174 testimonium,
1475 2092 1590 2163 sed
1639 2092 2165 2163 confessionem.
2220 2093 2483 2164 Invitus
2531 2093 2702 2163 dixit
2747 2091 3086 2171 diabolus,

569 2180 688 2250 sed
727 2195 1004 2251 exactus
1050 2195 1114 2250 et
1162 2195 1402 2252 tortus,
1439 2182 1630 2264 Quod
1664 2183 1969 2269 nequitia
2004 2183 2398 2272 supprimit,
2433 2195 2785 2268 extorquet
2811 2181 3089 2268 injuria.

566 2268 752 2338 Cedit
820 2269 1139 2340 diabolus
1175 2270 1420 2359 plagis,
1472 2282 1536 2339 et
1583 2270 1811 2340 adhuc
1845 2271 2083 2340 cedere
2132 2271 2449 2342 nesciunt
2495 2270 2788 2348 Arriani.
2835 2275 3098 2352 Quanta

564 2360 873 2448 perpessi
922 2370 1106 2440 sunt,
1158 2371 1222 2428 et
1253 2358 1839 2446 quemadmodum
1893 2359 2154 2440 Pharao
2207 2358 2407 2440 malis
2439 2359 3091 2434 ,suisindurantun

564 2447 840 2518 Dicebat
870 2447 1211 2531 diaboluS,
1271 2461 1342 2517 ut
1398 2448 1731 2538 scriptum
1770 2448 2109 2538 legimus:
2166 2449 2316 2519 Scio
2369 2460 2453 2529 te,
2505 2448 2665 2536 quis
2713 2447 2831 2520 siS.
2888 2454 2988 2518 Tu
3025 2469 3098 2520 es

564 2535 751 2606 filius
808 2537 921 2606 Dei
990 2537 1142 2605 vivi.
1203 2537 1523 2606 Dicebant
1586 2536 1874 2607 Judaei:
1929 2538 2308 2616 NescimuS,
2363 2539 2523 2624 quis
2584 2538 2690 2611 sit.
2767 2538 3099 2606 Dicebant

565 2624 769 2694 hodie
808 2641 872 2694 et
921 2626 1273 2716 superiore
1321 2625 1430 2694 die
1488 2625 1586 2694 vel
1632 2639 1827 2696 nocte
1874 2626 2280 2695 daemones:
2352 2628 2644 2705 Scimus,
2699 2626 2862 2712 quia
2915 2648 3098 2695 mar-

566 2724 749 2802 tyres
795 2715 994 2783 estis:
1048 2729 1112 2783 et
1173 2715 1436 2783 Arriani
1505 2713 1781 2784 dicunt:
1844 2714 2222 2785 Nescimus.
2278 2715 2611 2785 Nolumus
2669 2713 3086 2803 intelligere,

563 2802 892 2872 nolumus
940 2803 1239 2873 credere.
1298 2804 1540 2873 Dicunt
1564 2804 1936 2873 daemones
1970 2804 2430 2891 martyribus:
2487 2803 2778 2873 Venistis
2816 2802 3097 2891 perdere

562 2912 724 2959 nos:
778 2892 1045 2960 Arriani
1093 2891 1358 2967 dicunt,
1406 2898 1545 2961 Non
1582 2905 1747 2961 sunt
1793 2891 2206 2967 daemonum
2252 2914 2407 2961 vera
2441 2903 2795 2971 tormenta,
2842 2891 2960 2961 sed
3012 2890 3095 2959 fi-

561 2990 670 3048 cta
696 2991 760 3047 et
789 2981 1170 3070 composita
1219 2978 1544 3050 ludibria.
1588 2979 1832 3050 Audivi
1882 2980 2097 3049 multa
2145 2981 2498 3070 componi:
2539 2980 2667 3057 hoc
2713 3002 2917 3049 nemo
2966 3001 3097 3049 un·

561 3088 770 3223 guam
836 3068 1096 3158 fingere
1146 3070 1386 3157 potuit,
1453 3081 1528 3139 ut
1575 3068 2104 3141 daemoniacum
2171 3091 2246 3147 56
2290 3092 2437 3140 6556
2492 3068 2791 3151 simulet,
2852 3068 3090 3159 (alias,

613 3178 968 3227 aemonem
1022 3179 1092 3227 se
1125 3180 1273 3227 esse
1308 3157 1717 3246 simularet).

650 3246 686 3330 ξ
735 3249 827 3316 θ..
882 3245 1012 3328 Qui
1062 3245 1260 3324 illud,
1301 3245 1482 3332 quod
1528 3248 1621 3316 ita
1668 3245 1997 3335 exagitari
2030 3266 2145 3315 eos
2183 3245 2521 3328 videmuS,
2555 3247 2813 3334 quibus
2850 3268 3096 3316 manus

562 3332 991 3421 imponitur?
1039 3335 1159 3403 ubi
1201 3334 1310 3403 hic
1360 3334 1551 3404 locus
1581 3333 1810 3404 fraudi
1848 3347 1970 3415 est,
2010 3334 2130 3403 ubi
2166 3334 2469 3425 suspicio
2518 3334 2941 3406 simulandi?
2978 3334 3092 3404 sed

561 3442 697 3488 non
740 3445 866 3512 ego
906 3422 990 3491 ad
1043 3423 1453 3513 suffragium
1504 3436 1888 3513 martyrum
1945 3445 2207 3513 usurpo
2248 3445 2479 3499 vocem
2541 3422 3087 3493 daemoniorum.

561 3510 921 3580 Beneficiis
970 3535 1165 3582 sacra
1208 3512 1433 3601 passio
1465 3512 1613 3582 suis
1659 3511 2166 3602 comprobetur.
2208 3513 2423 3583 Habet
2444 3512 2740 3599 judices,
2777 3510 2890 3581 sed
2928 3531 3095 3599 pur-

558 3610 789 3752 igatos:
831 3600 1034 3670 habet
1075 3611 1298 3680 testes,
1351 3601 1470 3670 sed
1511 3601 1887 3670 absolutos.
1944 3600 2177 3671 Melior
2225 3623 2350 3671 vox
2397 3613 2519 3681 est,
2572 3621 2780 3688 quam
2833 3599 3102 3677 sanitas

589 3688 869 3772 oquitur
915 3711 1150 3761 eorum
1202 3690 1321 3775 qui
1393 3689 1652 3761 debiles
1702 3687 2149 3759 advenerunt.
2225 3689 2456 3760 Melior
2511 3710 2660 3765 vox.
2695 3699 2829 3769 est,
2883 3709 3096 3776 quam

561 3777 846 3875 sanguis
902 3779 1171 3848 emittit.
1235 3778 1449 3848 Habet
1513 3779 1700 3848 enim
1765 3779 2052 3870 sanguis
2114 3800 2344 3855 vocem
2410 3798 2731 3853 canoram
2787 3798 2965 3864 quae
3014 3776 3098 3845 de

561 3873 759 3961 terris
809 3866 889 3934 ad
942 3866 1209 3936 coelum
1255 3868 1579 3954 pervenit.
1635 3867 1945 3955 LegistiS,
1986 3866 2597 3945 dicenteDomino:
2641 3865 2937 3967 Sanguis
2964 3864 3099 3941 fra-

558 3962 684 4020 tris
744 3954 840 4023 tui
908 3955 1159 4025 clamat
1206 3955 1292 4023 ad
1344 3977 1475 4024 me.
1531 3961 1608 4025 Et
1669 3956 1784 4027 hic
1846 3957 2133 4047 sanguis
2179 3955 2428 4024 clamat
2474 3954 2726 4026 coloris
2790 3952 3091 4024 indicio:

559 4043 847 4138 sanguis
894 4043 1146 4113 clamat
1193 4045 1610 4133 operationis
1660 4046 2058 4134 praeconio:
2114 4044 2399 4135 sanguis
2445 4042 2701 4114 clamat
2800 4043 3099 4117 assionis

563 4138 769 4227 trium
827 4131 938 4201 ho.
975 4132 1406 4203 satisfactum
1445 4145 1545 4203 est
1572 4134 1883 4223 petitioni
1910 4147 2188 4213 vestrae,
2221 4147 2295 4201 ut
2325 4131 2721 4205 condendas
2799 4144 3093 4214 esterno,

558 4237 629 4285 in
669 4154 1077 4291 hodiernum
1130 4222 1313 4293 diem
1364 4221 1804 4294 differremus
1850 4221 2178 4311 reliquias
2207 4221 2264 4290 ⁸³.

608 4438 630 4461 ·
660 4438 803 4479 Plura
821 4439 879 4480 de
898 4439 973 4481 88.
993 4438 1217 4484 Get-vasio
1237 4441 1282 4482 et
1301 4439 1512 4493 Pronum
1524 4439 1726 4499 ⁸habente
1745 4437 1796 4483 in
1818 4439 2034 4491 mut-„effi
2055 4437 2239 4485 Nunti
2261 4442 2309 4484 et
2328 4439 2453 4483 celsi
2475 4448 2631 4497 ,xxviii
2649 4440 2740 4491 jul.
