3357 4995
715 379 798 443 94
1236 393 1314 441 nr.
1363 392 1453 440 ss.
1511 391 1901 439 PERGEN'HNO
1949 392 2025 439 m·
2074 388 2386 437 LAURENT.
2443 391 2558 437 mr.
2870 371 3089 437 JUNII
3140 371 3179 435 3

627 501 789 549 cum
853 477 1320 548 anniversaria
1379 482 1443 547 S.
1510 477 1850 547 Hermetis
1916 475 2348 545 solemnitate
2410 485 2553 544 erat
2602 473 2861 553 futura,
2933 495 3173 544 navem
3276 485 3287 496 “

627 589 864 638 eorum
914 568 984 636 in
1038 567 1385 657 regionem
1452 587 1649 635 suam
1723 585 2081 635 reversura
2147 563 2662 634 conscenderet.
2724 568 3020 650 Jamque
3066 563 3173 631 in·

617 657 849 726 ‘stante
904 669 1133 736 nocte,
1193 675 1371 742 quae
1420 653 1602 723 diem
1653 652 2060 743 profectioni
2146 652 2503 723 ondictum
2570 664 2715 721 erat
2764 652 2913 720 sine
2961 651 3175 722 dubio

627 766 1097 833 praecessura,
1130 765 1291 813 cum
1327 745 1453 813 nos‘
1492 742 1876 814 secundum
1909 763 2076 811 cons
2132 741 2484 811 etudinem
2526 739 2867 831 completo
2897 755 3175 810 noctur-

626 833 766 902 nali
799 831 1048 914 officio,
1102 831 1188 902 ad
1237 830 1733 918 quiescendum
1785 830 2160 900 fuissemus
2207 830 2491 920 egressi,
2528 829 2815 899 caeteris
2863 830 3172 898 exeunti·

623 921 779 1002 bus,
818 921 1119 992 foemina
1170 919 1289 989 illa
1329 920 1611 989 introire
1652 919 1908 1001 volens,
1963 921 2044 988 in.
2087 920 2236 1009 ipso
2278 918 2518 987 limine
2548 917 2893 987 consedit:
2939 917 3171 1004 ibique

624 1032 857 1081 coram
907 1009 1235 1079 omnibus
1283 1021 1561 1098 stupore
1592 1009 1893 1096 quodam
1925 1029 2280 1098 oppressa,
2327 1027 2704 1097 parumper
2735 1005 3050 1076 obticuit.
3085 1013 3171 1076 Ac

623 1097 873 1169 deinde
932 1108 1337 1188 erumpente
1383 1119 1462 1165 ex
1510 1097 1837 1168 omnibus
1891 1096 2141 1186 pedum
2192 1095 2550 1186 unguibus
2599 1094 2956 1181 aliquanto
3013 1117 3172 1167 san-

623 1187 856 1288 guine,
911 1185 996 1256 ad
1034 1208 1106 1255 se
1139 1206 1432 1266 reversa,
1478 1207 1767 1255 manum
1801 1185 2415 1255 circumstantibus
2449 1184 2770 1275 porrexit,
2809 1195 3170 1270 erectaque

623 1298 695 1345 tn
745 1275 954 1366 pedes
1002 1274 1089 1344 ad
1139 1274 1537 1364 sepulcrum
1609 1286 1992 1363 martyrum
2062 1272 2423 1343 ambulare
2478 1273 2724 1363 coepit.
2797 1278 2944 1355 Quo
3010 1292 3166 1341 cum

629 1364 1070 1454 pervenisset,
1127 1362 1214 1432 ad
1263 1362 1639 1432 orationem
1690 1383 1920 1432 coram
1965 1361 2164 1431 altari
2216 1362 2697 1452 prosternitur,
2752 1360 2989 1447 ibique
3023 1375 3169 1431 tan-

623 1453 745 1521 diu
782 1451 1027 1542 Jacuit‚
1070 1450 1524 1538 quoadusque
1575 1451 1903 1540 hymnus,
1958 1471 2164 1538 quem
2214 1450 2670 1520 exultantium
2714 1448 2924 1519 simul
2968 1463 3169 1536 atque

624 1540 1030 1611 mirantium
1083 1539 1454 1610 multitudo
1502 1545 1716 1609 Deum
1770 1538 2063 1610 laudans
2102 1538 2542 1609 devotissime
2588 1539 2934 1619 cantabat,
2989 1559 3171 1607 com-

626 1628 948 1718 pleretur.
994 1634 1142 1711 Quo
1178 1627 1398 1710 finito,
1435 1649 1603 1698 sana
1636 1629 1955 1709 surrexit,
1993 1627 2109 1697 sed
2160 1628 2230 1696 in
2278 1627 2566 1717 patriam
2602 1626 2895 1696 ulterius
2950 1626 3169 1695 redire

624 1716 869 1788 noluit.
924 1717 1157 1786 Merito
1209 1716 1419 1808 igitur
1466 1716 1886 1788 miraculum
1922 1715 2106 1785 istud
2160 1718 2355 1786 beato
2388 1716 2688 1785 Hermeti
2724 1715 3165 1794 adscribitur,

624 1806 829 1896 cujus
874 1805 985 1875 die
1032 1805 1366 1885 natalitio,
1420 1818 1485 1875 et
1541 1805 1671 1876 sub
1719 1806 1922 1896 cujus
1971 1805 2285 1891 reliquiis
2386 1818 2607 1875 estum
2669 1825 2819 1875 esse
2876 1816 3165 1873 constat.

625 1894 753 1964 Sed
803 1915 1240 1982 nequaquam
1277 1894 1695 1964 sanctissimi
1747 1907 2083 1982 martyres
2118 1899 2335 1964 Marce
2370 1894 2555 1962 linus
2603 1904 2669 1961 et
2716 1897 2957 1962 Petrus
2987 1894 3170 1982 ejus-

592 1981 778 2052 dem
841 1983 1070 2074 operis
1117 1996 1382 2053 exortes
1427 2003 1576 2053 esse
1624 1995 1938 2071 possunt,
1993 1983 2062 2051 in
2114 2004 2411 2070 quorum
2462 1980 2750 2050 basilica
2823 1994 3168 2070 patratum

623 2083 748 2152 est,
811 2084 877 2142 et
921 2093 1095 2159 quos
1154 2072 1305 2162 ipsa
1351 2092 1529 2157 quae
1590 2084 1828 2141 curata
1875 2084 1976 2141 est
2023 2071 2347 2144 foemina.
2403 2082 2537 2140 toto
2597 2064 3172 2159 peregrinationis

624 2180 791 2230 suae
826 2172 1152 2250 tempore,
1205 2172 1283 2231 ut
1331 2181 1401 2229 se
1434 2158 1866 2247 adjuvarent,
1914 2180 2184 2250 semper
2233 2159 2594 2228 invocavit.

710 2251 747 2336 ξ
799 2252 942 2319 22.
1000 2253 1179 2318 Haec
1228 2261 1413 2328 sunt,
1477 2269 1654 2334 quae
1713 2247 1797 2317 de
1860 2248 2250 2317 innumeris
2322 2253 2728 2318 Sanctorum
2797 2247 3169 2317 virtutibus

622 2351 741 2406 aut
788 2360 825 2406 a
876 2337 1076 2406 nobis
1125 2339 1292 2418 visa,
1331 2348 1452 2406 aut
1501 2335 1809 2405 fidelium
1861 2337 2084 2406 veraci
2141 2336 2468 2406 relatione
2524 2348 2900 2425 comperta,
2957 2336 3172 2405 literis

621 2447 701 2496 ac
751 2426 1124 2495 memoriae
1178 2425 1509 2495 mandare
1557 2424 2013 2506 decrevimus,
2067 2446 2245 2512 quae
2295 2424 2544 2495 Christi
2585 2426 3040 2505 amatoribus,
3095 2447 3172 2493 ac

623 2527 1007 2604 martyrum
1058 2515 1209 2616 ejus
1256 2513 1772 2591 veneratoribus
1839 2513 1924 2583 ad
1979 2514 2346 2604 legendum
2399 2528 2593 2605 grata
2641 2513 2785 2583 fore
2836 2536 2973 2582 non
3025 2536 3172 2582 am-

500 2672 511 2697 ,-
619 2604 818 2694 bigo:
872 2624 1204 2690 quoniam
1258 2603 1433 2672 nihil
1483 2604 1583 2672 eis
1632 2602 1902 2672 videtur
1949 2602 2403 2692 impossibile,
2460 2601 2645 2689 quod
2697 2616 2772 2671 ut
2828 2602 2982 2683 fiat,
3041 2607 3175 2671 Deo

620 2692 1074 2782 omnipotenti
1137 2692 1495 2781 placuerit,
1564 2690 1950 2762 Incredulis
2015 2705 2243 2762 autem
2294 2714 2374 2761 ac
2424 2695 2834 2761 Sanctorum
2913 2691 3176 2782 gloriae

619 2780 1138 2871 derogantibuS‚
1177 2781 1341 2867 quia
1389 2779 1747 2851 fastidiosa
1793 2802 1942 2850 esse
1980 2802 2113 2849 non
2177 2780 2441 2862 dubit0,
2483 2802 2566 2849 ne
2614 2780 2900 2850 omnino
2951 2780 3177 2871 legere

623 2868 856 2948 velint,
920 2868 1360 2939 suadendum
1419 2891 1703 2939 censeo:
1763 2890 1846 2938 ne
1893 2868 2062 2939 forte
2135 2861 2388 2938 vilitate
2438 2869 2654 2939 nostri
2708 2869 3053 2939 sermonis
3081 2866 3178 2937 of·

622 2956 821 3037 sensi,
877 2957 1381 3048 blasphemiam
1432 2970 1497 3027 et
1545 2957 1995 3027 invidentiam
2057 2956 2358 3027 devitare
2406 2979 2540 3026 non
2594 2957 2890 3038 valeant,
2947 2980 3028 3027 ac
3079 2956 3179 3027 sic

621 3049 833 3114 Deum
869 3060 934 3115 et
982 3046 1394 3136 proximum,
1433 3068 1608 3133 quos
1642 3067 1874 3115 amare
1897 3046 2257 3135 jubentur,
2296 3067 2367 3115 se
2414 3045 2641 3116 odisse
2691 3045 3069 3115 declarent.

1721 3292 2067 3371 PASSIO

1029 3477 1161 3577 SS.
1235 3474 1855 3576 PERGENTlNl
1936 3475 2055 3575 ET
2125 3472 2755 3576 LAURENTlNl

1458 3645 1843 3710 FRATREM
1898 3646 2350 3711 MARTYRUM

773 3820 1062 3867 HABETUR
1111 3818 1173 3865 IN
1223 3818 1519 3873 ANTJQUIS
1581 3819 1721 3864 MSS.
1771 3816 2121 3876 CODICIBUS,
2179 3820 2292 3865 SED
2347 3819 2461 3864 PER
2513 3818 2700 3864 LAUR.
2760 3816 2999 3863 SURIUM

854 3922 1081 3973 STYLUS
1126 3924 1416 3972 MUTATUS
1453 3924 1565 3971 EST
1604 3924 1680 3970 ET
1721 3924 2045 3980 PLERAQUE
2087 3925 2350 3971 REDDITA
2385 3921 2929 3971 COMPREHENSIUS.

1359 4050 1551 4109 Circa
1588 4052 1763 4107 med.
1799 4052 1904 4106 111
1944 4066 2116 4108 saec.
2148 4081 2218 4090 —
2245 4052 2426 4107 Itali.

707 4202 744 4285 ξ
789 4205 865 4272 1.
921 4203 1311 4288 Imperante
1360 4198 1556 4268 Decio
1588 4204 1892 4281 Caesare,
1934 4199 2164 4289 gravis
2203 4199 2334 4269 suit
2392 4197 2777 4289 persecutio
2836 4195 3188 4267 Christia-

620 4309 894 4358 norum.
951 4286 1157 4356 Multa
1209 4299 1352 4357 tum
1405 4289 1967 4378 proponebantur
1999 4287 2243 4369 edicta,
2290 4300 2366 4357 ut
2413 4287 2534 4374 qui
2585 4285 2933 4356 Christum
2986 4285 3191 4355 cole·

618 4388 812 4459 rent,
874 4398 997 4446 nec
1046 4375 1433 4446 sacrificare
1486 4376 1620 4447 diis
1674 4377 1946 4457 vellent,
2019 4377 2228 4448 variis
2292 4376 2530 4466 poenis
2583 4373 3180 4445 interficerentur.

622 4471 789 4537 Cum
843 4479 1072 4536 autem
1125 4465 1439 4556 regiones
1497 4478 1892 4556 peragraret
1939 4464 2185 4536 Decius
2253 4470 2413 4536 cum
2465 4463 2806 4537 ministris
2856 4462 3055 4543 suis,
3118 4478 3193 4533 et
