3357 4995
636 310 765 375 590
1263 326 1343 374 nn
1389 326 1445 373 s.
1498 323 1832 374 ,tm-anuto
1880 323 2115 372 name.
2167 321 2366 373 1:1²st.
2735 307 2960 374 JUNII
3008 309 3102 373 26

545 410 852 491 deberet,
902 409 1086 480 diem
1138 409 1241 479 illi
1312 409 1877 499 praestituerent:
1935 407 2049 477 ille
2100 429 2237 477 non
2285 407 2587 478 absurde
2635 419 2851 492 ratuS,
2889 409 3096 499 juxta

547 499 953 571 sententiam
990 498 1260 570 Domini
1310 497 1719 580 SalvatoriS,
1787 519 2000 567 manu
2050 497 2260 568 semel
2309 497 2395 567 ad
2454 509 2764 568 aratrum
2814 501 3032 570 missa
3071 556 3090 582 ‚

550 610 685 659 non
731 609 880 659 esse
909 586 1422 678 respiciendum
1464 599 1665 668 retr0,
1721 607 1807 657 ne
1856 607 2100 677 parum
2151 597 2354 676 aptus
2404 599 2585 658 esset
2635 608 2848 677 regno
2910 588 3087 661 Dei:

547 682 727 748 Haec
779 688 905 757 est,
969 676 1218 765 inquit,
1271 674 1393 745 illa
1437 675 1610 756 dies,
1673 696 1811 763 qua
1857 673 2315 745 deliberatum
2363 686 2464 745 est
2520 675 2689 746 mihi
2754 688 3093 777 perpetuo

545 788 707 837 cum
754 764 1043 836 Domino
1093 785 1514 855 permanere.
1571 768 2006 855 Suppetunt,
2062 762 2249 832 unde
2306 783 2424 833 aes
2471 763 2778 835 alienum
2824 764 3091 839 dissol-

548 867 770 936 vatur,
825 875 950 925 nec
993 853 1245 924 desunt
1290 853 1499 924 amici
1555 852 1817 933 fideles,
1872 852 1992 941 qui
2040 851 2276 922 omnia
2320 865 2770 940 exequantur.
2844 858 3095 942 Itaque

548 943 928 1014 monastico
963 943 1118 1031 eJus
1151 940 1430 1013 Ordinis
1460 941 1704 1012 habitu
1738 941 2048 1011 hilariter
2073 952 2416 1030 suscepto,
2459 963 2623 1012 cum
2670 942 2890 1012 multa
2941 948 3092 1043 pie-

549 1044 703 1114 tate,
755 1031 1134 1113 devotione,
1186 1031 1447 1101 fervore
1484 1030 1702 1100 animi
1742 1030 1905 1100 vixit
1946 1030 2124 1100 inter
2181 1029 2378 1099 illos:
2431 1041 2638 1118 atque
2684 1030 3086 1122 disciplinis

547 1120 986 1213 regularibus
1042 1132 1109 1190 et
1153 1119 1409 1210 arrepti
1467 1118 1765 1190 instituti
1812 1118 2245 1189 observantia
2305 1117 2399 1189 ita
2455 1119 2642 1189 brevi
2700 1120 3091 1196 instructus

545 1223 671 1292 est,
722 1222 804 1280 ut
838 1210 985 1299 jam
1023 1207 1364 1309 perfectus
1411 1206 1629 1277 videri
1677 1218 1929 1297 posset.

633 1301 671 1387 ἓ
715 1303 802 1370 ὖ.
854 1303 982 1368 Per
1024 1296 1094 1366 1d
1145 1309 1277 1367 tem
1333 1318 1415 1366 us
1477 1296 1808 1388 primaria
1856 1295 2213 1365 carthusia
2261 1294 2721 1385 paucissimos
2791 1295 3095 1367 habebat

547 1386 943 1459 monachos.
1011 1390 1275 1469 Quamo
1327 1405 1470 1455 rem
1518 1384 1846 1455 dominus
1894 1389 2090 1474 Hugo
2138 1384 2875 1475 Gratianopolitanus*
2924 1384 3094 1474 Epi-

545 1498 823 1568 scopus,
874 1475 979 1544 v'rr
1026 1474 1332 1565 prudens
1377 1485 1443 1544 et
1487 1474 1738 1543 eximia
1778 1473 2048 1554 virtute,
2101 1474 2222 1561 qui
2269 1473 2465 1544 beato
2491 1475 2770 1565 Hugoni
2809 1494 3090 1546 succes·

546 1575 748 1643 serat,
801 1576 867 1635 et
921 1575 1154 1653 postea
1208 1561 1612 1633 Viennensis
1670 1561 2242 1653 Archiepiscopus
2289 1575 2558 1632 creatus
2620 1575 2774 1645 est,
2842 1562 3088 1634 multis

546 1653 870 1743 precibus
914 1674 955 1720 a
986 1657 1342 1722 Portarum
1392 1650 1792 1722 Carthusiae
1838 1651 2168 1720 fratribus
2213 1650 2601 1721 contendit:
2668 1664 2747 1722 ut
2800 1651 3089 1723 fratrem
3150 1689 3157 1693 ·

544 1740 1010 1821 Anthelmum,
1062 1739 1182 1828 qui
1252 1739 1481 1810 adhuc
1547 1739 1847 1811 novitius
1892 1751 2066 1820 erat,
2139 1738 2536 1810 carthusiae
2584 1762 2876 1832 magnae
2934 1762 3088 1831 per-

546 1830 910 1901 mitterent.
967 1829 1305 1899 Dimissus
1368 1827 1484 1898 ille
1529 1828 1614 1897 ad
1664 1850 1817 1897 eam
1868 1828 2323 1910 carthusiam,
2376 1828 2501 1899 ubi
2563 1829 2742 1899 Ordo
2796 1828 3087 1905 Carthu-

545 1918 790 1989 sianus
832 1917 1134 2019 primum
1169 1916 1414 2008 coepit,
1468 1916 1636 1986 adeo
1674 1916 1806 1987 fuit
1840 1916 2170 2008 propositi
2210 1927 2408 1987 tenax
2453 1928 2518 1987 et
2551 1917 2912 1988 monastici
2962 1923 3090 1988 ca-

545 2007 747 2079 nonis
778 2006 1102 2098 diligens,
1142 2017 1467 2076 constans
1513 2019 1578 2076 et
1633 2018 1958 2076 strenuus
1997 2004 2241 2086 cultor,
2299 2018 2375 2075 ut
2423 2005 2678 2077 multas
2724 2007 2810 2077 de
2855 2006 3086 2096 seipso

544 2095 857 2167 victimas
889 2096 1156 2166 offerret
1193 2099 1348 2175 Deo,
1401 2105 1466 2164 et
1511 2094 1646 2164 vita
1700 2095 1850 2185 ejus
1889 2094 2171 2165 caeteris
2219 2094 2529 2185 exemplo
2560 2107 2769 2165 esset:
2821 2096 3083 2183 quibus

543 2196 768 2254 tamen
820 2196 999 2255 certe
1047 2183 1118 2253 id
1166 2182 1597 2274 impossibile
1629 2183 2009 2263 videbatur,
2048 2194 2124 2253 ut
2155 2184 2306 2272 ejus
2353 2183 2585 2253 studia
2615 2184 3077 2264 imitarentur,

541 2294 703 2344 cum
743 2272 859 2343 ille
905 2294 1118 2373 supra
1163 2271 1342 2342 vires
1371 2271 1717 2342 humanas
1756 2293 1902 2342 sese
1943 2285 2270 2363 perpetuo
2302 2284 2663 2343 exerceret.
2696 2272 2821 2343 Sed
2858 2294 3082 2360 neque

540 2361 656 2432 ille
706 2361 776 2431 id
826 2373 1181 2451 potuisset,
1228 2361 1361 2430 nisi
1408 2359 1644 2430 divina
1693 2359 1905 2431 fretus
1965 2361 2234 2438 virtute,
2300 2381 2419 2450 per
2468 2360 2667 2431 illum
2715 2374 2781 2431 et
2827 2361 2899 2431 in
2951 2361 3071 2432 illo

539 2451 776 2522 omnia
820 2449 1177 2522 efficiente.
1216 2455 1374 2521 Erat
1404 2449 1642 2520 crebro
1677 2470 1933 2541 pernox
1972 2448 2045 2519 in
2082 2448 2377 2541 vigiliis:
2412 2449 2730 2531 orationi,
2770 2450 3074 2532 lectioni,

542 2552 817 2610 sanctae
867 2539 1317 2621 meditationi,
1357 2538 1684 2610 laudibus
1717 2539 1971 2610 divinis
1993 2538 2104 2607 die
2137 2552 2480 2625 noctuque
2513 2539 2839 2609 vacabat:
2876 2561 3078 2609 cum-

539 2650 673 2716 que
694 2629 1047 2720 Scriptura
1069 2628 1274 2710 dicat‚
1299 2631 1583 2699 Multam
1602 2630 1944 2698 malitiam
1964 2628 2187 2697 docuit
2203 2629 2501 2697 otiositas
2518 2628 2797 2718 (Eo-cles.
2815 2629 3072 2718 χχχιιι)

539 2729 942 2805 certumque
988 2718 1098 2798 sit,
1155 2716 1371 2787 otium
1421 2717 1693 2786 animae
1740 2717 2101 2786 inimicum
2142 2738 2330 2787 esse:
2391 2738 2475 2785 ne
2522 2716 2748 2786 ullum
2802 2729 3077 2806 tempus

539 2827 833 2876 vacuum
868 2805 1287 2887 abscederet,
1321 2806 1528 2875 etiam
1560 2804 1779 2875 labori
1811 2804 2172 2875 manuario
2212 2804 2678 2886 incumbebat,
2715 2805 2834 2876 sed
2856 2804 3078 2876 multo

539 2894 843 2996 amplius
889 2895 1224 2966 exercitiis
1249 2893 1755 2983 spiritualibus.
1794 2898 2281 2983 Lacrymarum
2314 2905 2499 2963 tanta
2546 2893 2647 2963 illi
2694 2894 2896 2984 copia
2919 2893 3072 2975 fuit,

540 2995 616 3054 ut
663 3005 733 3052 1n
794 2984 1116 3074 precibus
1162 2994 1228 3053 et
1278 2981 1864 3065 meditationibuS‚
1904 3004 2202 3071 quarum
2252 3003 2506 3072 magna
2560 2981 2662 3051 illi
2708 2994 2854 3053 erat
2899 2983 3076 3054 assi-

539 3071 791 3154 duitaS,
845 3071 917 3142 in
973 3094 1260 3144 suorum
1315 3070 1838 3159 alienorumque
1896 3081 2330 3161 peccatorum
2380 3071 3070 3152 commemoratione,

538 3182 703 3251 erga
748 3159 1040 3233 afflictos
1086 3172 1152 3231 et
1197 3160 1476 3247 quasvis
1538 3160 1905 3231 hominum
1953 3160 2376 3230 calamitates
2424 3159 3066 3240 commiseratione,

537 3248 837 3337 denique
885 3271 1008 3339 pro
1034 3248 1344 3320 coelestis
1381 3249 1571 3349 regni
1635 3248 1976 3320 desiderio
2008 3247 2294 3335 quidam
2343 3248 2812 3338 lacrymarum
2864 3248 3074 3319 rivuli

538 3338 625 3407 ab
657 3338 807 3428 ejus
845 3337 1064 3408 oculis
1104 3359 1384 3408 manare
1423 3339 1839 3418 viderentur,
1884 3337 2127 3407 intimo
2156 3337 2425 3428 pietatis
2463 3337 2713 3407 affectu
2737 3338 3070 3428 expressi.

536 3431 614 3496 In
663 3426 953 3497 ecclesia
981 3429 1112 3498 sub
1145 3426 1434 3497 solemni
1481 3425 2046 3514 quotidianarum
2084 3448 2365 3516 precum
2403 3425 2886 3516 persolutione,
2931 3437 3075 3496 tor-

537 3527 763 3587 rentes
856 3514 1095 3587 uidam
1142 3537 1224 3586 ex
1269 3515 1421 3605 ejus
1481 3514 1703 3585 oculis
1754 3515 2316 3606 prorumpebant.
2371 3514 2510 3584 Sub
2559 3514 2803 3586 Missae
2849 3516 3068 3585 sacri·

536 3603 717 3685 ficio,
773 3627 821 3674 u
873 3605 895 3674 i
935 3617 1153 3676 totum
1201 3626 1274 3674 se
1323 3608 1455 3674 Deo
1489 3605 1830 3674 mactabat
1877 3604 1949 3672 in
1981 3603 2484 3684 holocaustum,
2522 3615 2703 3673 totus
2730 3615 2875 3674 erat
2922 3605 3069 3694 spi-

535 3692 829 3774 ritualiS,
883 3705 1201 3782 totusque
1251 3697 1381 3763 Deo
1428 3692 1849 3762 inhaerebat.
1916 3692 2574 3781 Frequentissimum
2626 3691 2694 3760 id
2749 3692 2853 3761 illi
2891 3706 3062 3772 erat,

537 3794 733 3852 nocte
790 3805 871 3853 ac
934 3782 1046 3853 die
1091 3782 1448 3853 verberare
1507 3795 1786 3872 pectus,
1838 3803 2067 3872 genua
2113 3783 2423 3862 flectere,
2477 3793 2613 3851 toto
2662 3803 2949 3872 corpore
2996 3805 3069 3851 se

536 3869 735 3941 humi
781 3881 1233 3962 prosternere,
1272 3881 1525 3942 terram
1563 3869 1970 3952 exosculari,
2010 3882 2214 3960 atque
2246 3871 2338 3940 ita
2376 3869 2747 3940 humiliare
2793 3882 2857 3939 et
2895 3869 3072 3959 abji-

535 3980 689 4029 cere
734 3980 883 4031 sese
927 3982 1160 4031 coram
1206 3964 1363 4030 Deo.
1415 3959 1733 4043 Quotidie
1778 3959 2213 4031 creberrimis
2234 3959 2589 4049 virgarum
2629 3958 2883 4029 ictibus
2913 3980 3073 4028 cae-

534 4047 738 4119 debat
783 4047 1067 4119 dorsum
1115 4060 1183 4120 et
1228 4049 1463 4129 latera,
1519 4048 1897 4140 plagasque
1946 4048 2168 4139 plagis
2216 4046 2662 4128 cumulando,
2710 4069 3070 4135 nunquam

538 4137 925 4227 patiebatur
968 4159 1248 4209 carnem
1282 4137 1515 4208 livoris
1560 4150 1906 4229 expertem
1954 4149 2073 4208 aut
2119 4147 2349 4207 cutem
2379 4136 2717 4226 integram
2759 4157 3064 4206 manere.

538 4226 1014 4308 Solitudinem,
1069 4226 1447 4309 silentium,
1489 4226 1784 4316 jejunia,
1822 4225 2306 4308 obedientiam,
2342 4237 2740 4312 caeteraque
2789 4224 3071 4297 Ordinis

537 4315 851 4410 instituta
887 4326 1202 4387 accurate
1245 4315 1671 4387 observabat.

594 4442 621 4471 ⁸
651 4440 1000 4494 Gratianopolis
1010 4443 1128 4496 gun.
1146 4443 1369 4485 Grau-oble.
