3357 4995
633 310 764 374 446
1387 299 1478 373 m:
1514 328 1569 374 s,
1623 327 1812 374 Av1ro
1862 328 2257 375 rnnsnvrssno
2745 309 2965 374 JUNII
3017 310 3094 373 -t7

538 409 849 480 culmina
896 411 1170 482 sensim.
1190 410 1444 481 diruta.
1505 411 1608 480 Ibi
1640 410 1759 480 ille
1792 410 1974 480 ultro
2022 433 2172 482 sese
2223 412 2289 479 in
2357 409 2530 479 illud
2582 411 2926 500 protrudit
2977 410 3092 480 de·

539 511 796 570 sertum
829 554 845 580 ,
897 499 1355 589 exiguamque
1402 521 1484 569 ex
1531 500 1866 570 corticum
1927 500 2333 591 fragmentis
2407 498 2692 567 domum
2763 499 3093 589 providus

533 586 932 658 Christicola
1004 588 1135 658 sibi
1186 599 1620 668 construens,
1675 586 1881 679 longe
1929 612 1968 658 a
2032 588 2350 658 villarum
2418 586 2852 658 culminibus
2900 589 3090 657 clan-

535 677 885 746 destinum
935 676 1379 767 amplectitur
1425 676 1737 748 exilium:
1773 690 1838 746 et
1883 677 2006 747 diu
2058 677 2495 763 multumque
2526 676 2845 746 ruricolis
2893 677 3090 768 igno-

537 779 670 846 tuS,
727 764 1080 855 pomiferis
1127 765 1452 857 dapibuS,
1508 789 1685 852 quas
1733 765 1926 856 sylva
1962 765 2421 846 ministrabat,
2462 786 2610 836 sese
2654 778 3013 836 sustentat.

623 855 794 942 §5-
868 858 993 923 Per
1040 853 1106 922 id
1161 867 1456 944 tempus,
1514 855 1906 925 uberrimos
1981 854 2346 945 glandium
2398 867 2769 943 proventus
2843 877 3091 927 nemus

534 964 740 1013 omne
787 942 1298 1034 suppeditavit:
1336 965 1639 1031 cumque
1673 943 1812 1013 duo
1863 944 2140 1015 subulci
2175 945 2589 1012 immensam
2639 942 2829 1012 illam
2878 946 3088 1013 vasti-

539 1042 745 1102 tatem
794 1030 1190 1114 lustrarent,
1243 1054 1432 1104 unus
1483 1033 1633 1123 jam
1687 1031 1853 1101 olim
1907 1044 2141 1102 mutus
2190 1032 2397 1122 longo
2447 1031 2745 1113 silenti0,
2806 1030 3087 1102 fratrem

540 1143 660 1211 per
707 1119 859 1191 avia
907 1121 1388 1191 comitabatur.
1429 1125 1664 1208 Itaque
1715 1121 2039 1211 pastorali
2074 1122 2209 1192 ritu
2245 1121 2421 1191 inter
2467 1120 2822 1191 caeruleae
2869 1121 3088 1191 noctis

539 1209 761 1301 spatia
809 1210 1118 1279 accensis
1166 1209 1341 1280 tedis
1380 1221 1740 1301 vagantem
1792 1210 2126 1299 pecudem
2163 1211 2302 1280 illis
2351 1209 2824 1296 sequentibuS‚
2860 1211 3087 1280 subito

538 1298 854 1369 extinctis
901 1298 1075 1369 tedis
1121 1299 1208 1367 ab
1257 1299 1597 1368 immenso
1659 1298 1918 1380 imbre,
1976 1320 2185 1390 pecus
2243 1301 2330 1369 ab
2378 1298 2599 1368 oculis
2648 1299 2966 1381 evanuit,
3022 1313 3089 1369 et

537 1385 772 1456 omnia
834 1408 1123 1477 rapuere
1170 1387 1537 1456 tenebrae:
1593 1408 1716 1456 nec
1755 1389 1901 1477 jam
1955 1410 2148 1477 spem
2197 1388 2414 1457 ullam
2456 1387 2748 1458 luminis
2804 1410 3088 1476 recupe-

538 1475 740 1545 randi
780 1475 994 1545 eremi
1025 1476 1304 1545 vastitas
1353 1476 1701 1546 offerebat.
1758 1476 2037 1546 Interim
2089 1476 2538 1547 formidantes
2585 1476 2802 1567 gregi,
2866 1476 3088 1548 oculis

540 1564 785 1655 majori
859 1565 1028 1634 cura
1084 1563 1468 1654 invigilant.
1523 1564 1826 1634 Tandem
1877 1565 2062 1636 velut
2109 1565 2378 1635 stellam
2430 1564 2763 1635 radiantis
2811 1564 3086 1666 Olympi

506 1652 777 1743 .procul
828 1651 1056 1743 ignem
1108 1654 1572 1744 conspiciunt,
1614 1667 1817 1741 atque
1846 1677 1925 1723 eo
1976 1667 2213 1725 mutus
2247 1654 2383 1734 ille,
2418 1676 2554 1725 non
2584 1667 2717 1722 tam
2771 1654 3075 1733 vocibus,
3174 1688 3178 1693 ·

534 1763 745 1829 quam
798 1741 1082 1811 nutibus
1129 1765 1412 1824 usuruS,
1460 1757 1802 1832 properat.
1841 1744 1968 1812 Ubi
2008 1744 2094 1812 ad
2147 1743 2504 1834 tugurium
2552 1742 2732 1812 beati
2764 1743 2894 1813 viri
2931 1765 3085 1832 per-

537 1830 744 1909 venit,
783 1828 961 1902 fixus
1009 1831 1077 1899 in
1131 1831 1394 1912 limine,
1428 1831 1980 1919 balbutiensque,
2019 1844 2338 1923 protensa
2373 1832 2527 1901 teda
2563 1831 2846 1904 nutibus
2893 1844 3089 1922 rogat

536 1920 763 2009 ignem
809 1918 943 1990 sibi
992 1920 1443 1990 commodari.
1484 1925 1560 1990 At
1606 1921 1710 1990 vir
1741 1921 1858 1990 Dei
1909 1922 1974 1989 in
2028 1921 2273 1989 mediis
2326 1921 2579 1992 densae
2619 1920 2839 1991 noctis
2897 1935 3080 1992 tene-

531 2007 677 2077 bris
724 2029 1015 2078 cernens
1072 2008 1421 2078 hominem
1473 2021 1641 2079 tetra
1680 2008 1874 2089 facie,
1932 2009 2222 2079 deformi
2271 2009 2546 2100 capilIO,
2603 2008 2857 2080 vilibus
2906 2033 3080 2101 pan-

535 2118 782 2167 norum
834 2096 1237 2186 fragmentis
1276 2098 1736 2178 semitectum,
1774 2099 2091 2168 nonnihil
2129 2100 2554 2188 perterritus,
2591 2099 2772 2185 quod
2815 2113 3084 2189 putaret

534 2207 606 2254 se
652 2184 933 2274 aliquod
981 2185 1308 2255 immanis
1339 2187 1552 2256 eremi
1584 2200 1969 2257 monstrum
2010 2187 2259 2267 vidore,
2315 2201 2436 2258 aut
2483 2188 2659 2256 inter
2708 2203 3080 2257 nocturnas

534 2285 968 2365 tempestates
1016 2273 1419 2343 daemonem
1456 2275 1589 2344 sibi
1628 2299 1983 2366 apparere,
2031 2299 2183 2345 mox
2223 2277 2303 2345 ad
2357 2277 2688 2346 orationis
2736 2278 3081 2367 praesidia

535 2384 659 2432 suo
691 2385 879 2433 more
927 2362 1359 2454 confugienS,
1415 2364 1613 2433 humi
1663 2388 1735 2434 se
1786 2366 2175 2455 prosternit,
2211 2379 2274 2436 et
2323 2365 2446 2435 diu
2482 2365 2921 2453 multumque
2953 2371 3079 2434 Do-

535 2451 805 2523 minum
855 2451 1235 2553 deprecans
1274 2475 1434 2524 cum
1464 2451 1815 2544 lacrymiS,
1848 2467 1996 2524 orat
2036 2455 2330 2525 indicari
2361 2455 2517 2535 sibi,
2555 2467 2786 2524 utrum
2827 2477 2867 2524 a
2900 2456 3076 2525 bono

532 2541 633 2610 vel
686 2542 869 2611 malo
901 2553 989 2611 stt
1036 2542 1096 2611 is
1141 2543 1263 2630 qui
1311 2565 1382 2612 se
1414 2542 1548 2633 ipsi
1582 2557 2065 2634 repraesentet,
2111 2557 2174 2614 et
2208 2558 2284 2614 ut
2314 2544 2530 2615 nullis
2577 2544 2843 2613 artibus
2878 2543 3075 2613 illum

530 2630 737 2700 celari
788 2630 1110 2721 patiatur,
1149 2631 1319 2718 quin
1354 2643 1420 2701 et
1466 2654 1688 2723 genus
1737 2646 1802 2701 et
1832 2646 2120 2703 conatus
2161 2657 2324 2704 suos
2357 2645 2675 2723 exponat.
2729 2637 2886 2702 Post
2931 2655 3082 2723 pre-

529 2741 641 2789 ces
680 2741 720 2788 a
761 2731 940 2789 terra
970 2742 1287 2820 surgens,
1322 2721 1558 2791 Crucis
1592 2722 1874 2812 signum
1904 2744 2118 2792 manu
2149 2722 2368 2813 pingit
2417 2734 2653 2791 contra
2695 2722 3072 2801 hominem,

529 2808 764 2898 sicque
811 2808 1059 2877 affatur
1098 2822 1459 2899 ignotum:
1515 2810 1912 2893 «Quisnam
1965 2811 2097 2892 siS,
2155 2825 2290 2880 tam
2350 2811 2579 2881 subito
2643 2831 2793 2879 meo
2842 2809 3074 2878 illatus

528 2897 828 2987 tuguri0,
868 2918 1153 2987 prorsus
1201 2898 1484 2988 ignoro:
1537 2899 1653 2967 sed
1708 2922 1827 2988 per
1860 2898 2205 2969 Christum
2255 2900 2748 2990 omnipotentis
2799 2898 2908 2966 Dei
2967 2899 3073 2966 Fi-

527 2984 724 3070 lium,
779 2986 970 3055 cruci
1020 2985 1373 3067 suffixum,
1412 2999 1473 3057 te
1521 2988 1790 3088 adjum,
1848 3001 1925 3057 ut
1953 2990 2157 3078 cujus
2237 2989 2463 3059 eneris
2513 3001 2896 3058 monstrum
2946 2987 3066 3066 siS,

528 3074 626 3143 vel
678 3073 844 3161 quid
878 3074 950 3142 in
999 3073 1285 3146 desertis
1333 3076 1443 3145 his
1491 3075 1661 3145 locis
1709 3099 1897 3167 agas,
1941 3078 2111 3146 mihi
2158 3099 2193 3145 e
2248 3081 2461 3147 icas»
2514 3082 2662 3146 Mox
2716 3075 2800 3145 ad
2852 3077 3077 3165 impe-

527 3164 743 3261 rantis
792 3183 1022 3231 vocem
1068 3163 1357 3235 insontis
1405 3164 1645 3265 lingua
1693 3165 1997 3246 laxatur,
2042 3189 2301 3254 voxque
2358 3167 2537 3237 intra
2597 3166 2830 3235 fauces
2877 3187 3080 3234 rena-

527 3263 788 3321 scitur:
839 3249 1097 3321 indicat
1144 3252 1578 3341 homo,qu1d
1629 3254 2015 3323 necessario
2087 3256 2426 3346 petiturus
2477 3255 2777 3325 venerit:
2830 3252 3082 3324 fatetur

529 3341 791 3430 majora
821 3362 892 3408 se
924 3340 1293 3431 accepisse,
1339 3364 1548 3430 quam
1602 3344 1890 3433 petierit,
1944 3344 2203 3435 quippe
2235 3346 2356 3432 qui
2400 3345 2633 3414 lumen
2688 3343 2914 3413 solum
2964 3366 3078 3412 ex-

527 3443 786 3520 petens,
831 3429 1036 3498 etiam
1074 3452 1305 3501 vocem
1358 3431 1506 3500 sine
1558 3432 1774 3521 pretio
1816 3431 2081 3502 referat.
2139 3433 2391 3503 Deinde
2431 3434 2732 3503 sentiens
2782 3432 2909 3501 viri
2962 3432 3077 3500 Dei

527 3518 868 3600 virtutem,
910 3518 994 3587 ad
1027 3519 1177 3620 ejus
1216 3518 1426 3610 pedes
1459 3542 1530 3589 se
1564 3521 1823 3611 abjicit,
1879 3522 2256 3593 immensas
2298 3523 2440 3613 agit
2472 3521 2729 3614 gratias
2781 3542 2903 3611 pro
2937 3519 3081 3590 col-

524 3605 661 3676 lata
710 3605 844 3676 sibi
894 3607 1263 3678 medicina.
1326 3613 1403 3678 At
1444 3610 1545 3678 vir
1608 3611 1724 3678 Dei
1774 3610 2168 3701 intelligens
2225 3612 2578 3682 hominem
2649 3631 2784 3680 non
2852 3622 2992 3679 tam
3038 3632 3082 3679 a

520 3695 936 3785 pastoribuS,
973 3717 1185 3784 quam
1234 3698 1320 3767 ab
1372 3699 1522 3789 ipso
1572 3703 1704 3768 Deo
1765 3699 1849 3767 ad
1901 3721 1971 3769 se
2022 3702 2357 3783 missum,
2415 3699 2714 3770 multum
2778 3698 3070 3768 laetatur

521 3783 638 3852 Dei
673 3784 1042 3866 beneficiO,
1100 3787 1302 3874 eique
1357 3787 1617 3877 gratias
1664 3789 1850 3879 agit:
1906 3789 2258 3858 hominem
2307 3810 2581 3877 quoque
2630 3810 2779 3858 com
2839 3787 3072 3867 lexus,

518 3873 753 3942 Crucis
793 3873 993 3965 signo
1034 3876 1285 3956 munit,
1341 3876 1746 3964 redditoque
1796 3877 2060 3947 lumine
2085 3877 2528 3969 {incolumem
2580 3901 2621 3946 a
2655 3898 2726 3948 se
2819 3876 3074 3957 imittit,

516 3962 638 4050 qui
671 3962 1009 4050 querulus
1057 3963 1142 4033 ad
1193 3964 1424 4055 ipsum
1467 3978 1765 4035 venerat.

605 4055 642 4140 ξ
690 4057 783 4124 ss.
840 4057 1046 4122 Porro
1078 4064 1307 4122 autem
1349 4055 1627 4124 effrenis
1670 4078 2034 4145 porcorum
2073 4079 2235 4147 grex
2267 4078 2426 4125 cum
2469 4054 2752 4126 custode
2799 4053 3081 4144 longius

516 4140 962 4221 abscesserat,
1010 4163 1133 4210 nec
1173 4143 1318 4231 jam
1382 4144 1556 4213 scire
1607 4146 1829 4234 potuit
1880 4146 2127 4225 home,
2184 4146 2308 4214 ubi
2368 4145 2567 4216 illum
2620 4145 2798 4213 inter
2856 4165 3076 4234 opaca

519 4230 869 4318 sylvarum
918 4242 985 4301 et
1032 4230 1252 4301 noctis
1302 4232 1587 4303 umbras
1643 4247 2023 4322 quaereret.
2087 4238 2234 4304 Mox
2284 4256 2458 4304 novo
2491 4233 2721 4324 jubilo
2778 4230 3081 4322 complet

523 4340 796 4399 nemus,
848 4333 914 4390 et
970 4318 1200 4390 fratris
1250 4342 1499 4391 nomen
1565 4324 1806 4392 crebra
1857 4345 2016 4393 voce
2074 4322 2466 4414 compellat.
2524 4321 2645 4391 Ille
2697 4334 2772 4392 ut
2821 4342 3075 4393 nomen

522 4430 725 4480 suum
779 4407 978 4482 audit
999 4409 1249 4499 jactari
1293 4432 1410 4500 per
1463 4433 1714 4491 auras,
1769 4413 2213 4503 obstupescit,
2278 4413 2731 4501 turbatusque
2788 4410 3068 4488 animo,
