3357 4995
229 338 449 402 JUNII
504 338 585 400 -10
944 353 1088 400 virA
1139 356 1195 400 s.
1249 353 1652 400 nassitanae
1702 354 1844 400 nac.
1902 354 2073 401 scor.
2570 339 2698 401 245

228 440 543 509 indicare
577 459 710 507 non
764 437 1131 508 dubitaret.
1188 439 1379 521 Quod
1429 460 1590 507 cum
1639 438 1755 506 ille
1791 439 2016 508 rarius
2049 451 2113 507 et
2148 440 2534 518 remissius,
2570 461 2784 525 quam

229 529 250 596 i
308 552 384 597 sa
433 526 656 607 vellet,
713 526 981 607 faceret,
1038 528 1509 617 importunam
1547 548 1618 595 se
1666 526 1771 594 illi
1834 527 2209 617 ingerebat,
2268 529 2785 597 somnolentum

231 551 435 686 iflum
487 629 550 686 et
590 637 756 685 suae
805 615 1049 686 salutis
1100 615 1528 685 incuriosum
1578 638 1657 684 ac
1695 617 2155 705 negligentem
2192 617 2520 686 vocitans.
2562 621 2785 684 Corri-

226 709 401 796 piat,
463 705 711 791 inquit,
765 728 869 774 me
891 709 1120 795 justus
1155 707 1224 772 in
1251 706 1737 783 misericordia,
1780 717 1841 772 et
1891 708 2182 794 increpet
2225 729 2364 774 me:
2403 709 2626 775 oleum
2659 730 2785 774 ctu-

232 807 387 874 tem,
445 794 511 861 id
554 807 655 864 est
704 793 1009 863 adulatio
1051 794 1451 893 peccatoriS‚
1520 817 1648 861 non
1713 796 2083 883 z‘mpinquct
2152 805 2352 884 caput
2402 818 2620 862 meum.
2668 796 2790 883 (em

231 890 337 951 Ps.
413 882 596 971 ⁴40).
650 883 1274 972 Reprehensionem
1333 883 1465 962 sui,
1520 894 1732 968 quam
1783 882 1961 950 alius
2011 883 2321 971 accipere
2404 898 2627 972 posset
2699 883 2787 951 ad

232 971 754 1051 contumeliam,
795 972 914 1039 illa
941 971 1024 1039 ad
1065 971 1334 1040 virtutis
1370 970 1750 1061 profectum
1780 972 2154 1059 expetebat.
2192 971 2445 1039 Malum
2480 972 2783 1058 aliquem

235 1063 292 1129 si
335 1060 643 1138 vidisset,
701 1060 1136 1138 admonebat,
1181 1073 1255 1128 ut
1287 1060 1370 1127 ad
1416 1059 1770 1128 meliorem
1820 1059 2087 1148 frugem
2140 1084 2209 1128 se
2246 1061 2607 1148 reciperet:
2665 1061 2786 1128 bo-

238 1172 360 1218 nos
396 1149 827 1228 hortabatur,
882 1161 957 1218 ut
1006 1149 1359 1217 studerent
1407 1148 1554 1217 fieri
1606 1147 1945 1218 meliores.
2552 1152 2558 1158 ’

322 1241 358 1324 ἓ
407 1244 494 1309 4.
551 1243 715 1307 Cum
751 1250 977 1306 autem
1031 1238 1098 1305 in
1152 1248 1351 1327 gente
1383 1237 1502 1306 illa
1536 1242 1892 1306 Scotorum
1924 1250 2163 1306 contra
2210 1237 2625 1307 universalis
2661 1243 2785 1306 Ec-

236 1326 488 1395 clesiae
523 1338 830 1395 sanctam
881 1326 1448 1396 consuetudinem
1502 1325 1719 1395 multa
1770 1325 2007 1395 illicita
2060 1327 2202 1394 sieri
2256 1326 2532 1404 videret,
2569 1326 2786 1396 multa

240 1415 561 1484 adhibuit
608 1415 919 1494 consilia,
977 1429 1050 1483 ut
1097 1415 1180 1482 ad
1226 1415 1525 1483 veritatis
1555 1416 1737 1483 viam
1772 1428 2101 1492 errantes,
2158 1415 2422 1483 Christo
2456 1416 2776 1492 donante,

239 1503 613 1573 reduceret.
656 1509 732 1571 In
774 1526 910 1589 quo
943 1504 1273 1573 conflictu
1322 1525 1434 1572 rex
1486 1504 1630 1591 ipse
1677 1503 1950 1590 adjutor
1978 1505 2039 1571 ei
2076 1505 2492 1593 praecipuus
2524 1505 2778 1583 aderat,

239 1593 571 1678 quicquid
624 1593 692 1659 in
730 1593 855 1660 hac
904 1615 1114 1662 causa
1174 1592 1291 1660 illa
1329 1592 1675 1682 ,jussisset,
1731 1605 1793 1660 et
1832 1593 2061 1661 dicere
2110 1605 2175 1659 et
2224 1595 2441 1661 facere
2494 1594 2783 1682 paratis-

242 1682 505 1749 simus:
559 1681 681 1767 qui
712 1681 895 1766 quod
947 1681 1240 1771 perfecte
1296 1680 1669 1770 Anglorum
1728 1682 1985 1750 idioma
2034 1703 2247 1765 aeque
2298 1696 2372 1749 ut
2422 1682 2784 1770 proprium

235 1770 537 1849 calleret,
579 1769 1152 1870 vigilantissimus
1184 1769 1312 1838 hac
1346 1770 1414 1837 in
1467 1793 1536 1837 re
1578 1771 1940 1855 utriusque
1983 1771 2196 1859 partis
2240 1771 2577 1859 interpres
2626 1771 2777 1838 fuit.

243 1863 475 1945 ltaque
524 1881 762 1947 regina
798 1858 1215 1956 praefatione
1249 1860 1649 1947 praemissa,
1711 1860 1833 1944 qui
1882 1881 2042 1927 cum
2093 1859 2425 1928 catholica
2484 1859 2783 1927 Ecclesia

238 1948 308 2014 in
345 1969 484 2014 una
520 1947 652 2015 fide
694 1969 815 2015 uni
865 1952 996 2015 Deo
1047 1948 1399 2026 servirent,
1457 1969 1572 2016 eos
1622 1946 1708 2015 ab
1740 1948 1978 2016 eadem
2032 1947 2333 2016 Ecclesia
2385 1949 2577 2015 novis
2624 1950 2781 2032 qui-

239 2036 533 2105 busdam
569 2049 633 2104 et
662 2036 1045 2126 peregrinis
1075 2036 1623 2106 institutionibus
1654 2036 2047 2126 discrepare
2083 2058 2217 2103 non
2249 2037 2518 2104 debere:
2555 2039 2782 2106 Primo

238 2125 620 2213 proposuit,
682 2147 797 2193 eos
847 2124 1452 2214 Quadragesimale
1478 2125 1825 2224 jejunium
1864 2147 1995 2193 non
2052 2124 2354 2213 legitime
2395 2126 2775 2206 observare,

237 2214 401 2299 quia
454 2214 582 2281 hoc
635 2236 767 2281 non
821 2236 979 2282 cum
1022 2223 1258 2283 sancta
1306 2213 1607 2283 Ecclesia
1655 2237 1695 2282 a
1730 2213 1896 2281 feria
1944 2227 2190 2299 quarta
2235 2216 2301 2280 in
2335 2215 2558 2302 capite
2597 2215 2781 2304 jeju-

239 2303 359 2381 nii,
436 2301 554 2371 sed
617 2304 926 2388 sequenti
996 2302 1403 2389 septimana,
1469 2301 1640 2370 feria
1704 2302 2007 2370 secunda
2077 2302 2371 2371 solerent
2426 2303 2770 2371 inchoare.

240 2395 405 2460 Cum
461 2404 687 2460 autem
721 2390 821 2459 illi
877 2391 1257 2459 econtrario
1306 2390 1634 2468 dicerent,
1682 2391 2029 2490 jejunium
2071 2414 2274 2461 suum
2321 2413 2389 2459 se
2438 2414 2515 2458 ex
2568 2397 2783 2459 Evan-

238 2479 398 2566 gelii
455 2480 855 2549 auctoritate
914 2483 1091 2567 quae
1141 2479 1387 2548 Christi
1423 2480 2050 2579 narretjejunium,
2098 2480 2461 2550 observare
2515 2503 2632 2569 per
2673 2504 2784 2549 sex

237 2568 909 2641 hebdomadaszilla
966 2568 1358 2658 respondit:
1421 2573 1638 2658 Longe
1682 2591 1750 2635 in
1804 2569 1930 2636 hoc
1972 2570 2057 2637 ab
2110 2570 2475 2657 Evangelio
2524 2569 2784 2636 discre-

235 2657 440 2746 patis.
501 2659 772 2745 Legitur
818 2659 1002 2726 enim
1071 2658 1163 2725 ibi
1217 2658 1546 2726 Dominus
1586 2658 2047 2747 quadraginta
2109 2657 2353 2726 diebus
2398 2658 2775 2745 jejunasse,

236 2746 422 2831 quod
481 2746 921 2816 manifestum
972 2760 1071 2815 est
1122 2768 1238 2814 vos
1289 2768 1423 2814 non
1466 2745 1709 2814 facere.
1767 2751 1935 2815 Nam
1988 2769 2146 2814 cum
2185 2769 2304 2834 per
2352 2768 2466 2814 sex
2526 2746 2782 2813 hebdo-

237 2834 478 2902 madas
525 2856 640 2904 sex
689 2835 1028 2903 Dominici
1078 2834 1224 2902 dies
1272 2858 1312 2902 a
1371 2835 1638 2925 jejunio
1689 2835 2224 2913 abstrahuntur,
2282 2836 2559 2925 triginta
2633 2848 2783 2901 tan-

242 2934 380 2990 tum
417 2937 482 2991 et
524 2946 637 2991 sex
672 2923 818 2991 dies
853 2923 933 2991 ad
961 2923 1423 3010 jeJunandum
1459 2923 1759 3010 relinqui
1810 2924 2255 3014 perspicuum
2284 2938 2406 2993 est.
2450 2929 2591 2993 Non
2621 2946 2783 3011 ergo

239 3011 643 3101 Evangelica
677 3013 1078 3081 auctoritate
1125 3012 1609 3100 quadraginta,
1658 3013 1772 3082 sed
1818 3014 2099 3102 triginta
2161 3012 2518 3080 dumtaxat
2549 3025 2613 3079 et
2664 3035 2782 3079 sex

239 3099 506 3168 dierum
558 3114 822 3169 constat
873 3124 988 3170 vos
1022 3101 1382 3170 observare
1410 3100 1787 3187 jejunium.
1824 3106 2054 3169 Restat
2086 3103 2337 3187 itaque,
2371 3115 2447 3170 ut
2485 3114 2783 3185 quatuor

238 3187 485 3257 diebus
515 3202 672 3257 ante
706 3189 1288 3344 Quadragesimae
1338 3190 1614 3258 initium
1642 3191 1962 3278 jejunare
2004 3192 2367 3259 nobiscum
2397 3190 2768 3279 incipiatis,

240 3277 294 3343 si
350 3277 704 3346 Dominico
745 3300 986 3367 exemp
1020 3300 1058 3345 o
1106 3278 1568 3367 quadraginta
1615 3280 1884 3347 dierum
1953 3301 2240 3346 numero
2291 3278 2779 3347 abstinentiam

238 3366 596 3433 observare
648 3366 888 3436 velitis.
944 3366 1258 3451 Alioquin
1311 3379 1549 3435 contra
1606 3368 1830 3457 ipsius
1880 3368 2148 3435 Domini
2198 3367 2668 3436 auctoritatem
2722 3380 2787 3432 et

241 3455 446 3523 totius
480 3468 756 3524 sanctae
804 3454 1145 3523 Ecclesiae
1177 3455 1612 3524 traditionem
1647 3479 1763 3524 vos
1798 3456 1924 3524 soli
1955 3456 2453 3545 repugnabitiS.
2513 3460 2649 3523 Hac
2683 3454 2784 3522 illi

241 3544 500 3610 ratione
551 3544 850 3613 veritatis
899 3544 1216 3624 convicti,
1256 3544 1582 3633 deinceps
1633 3544 2017 3613 secundum
2070 3566 2328 3612 morem
2375 3543 2785 3614 universalis

242 3631 580 3701 Ecclesiae
628 3654 750 3701 sua
778 3632 1049 3719 jejunia
1103 3632 1542 3701 inchoarunt.

324 3723 487 3806 §5
547 3721 798 3789 Deinde
851 3722 1056 3789 etiam
1111 3720 1282 3789 illud
1334 3722 1572 3811 regina
1675 3721 2004 3811 roposuit‚
2053 3721 2399 3808 jussitque
2432 3735 2509 3790 ut
2557 3734 2785 3790 osten-

237 3807 498 3888 derent,
534 3830 668 3895 qua
719 3810 983 3878 ratione
1015 3809 1126 3878 die
1162 3822 1398 3879 sancto
1447 3815 1612 3879 Pasc
1667 3832 1748 3879 ae
1795 3810 2181 3879 secundum
2219 3832 2477 3879 morem
2510 3823 2783 3879 sanctae

240 3910 303 3964 et
340 3896 762 3986 Apostolicae
812 3898 1151 3969 Ecclesiae
1200 3910 1630 3968 sacramenta
1663 3899 1979 3987 Corporis
2012 3910 2075 3967 et
2112 3900 2485 3989 Sanguinis
2535 3898 2783 3967 Christi

237 4007 510 4055 sumere
552 3987 999 4077 negligerent.
1041 3986 1570 4075 Responderunt
1602 3986 1745 4054 illi:
1782 3987 2144 4077 Apostolus
2192 3988 2277 4055 de
2326 3989 2434 4056 his
2466 3987 2777 4074 loquenS,

240 4076 368 4143 ait:
427 4078 558 4158 Qui
612 4077 980 4145 manducat
1009 4087 1070 4144 et
1112 4077 1271 4144 bibit
1327 4076 1623 4163 indique,
1661 4076 2003 4164 judicium
2035 4078 2165 4144 sz‘bz·
2192 4078 2558 4145 manducat
2591 4088 2650 4145 ct
2684 4078 2781 4142 be·-

240 4164 328 4229 bic
359 4163 456 4252 (1.
520 4169 664 4233 Cor.
712 4163 838 4253 111).
897 4163 1086 4233 Unde
1134 4165 1298 4251 quia
1335 4186 1459 4233 nos
1511 4178 1899 4254 peccatores
1947 4166 2413 4254 agnoscimus,
2469 4187 2552 4232 ne
2592 4164 2783 4254 judi-

240 4251 424 4321 cium
479 4252 677 4321 nobis
726 4253 1230 4323 manducemus
1267 4265 1333 4322 et
1372 4253 1718 4331 bibamus,
1788 4253 1873 4321 ad
1926 4252 2097 4321 illud
2152 4254 2557 4342 mysterium
2595 4275 2785 4321 acce-

240 4338 396 4409 dere
447 4340 927 4413 formidamus.
982 4342 1249 4424 Quibus
1293 4343 1566 4429 regina:
1621 4339 1797 4423 Quid
1851 4341 2114 4431 igitur?
2148 4343 2395 4428 inquit.
2451 4341 2580 4422 Qui
2630 4362 2784 4431 pec-

243 4442 501 4501 catores
537 4443 720 4509 sunt,
762 4443 1278 4500 sacrosanctum
1314 4430 1720 4520 mysterium
1759 4452 1895 4500 non
1930 4430 2362 4521 percipient?
2386 4435 2597 4497 Nemo
2624 4447 2784 4517 ergo
