3357 4995
698 320 785 385 48
1287 335 1366 385 nn
1412 336 1506 385 ss.
1559 335 1674 385 uu.
1731 336 1928 385 rssrno
1974 335 2050 383 rr
2097 332 2490 382 manentum
2846 313 3068 380 JUNII
3117 314 3161 380 2

609 416 878 497 credaS,
907 426 974 486 et
998 414 1303 505 quotidie
1329 437 1454 507 pro
1483 416 1767 487 nomine
1791 416 1944 507 ejus
1969 415 2209 506 plagas
2232 426 2300 485 et
2327 414 2603 486 vincula
2627 411 2953 505 perferas,
2986 411 3163 482 mihi

613 505 1032 597 persuadere
1069 503 1172 575 vis
1221 504 1678 576 liberaturum
1732 505 1936 576 illum
1982 503 2200 575 filiam
2243 524 2468 573 meam
2499 558 2515 586 ,
2574 504 2635 576 si
2688 523 2815 603 ego
2871 502 2943 571 in
2996 522 3164 573 eum

612 593 1043 666 credidere.»
1095 593 1274 664 Dixit
1300 594 1365 664 ei
1401 599 1691 665 Petrus:
1746 617 1782 662 «
1815 599 2037 665 Potest
2084 615 2195 663 me
2237 593 2530 665 liberare
2576 597 2913 664 Dominus
2961 612 3167 661 meus

610 697 678 754 et
722 683 809 753 de
856 683 968 754 his
1014 682 1340 764 vinculis,
1390 694 1459 754 et
1505 682 1593 753 de
1630 683 1873 774 poenis
1911 681 2277 754 omnibus:
2311 681 2428 752 sed
2470 703 2607 751 non
2645 679 2791 752 vult
2824 678 3170 770 impedire

611 793 938 844 coronam
988 793 1240 843 meam.
1285 771 1446 842 Vult
1493 783 1752 854 autem,
1804 785 1884 842 ut
1930 770 2285 863 perficiam
2334 792 2620 841 cursum
2671 789 2904 839 meum
2939 766 3165 859 perfe-

611 862 827 932 rendo
858 862 986 932 hos
1019 859 1373 931 cruciatus
1407 860 1884 951 temporarios,
1920 873 1999 932 ut
2027 860 2289 951 possim
2323 857 2617 949 adipisci
2650 856 2944 949 gloriam
2979 878 3170 928 sem-

611 951 981 1041 piternam.
1014 972 1052 1016 »
1082 948 1477 1020 Arthemius
1515 949 1634 1020 ait:
1671 972 1708 1015 «
1743 950 1811 1019 Si
1844 948 1948 1019 vis
1987 971 2096 1019 me
2126 962 2243 1019 tuo
2274 948 2554 1018 credere
2576 951 2731 1028 Dec,
2762 947 2854 1016 da
2879 967 3168 1036 operam

609 1051 686 1111 ut
733 1039 854 1109 fiat
898 1037 1085 1126 quod
1134 1036 1455 1108 dicturus
1505 1060 1690 1109 sum.
1737 1043 1906 1109 Ecce
1952 1059 2079 1139 ego
2135 1036 2342 1107 hodie
2388 1036 2766 1128 duplicabo
2824 1056 3040 1136 super
3102 1047 3171 1106 te

609 1139 890 1199 catenas
921 1180 938 1208 ‚
991 1140 1058 1197 et
1103 1125 1409 1197 claustra
1472 1127 1771 1197 carceris
1818 1147 2054 1198 omma
2100 1126 2602 1207 communiam,
2656 1138 2856 1213 teque
2898 1145 2969 1192 1n
3023 1147 3170 1195 ima

612 1217 744 1287 hac
792 1229 859 1287 et
905 1217 1207 1288 obscura
1251 1213 1568 1286 custodia
1615 1215 1846 1288 solum
1895 1214 2280 1287 includam:
2332 1227 2406 1286 et·
2443 1215 2504 1285 si
2553 1236 2634 1285 ex
2674 1213 2785 1284 his
2832 1212 3168 1285 omnibus

613 1319 676 1376 te
721 1305 1056 1396 eripuerit
1100 1308 1281 1373 Deus
1320 1316 1510 1388 tuus,
1562 1305 1842 1375 credam
1891 1304 2214 1393 equidem
2271 1303 2344 1373 in
2392 1303 2619 1387 illum,
2657 1301 2778 1372 sed
2836 1313 3001 1374 tunc
3049 1303 3168 1374 de·-

612 1416 835 1474 mum,
887 1415 1051 1464 cum
1098 1392 1333 1463 videro
1370 1393 1797 1465 incolumem
1832 1392 2051 1464 filiam
2102 1415 2354 1464 meam.
2411 1415 2448 1461 »

701 1484 739 1570 ἓ
790 1487 879 1553 2.
933 1487 1107 1552 Tum
1154 1481 1399 1552 beatus
1438 1486 1678 1552 Petrus
1726 1482 2124 1564 subridenS,
2168 1482 2287 1552 ait:
2328 1481 2757 1552 «Infirmitas
2804 1478 2966 1550 fidei
3004 1491 3169 1550 tuae

614 1570 860 1661 poterit
884 1570 1140 1653 curari,
1171 1570 1231 1641 si
1259 1571 1415 1652 hoc,
1469 1571 1656 1660 quod
1697 1570 1898 1649 dicis,
1933 1571 2251 1641 fecerisi»
2285 1569 2679 1641 Arthemius
2706 1568 2901 1640 dixit:
2939 1592 2976 1636 «
3007 1573 3170 1641 Cre-

614 1660 775 1729 dam
805 1658 1011 1750 plane
1039 1659 1110 1728 in
1138 1658 1365 1742 illum,
1406 1659 1465 1729 si
1495 1673 1562 1731 et
1593 1674 1658 1730 te
1681 1660 1792 1730 his
1820 1660 2120 1730 vinculis
2159 1658 2549 1741 absolverit,
2583 1671 2650 1729 et
2683 1679 2908 1728 meam
2946 1657 3169 1741 filiam

614 1748 1027 1819 curaverit.»
1076 1754 1318 1820 Petrus
1364 1750 1499 1819 ait:
1530 1772 1569 1816 «
1600 1749 1782 1818 Vade
1829 1748 1900 1819 in
1937 1749 2225 1820 domum
2261 1761 2479 1829 tuam,
2523 1759 2588 1817 et
2617 1767 2958 1838 praepara
2990 1746 3175 1817 mihi

612 1837 1075 1920 mansionem,
1106 1849 1173 1907 et
1206 1849 1292 1918 te,
1328 1859 1551 1924 neque
1582 1837 1980 1908 absolvente
2019 1858 2127 1907 me
2152 1837 2263 1907 his
2298 1836 2619 1916 vinculis,
2652 1857 2877 1924 neque
2904 1836 3168 1906 ostium

614 1926 984 2017 aperiente,
1042 1947 1265 2013 neque
1313 1947 1435 2017 per
1482 1927 1609 1998 iter
1655 1926 2064 2007 deducente,
2103 1926 2191 1997 ad
2227 1939 2291 1996 te
2324 1923 2720 2016 perveniam
2761 1925 2832 1994 in
2876 1924 3171 1995 nomine

615 2015 890 2084 Domini
939 2015 1076 2084 mei
1102 2019 1286 2086 ‚Jesu
1335 2014 1608 2086 Christi.
1652 2019 1962 2104 Cumque
2006 2037 2085 2086 eo
2137 2036 2407 2094 venero,
2449 2013 2836 2105 palpabunt
2874 2034 2984 2084 me
3016 2035 3169 2083 ma-

616 2125 751 2174 nus
800 2115 980 2184 tuae,
1033 2104 1466 2194 conspicient
1515 2125 1624 2173 me
1669 2105 1856 2175 oculi
1905 2105 2029 2185 tui,
2081 2116 2287 2204 atque
2336 2103 2460 2173 hos
2498 2102 2776 2173 eosdem
2811 2122 3173 2174 sermones

616 2205 845 2262 tecum
886 2191 1260 2262 conferam.
1314 2197 1392 2262 Et
1438 2191 1498 2263 si
1544 2191 1647 2261 vel
1688 2193 1789 2264 sic
1848 2192 2250 2274 credideris,
2304 2190 2598 2262 habebis
2642 2212 2887 2262 sanam
2942 2190 3167 2260 filiam

614 2292 830 2350 tuam.
886 2285 1028 2353 Hoc
1073 2301 1232 2351 vero
1281 2280 1397 2352 fiet
1426 2303 1561 2351 non
1614 2302 1738 2371 pro
1787 2281 2075 2351 libidine
2124 2280 2521 2352 tentationis
2553 2292 2734 2358 tuae,
2772 2277 2893 2349 sed
2925 2277 3012 2348 ad
3046 2279 3171 2348 de-

613 2368 1014 2439 clarandam
1061 2368 1492 2441 divinitatem
1545 2371 1819 2440 Domini
1867 2371 2003 2440 mei
2048 2376 2217 2441 Jesu
2274 2367 2544 2439 Christi.
2609 2391 2645 2435 »
2695 2372 2877 2437 Haec
2926 2380 3002 2437 ut
3049 2367 3172 2437 ille

614 2457 826 2540 dixit,
878 2458 1267 2529 Arthemius
1318 2471 1528 2551 caput
1573 2459 1884 2550 agitans:
1937 2460 2062 2530 Hic
2117 2460 2347 2540 homo,
2403 2457 2654 2546 inquit,
2713 2456 2951 2526 nimiis
2997 2477 3169 2527 con-

611 2547 830 2619 fectus
878 2547 1393 2628 afflictionibus,
1451 2548 1698 2618 delirat
1742 2561 1808 2620 et
1853 2549 2082 2619 aliena
2115 2548 2180 2619 lo
2231 2547 2467 2619 uitur:
2520 2548 2758 2634 sicque
2813 2545 3165 2617 discessit.

610 2637 904 2708 Veniens
933 2649 1164 2708 autem
1190 2635 1503 2720 domum,
1532 2638 1835 2707 narravit
1866 2659 1948 2707 ea
1979 2636 2191 2708 Caudi
2246 2658 2326 2706 ae
2355 2637 2552 2706 uxori
2586 2655 2752 2707 suae
2784 2655 2965 2722 quae
2990 2634 3171 2705 dixit

616 2726 704 2794 ei:
741 2748 778 2792 «
813 2725 1018 2796 Miror
1064 2737 1130 2796 te
1155 2725 1355 2796 illum
1387 2725 1743 2818 hominem
1772 2726 2165 2798 existimare
2192 2726 2548 2803 insanum,
2576 2724 2700 2811 qui
2731 2733 2797 2794 et
2830 2723 2955 2794 tibi
2985 2725 3176 2794 sani·

615 2825 820 2884 tatem
882 2815 1264 2905 promittit,
1315 2826 1382 2884 et
1429 2825 1704 2885 nostrae
1764 2815 1950 2884 filiae
1997 2813 2447 2906 ,sospitatem
2507 2818 2606 2882 An
2671 2833 2828 2900 xero
2877 2812 3176 2904 longum

613 2899 734 2971 ille
759 2914 1032 2992 tempus
1065 2903 1191 2972 tibi
1269 2902 1652 2973 raefixit?—
1668 2904 1885 2974 Hodie
1918 2903 2087 2974 dicit
2115 2925 2189 2974 se
2220 2900 2804 2972 venturum—Id
2824 2901 2884 2970 si
2906 2900 3174 2972 factum

614 2988 843 3071 fuerit,
894 2991 1054 3078 quis
1121 2991 1220 3061 du
1273 2991 1389 3062 itet
1437 2992 1787 3063 Christum
1834 3014 2075 3063 verum
2138 3013 2287 3063 esse
2335 2995 2551 3061 Deum
2584 3042 2601 3070 ‚
2670 2990 2742 3058 in
2792 3011 3001 3077 quem
3055 2989 3176 3059 ille

615 3077 883 3148 credit?
914 3101 950 3145 »
973 3078 1362 3151 Arthemius
1392 3079 1587 3151 dixit:
1618 3104 1654 3147 «
1680 3081 1960 3152 Horrori
1990 3093 2092 3151 est
2122 3080 2299 3152 mihi
2322 3078 2604 3150 fatuitas
2628 3091 2770 3148 tua.
2801 3079 2949 3168 Ipsi
2980 3077 3081 3149 dii
3113 3079 3179 3148 si

617 3166 702 3236 de
748 3166 937 3237 coelo
984 3166 1429 3249 descendant,
1468 3190 1602 3240 non
1652 3191 1817 3241 eum
1865 3169 2221 3240 absolvent
2267 3191 2308 3239 a
2357 3167 2678 3238 vinculis:
2725 3167 2940 3236 immo
2974 3168 3034 3238 si
3064 3166 3174 3238 vel

614 3255 887 3346 Jupiter
934 3255 1084 3345 ipse
1138 3255 1225 3325 ad
1274 3277 1435 3327 eum
1489 3257 1759 3339 veniat,
1811 3257 2079 3348 aperire
2125 3257 2230 3328 illi
2277 3275 2622 3327 carcerem
2674 3276 2813 3326 non
2849 3256 3173 3345 poterit.»

619 3343 922 3414 Candida
951 3344 1329 3436 respondit:
1362 3368 1398 3413 «
1420 3346 1763 3417 Nimirum
1783 3346 2043 3417 idcirco
2065 3367 2363 3438 magnus
2389 3344 2760 3416 habebitur
2785 3348 2964 3414 Deus
2988 3345 3170 3435 ejus,

615 3445 684 3533 et
722 3432 1148 3504 credendum
1201 3433 1301 3508 illi
1350 3434 1503 3516 erit,
1557 3436 1618 3505 si
1666 3435 1796 3506 hoc
1843 3434 2100 3517 fecerit,
2153 3434 2341 3524 quod
2391 3455 2516 3505 nec
2566 3435 2737 3525 ipse,
2777 3446 2853 3504 ut
2878 3433 3005 3516 aiS,
3043 3439 3176 3505 Ju-

619 3534 797 3613 piter
842 3521 1068 3592 facere
1109 3522 1349 3613 possit.
1406 3547 1441 3590 »

706 3612 744 3698 ἓ
787 3616 882 3684 3.
925 3615 1106 3681 Haec
1135 3623 1201 3681 et
1236 3610 1563 3702 pleraque
1596 3612 1734 3682 alia
1771 3614 2145 3687 cum.inter
2178 3634 2251 3683 se
2286 3613 2754 3701 loquerentur,
2788 3623 2856 3681 et
2886 3631 3174 3683 occum-

617 3700 821 3769 bente
867 3698 1003 3770 diei
1041 3699 1346 3781 lumine,
1387 3722 1518 3771 nox
1568 3701 1850 3771 initium
1908 3724 2117 3774 suum
2177 3701 2538 3772 stellarum
2590 3711 2748 3770 ortu
2805 3700 3170 3783 indicaret,

617 3786 811 3859 adest
846 3788 1054 3859 homo
1103 3789 1218 3858 Dei
1269 3794 1531 3870 Petrus,
1575 3790 1947 3872 Arthemio,
1999 3804 2065 3863 et
2113 3790 2458 3861 Candidae
2505 3811 2578 3858 se
2619 3788 2939 3869 offerenS,
3002 3810 3178 3858 can-

618 3875 804 3946 didis
864 3877 1155 3948 indutus
1216 3877 1544 3959 vestibuS,
1597 3878 2002 3971 trophaeum
2054 3880 2290 3950 Crucis
2339 3893 2580 3949 tenens
2627 3878 2696 3946 in
2750 3899 2964 3949 manu
3012 3899 3169 3949 sua.

619 3969 769 4034 Mox
816 3966 1030 4057 igitur
1076 3965 1162 4036 ad
1211 3966 1363 4057 ejus
1414 3966 1701 4058 vestigia
1745 3981 2085 4039 corruunt
2139 3968 2532 4038 Arthemius
2570 3978 2636 4037 et
2690 3964 3019 4046 Candida,
3057 3988 3179 4037 ex-

618 4051 1086 4141 clamantque,
1130 4053 1459 4128 dicentes:
1495 4059 1662 4126 Vere
1708 4078 1896 4127 unus
1942 4069 2044 4129 est
2092 4061 2271 4128 Deus
2311 4056 2750 4157 omnipotens
2776 4060 2945 4125 Jesu
2984 4054 3181 4125 Chri-

621 4154 794 4212 stus.
858 4144 1238 4231 Statimque
1286 4142 1433 4214 filia
1478 4164 1720 4215 eorum
1789 4144 2079 4217 Paulina
2133 4147 2327 4237 virgo
2368 4146 2457 4215 ab
2514 4142 2880 4216 immundo
2936 4154 3182 4214 vexata

620 4231 897 4331 spiritu,
954 4236 1168 4303 Deum
1217 4232 1579 4314 confflem,
1612 4245 1678 4304 et
1710 4233 1800 4304 ad
1841 4232 2050 4325 pedes
2080 4233 2232 4325 ejus
2320 4233 2663 4316 rocidenS,
2709 4244 3006 4325 purgata
3043 4244 3175 4316 est,

622 4332 720 4389 lta
761 4333 843 4390 ut
886 4317 1181 4391 daemon
1230 4320 1559 4392 clamaret
1598 4323 1670 4394 in
1720 4326 1913 4393 aere:
1976 4322 2208 4393 Virtus
2307 4323 2529 4405 bristi,
2591 4343 2769 4410 quae
2816 4322 2887 4391 in
2939 4334 3002 4393 te
3039 4332 3173 4403 est,

624 4412 838 4491 Petre‚
885 4428 996 4480 me
1034 4408 1273 4501 ligavit
1298 4420 1363 4480 et
1393 4409 1659 4502 expulit
1687 4433 1727 4481 a
1760 4413 2047 4503 virgine.
2094 4415 2403 4500 Cumque
2435 4411 2603 4482 haec
2634 4410 2898 4491 fierent,
2933 4431 3184 4484 omnes
