3357 4995
249 362 474 430 JUNII
523 365 565 427 6
1067 382 1145 428 ns
1194 382 1250 431 s.
1303 381 1667 430 nonrnnnro
1716 380 2013 430 amscoro
2592 366 2718 430 ⁴77

258 477 724 556 compunctus
758 464 1043 552 quidam
1077 466 1559 538 nobilissimus
1593 466 2299 557 princeps·Franciae,
2328 471 2564 537 Comes
2598 469 2814 538 Theo-

253 553 540 634 halduS,
597 553 947 625 hominem
985 556 1099 624 Dei
1133 555 1325 636 adiit,
1363 555 1450 625 de
1499 556 1722 625 salute
1759 577 1886 624 sua
1915 567 1979 625 et
2009 555 2093 624 de
2129 556 2537 626 remissione
2629 578 2818 626 ecca-

257 657 489 714 torum
556 665 842 713 suorum
893 644 1109 713 simili
1150 644 1352 715 modo
1416 643 1788 715 consilium
1829 644 2296 731 quaesiturus.
2353 646 2553 714 Consi
2611 666 2817 716 erans

263 746 499 802 autem
550 732 880 822 hominisx
908 732 1022 802 Dei
1069 733 1494 813 facundiam,
1535 747 1600 803 et
1634 731 1870 803 vultus
1917 732 2019 802 ele
2071 733 2356 813 amiam,
2409 746 2474 803 et
2523 736 2816 804 maturi-

268 833 470 890 tatem
523 822 593 890 in
640 821 864 890 verbis
909 836 974 891 et
1023 822 1373 913 responsis
1411 822 1584 913 ejus,
1625 822 1898 912 pietatis
1947 846 1984 891 a
2040 833 2196 893 ectu
2245 842 2438 891 mens
2473 824 2627 913 ejus
2658 845 2815 912 prae

274 930 502 978 amore
540 909 937 981 dulcedinis
986 912 1102 980 Dei
1148 924 1213 980 et
1247 911 1805 981 mansuetudinis
1855 911 1954 980 sic
2003 909 2282 1000 perfusa
2319 924 2442 992 est,
2478 924 2553 981 ut
2580 912 2815 981 statim

274 998 581 1087 seipsum
621 1010 839 1069 totum
874 1021 1030 1069 cum
1084 1000 1274 1069 omni
1363 1000 1750 1070 ossessione
1779 1020 1905 1069 sua
1945 999 2073 1068 viri
2124 999 2238 1068 Dei
2336 1000 2816 1070 ermiseritvo-

272 1085 547 1157 luntati.
604 1093 761 1157 Erat
808 1088 992 1158 enim
1028 1090 1265 1179 etipse
1363 1110 1519 1159 omo
1569 1089 1879 1179 prudens
1926 1101 1992 1158 et
2039 1089 2213 1158 bene
2318 1100 2538 1168 octus,
2593 1100 2658 1158 et
2707 1111 2815 1158 sa-

270 1197 429 1244 nam
468 1176 853 1247 doctrinam
904 1178 1454 1268 sapientiamque
1504 1178 1866 1248 verborum
1921 1177 2037 1247 Dei
2106 1177 2450 1267 sapienter
2491 1178 2816 1248 in‘corde

267 1286 396 1334 suo
443 1278 508 1334 et
558 1264 997 1336 laudabiliter
1029 1255 1416 1356 colligebat.
1473 1266 1599 1336 Sed
1651 1267 1754 1336 vir
1803 1266 1917 1336 Dei
1978 1265 2218 1337 videns
2308 1268 2574 1337 enei-osi
2626 1267 2811 1356 prin-

266 1352 446 1443 cipis
483 1365 720 1444 pectus
768 1354 1018 1437 nobile,
1058 1341 1499 1442 nobilemque
1538 1368 1603 1426 et
1649 1355 1960 1425 devotam
1996 1376 2203 1442 quam
2298 1377 2334 1423 e
2382 1356 2608 1445 seipso
2640 1357 2812 1425 bene

269 1441 589 1512 dividens
629 1443 952 1513 offerebat
1011 1445 1450 1525 oblationem,
1503 1457 1568 1514 et
1617 1444 2099 1516 holocaustum
2162 1444 2345 1530 quod
2396 1444 2481 1512 de
2543 1446 2812 1514 cunctis

268 1531 479 1600 rebus
527 1545 593 1602 et
640 1531 898 1602 divitiis
946 1533 1286 1614 faciebat,
1353 1535 1593 1623 paucis
1651 1533 1900 1604 diebus
1949 1533 2033 1602 ad
2087 1532 2646 1623 respondendum
2697 1556 2811 1603 ac-

268 1620 488 1709 ceptis
564 1619 927 1699 induciis,
1010 1624 1297 1692 Domino
1366 1627 1496 1691 Deo
1572 1620 1942 1694 consilium
2016 1621 2144 1691 hoc
2217 1623 2544 1692 attentius
2621 1644 2811 1691 com-

267 1709 668 1780 mendabat.
2557 1727 2568 1744 '
2846 1773 2854 1790 .

356 1799 601 1884 ἔδει.
657 1798 997 1869 Didicerat
1043 1799 1227 1867 enim
1296 1801 1686 1890 principem
1751 1798 1950 1868 illum
2023 1799 2496 1889 amplissimas
2561 1799 2813 1869 habere

267 1888 764 1975 possessiones,
820 1900 886 1957 et
930 1899 1153 1957 castra
1202 1909 1411 1974 quam
1463 1888 1767 1979 plurima
1797 1943 1812 1968 ,
1869 1909 1991 1956 nec
2054 1899 2305 1958 cuncta
2366 1886 2564 1958 facile
2615 1909 2815 1977 posse

267 1975 660 2065 mancipari
715 1976 927 2046 alicui
977 1975 1318 2066 religioni,
1366 1990 1509 2047 tum
1552 1989 1832 2077 propter
1888 1976 2082 2077 regni
2133 1977 2618 2056 munitionem,
2666 1990 2809 2045 tum

264 2076 550 2154 propter
597 2064 892 2135 aliorum
957 2064 1335 2135 multorum
1386 2066 1796 2150 mobilium,
1874 2088 1995 2152 qui
2064 2066 2213 2154 ejus
2288 2066 2626 2156 principis
2697 2065 2815 2134 be-

266 2152 611 2222 neficiarii
679 2167 919 2234 erant,
993 2153 1553 2225 destructionem.
1616 2154 1940 2223 Audierat
1986 2153 2188 2224 etiam
2250 2176 2398 2224 esse
2445 2177 2604 2223 eum
2675 2153 2813 2223 lar-

268 2241 644 2329 gissimum
705 2243 775 2311 in
842 2240 1274 2332 praestandis
1338 2243 1844 2333 eleemosyniS,
1914 2243 1985 2311 in
2037 2242 2397 2322 ecclesiis,
2469 2255 2813 2312 monaste-

264 2329 391 2400 riis
441 2342 507 2400 et
553 2331 837 2402 caeteris
885 2330 1367 2421 religiosorum
1420 2331 1718 2402 officinis
1765 2331 2266 2411 aedificandis,
2335 2331 2815 2418 addendisque

265 2430 692 2489 caeterarum
765 2442 997 2490 rerum
1077 2421 1622 2491 necessariarum
1714 2420 1985 2512 magnis
2047 2419 2402 2490 subsidiis.
2489 2421 2812 2489 Audierat

266 2528 428 2577 eum
512 2521 773 2599 patrem
844 2531 993 2580 esse
1071 2509 1541 2601 orphanorum
1575 2565 1590 2590 ‚
1669 2520 1957 2580 tutorem
2031 2508 2452 2594 viduarum,
2525 2509 2813 2579 nutrito-

266 2617 412 2665 rem
486 2620 927 2689 pauperum,
1005 2598 1312 2668 solamen
1384 2599 1839 2689 leprosorum.
1914 2603 2150 2685 Itaque
2219 2598 2323 2666 vir
2390 2620 2511 2688 per
2575 2599 2811 2668 omnia

267 2683 658 2765 discretus,
722 2685 1005 2757 alterius
1061 2688 1359 2758 instituti
1428 2688 1632 2758 vitam
1697 2687 1981 2756 minime
2048 2686 2152 2756 illi
2218 2686 2811 2776 complectendam

270 2775 629 2845 sentiebat.
676 2776 1088 2866 Expectabat
1116 2788 1344 2846 autem
1380 2776 1496 2846 ille
1531 2774 1943 2866 responsum
1985 2776 2069 2869 de
2116 2789 2382 2845 contem
2440 2788 2515 2844 tu
2562 2775 2813 2844 mundi

267 2875 332 2930 et
376 2862 778 2953 deserendis
824 2865 1175 2935 omnibus.
1231 2865 1358 2935 Sed
1393 2865 1600 2935 homo
1650 2865 1789 2945 Dei,
1836 2886 1995 2933 acce
2054 2877 2115 2934 to
2167 2877 2316 2954 post
2413 2878 2558 2934 atas
2610 2864 2813 2933 indu-

269 2950 409 3022 cias
434 2952 772 3023 divinitus
797 2953 1124 3023 consilio:
1166 2958 1362 3023 «Non
1404 2955 1557 3034 erit,
1583 2954 1832 3041 inquit,
1856 2954 1969 3022 ita.
2043 2975 2259 3045 ugum
2290 2955 2474 3024 enim
2512 2953 2806 3034 Domini,

221 3053 343 3108 -ut
390 3041 703 3132 coepisti,
738 3064 898 3112 cum
939 3043 1112 3133 jugo
1162 3043 1587 3112 matrimonii
1634 3044 1964 3133 portabiS,
2018 3055 2082 3111 et
2137 3063 2369 3113 semen
2423 3055 2616 3111 tuum
2650 3062 2812 3111 cum

266 3126 744 3200 benedictione
794 3144 1066 3232 patrum
1111 3143 1389 3203 tuorum
1439 3130 1997 3222 praecedentium
2043 3144 2290 3200 terram
2345 3130 2811 3219 largissimam

268 3216 640 3288 obtinebit:
694 3242 815 3307 qui
846 3244 886 3290 a
921 3220 1122 3292 nobis
1172 3220 1274 3289 fas
1305 3242 1440 3290 non
1482 3234 1583 3291 est
1611 3221 1683 3290 in
1735 3233 1796 3290 te
1846 3220 2194 3290 destruere
2230 3220 2415 3306 quod
2465 3220 2549 3287 de
2597 3232 2658 3287 te
2705 3219 2813 3287 di-

266 3306 424 3375 vina
474 3306 835 3397 dispositio
895 3322 1053 3379 ante
1107 3309 1341 3379 omnia
1390 3310 1623 3379 secula
1669 3310 1862 3379 hisce
1926 3308 2322 3379 novissimis
2382 3308 2812 3396 temporibus

266 3395 482 3465 voluit
527 3395 919 3467 ordinare.»
952 3398 1044 3467 Ad
1085 3419 1262 3486 quae
1290 3398 1388 3469 sic
1416 3398 1771 3488 respondit
1810 3397 2166 3489 princeps:
2223 3420 2258 3462 «
2291 3397 2357 3465 Si
2387 3397 2485 3465 sic
2535 3417 2813 3467 necesse

265 3484 664 3567 confirmaS,
717 3486 1085 3557 reverende
1134 3499 1350 3577 pater,
1395 3509 1474 3556 ex
1524 3488 1639 3556 Dei
1689 3486 2058 3567 voluntate,
2098 3486 2369 3555 Domini
2402 3499 2504 3555 est
2538 3497 2716 3554 terra
2746 3498 2814 3554 et

264 3570 626 3661 plenitudo
673 3575 846 3674 ejuS,
886 3597 1011 3646 nec
1059 3598 1139 3645 ex
1187 3597 1263 3645 ea
1312 3577 1683 3663 quisquam
1720 3575 2006 3663 aliquid,
2066 3575 2199 3644 nisi
2245 3596 2364 3665 per
2413 3573 2637 3655 illum,
2690 3576 2813 3645 ob-

263 3661 534 3731 tinebit.
591 3668 764 3745 Quia
816 3665 1032 3755 igitur
1083 3687 1164 3734 ex
1212 3664 1329 3734 illo
1373 3664 1541 3734 haec
1590 3665 1958 3755 praecipiS,
2015 3685 2150 3734 non
2192 3662 2414 3732 habeo
2462 3663 2812 3732 contradi-

262 3770 452 3819 cere:
510 3751 626 3821 sed
660 3764 922 3825 certum
976 3754 1100 3824 tibi
1133 3754 1244 3833 sit,
1279 3752 1542 3823 nullam
1594 3776 1705 3823 me
1753 3754 2127 3823 ducturum
2171 3752 2405 3833 aliam,
2440 3752 2810 3838 nisiquam

266 3840 603 3910 Dominus
653 3845 831 3913 Deus
877 3864 1001 3933 per
1035 3855 1098 3912 te
1140 3842 1312 3911 mihi
1347 3842 1638 3913 voluerit
1685 3843 2095 3933 copulare.»
2131 3845 2374 3912 Penset
2425 3839 2536 3908 hic
2578 3838 2809 3922 lector,

260 3941 527 4013 quanta
572 3928 878 3999 fueritin
931 3931 1075 4001 viro
1118 3931 1234 4001 Dei
1280 3931 1500 4001 virtus
1547 3930 1983 4001 discretionis
2078 3930 2152 3999 ui
2192 3952 2273 3999 ex
2305 3928 2579 3999 duobus
2629 3929 2818 4018 prin-

261 4016 543 4105 cipibus
607 4018 901 4088 alterum
960 4033 1213 4090 cuncta
1264 4020 1476 4101 voluit
1523 4020 1941 4107 relinquere,
2012 3952 2207 4102 alteri
2265 4039 2422 4087 vero
2473 4018 2820 4108 praecepit

262 4114 594 4192 tanquam
653 4107 829 4177 nihil
881 4107 1247 4178 habentem
1296 4120 1549 4178 cuncta
1599 4108 1979 4199 possidere.
2040 4106 2508 4178 consideravit
2554 4107 2820 4197 quippe

263 4191 333 4261 in
383 4194 600 4265 altero
645 4196 827 4283 quod
899 4196 1126 4267 aliena
1171 4196 1380 4266 etiam
1440 4198 1526 4267 ab
1575 4197 1818 4297 egenis
1868 4210 2180 4286 raperet:
2235 4195 2700 4267 consideravit
2746 4195 2820 4264 in

264 4281 479 4353 altero
528 4284 711 4371 quod
750 4286 1029 4376 propria
1078 4286 1440 4376 egentibus
1472 4285 1713 4377 largiri
1763 4307 1901 4355 non
1935 4297 2256 4355 cessaret.
2545 4318 2550 4323 “

345 4372 385 4457 ξ
430 4376 590 4447 35.
645 4374 1103 4445 constituerat
1152 4375 1355 4445 homo
1411 4375 1522 4444 Dei
1570 4376 1700 4444 iter
1737 4380 2132 4446 Romanum
2181 4372 2450 4464 ingredi
2503 4395 2627 4462 pro
2678 4385 2820 4442 sta-

264 4460 518 4531 tuendo
590 4462 844 4533 Ordine
917 4468 1229 4551 Fratrum
1302 4485 1590 4536 suorum
1621 4520 1639 4548 ,
1717 4479 1782 4535 et
1844 4484 1968 4555 pro
2032 4460 2535 4536 confirmandis
2610 4461 2822 4539 rebus

422 4582 663 4642 surius
678 4612 705 4628 -
731 4580 1027 4648 Vitam-9.
1049 4610 1075 4629 ·
1093 4580 1218 4643 Vol.
1262 4577 1358 4643 VI.
2586 4579 2661 4639 12
