3357 4995
215 309 441 375 JUNII
493 310 536 373 6
658 329 669 338 ·
1029 326 1107 372 na
1155 327 1211 373 s.
1265 324 1630 373 Noaraxaro
1681 324 1976 373 EPISCOPO
2569 311 2695 375 Ι159

223 406 547 476 difficiles
580 420 646 475 et
681 405 1080 486 laboriosas,
1134 427 1375 475 errans
1407 419 1473 475 et
1522 404 1861 486 nesciens,
1903 404 2303 494 periclitans
2365 418 2429 477 et
2469 428 2778 488 securuS,

227 495 647 566 exhauriens
698 505 973 564 ventum
1024 505 1090 563 et
1138 498 1499 584 aucupans
1547 493 2168 584 vanitatem.‚Cum
2221 516 2378 565 ecce
2443 497 2672 567 subito
2720 508 2785 567 et

227 606 310 653 ex
366 582 743 673 improvis'o
791 604 1015 652 sermo
1067 582 1258 653 velox
1311 596 1376 653 et
1426 604 1677 652 manus
1737 594 2149 684 praepotens
2213 583 2530 653 imminet
2577 585 2783 655 dorso

230 671 546 764 fugitivi,
621 671 953 762 dejiciens
1022 693 1456 743 ascensorem
1527 685 1591 742 et
1657 673 1951 766 erigens,
1998 693 2314 741 curvum.
2383 677 2554 741 Tum
2626 695 2782 744 vero

231 761 482 830 sensim
515 773 724 848 atque
767 760 1095 850 paulatim
1125 761 1350 850 coepit
1387 761 1475 830 ab
1506 759 1956 830 interioribus
1986 781 2182 830 versa
2212 760 2357 829 vice
2406 760 2782 831 reformare

228 850 408 937 quod
456 848 757 919 vanitate
804 848 1025 919 fuerat
1071 848 1556 930 deformatum,
1609 848 1909 918 evellens
1968 860 2034 918 et
2098 847 2489 930 destruens,
2536 850 2781 921 aedifi-

226 960 391 1008 cans
422 949 487 1007 et
524 937 871 1029 plantans.
903 936 1233 1025 Venitque
1280 951 1559 1028 repente
1591 949 1655 1008 et
1688 937 1978 1010 minavit
2024 937 2440 1095 sYlvestrem‘
2466 949 2532 1009 et
2582 961 2781 1030 rapa-

221 1048 369 1097 cem
420 1025 821 1117 accipitrem
871 1025 941 1094 in
983 1025 1370 1116 simplicem
1402 1037 1468 1096 et
1505 1038 1941 1096 mansuetam
1978 1047 2058 1095 co
2090 1026 2402 1096 umbam.
2460 1032 2780 1098 Factum-

220 1137 357 1203 que
394 1128 524 1197 est,
576 1115 755 1185 sicut
787 1114 953 1184 dicit
982 1114 1368 1206 ApostoluS‚
1402 1125 1480 1184 ut
1515 1115 1635 1184 ubi
1669 1113 2050 1186 abundavit
2099 1127 2485 1208 peccatum,
2531 1139 2778 1207 super-

216 1203 610 1275 abundaret
648 1214 713 1274 et
745 1203 987 1294 gratia.
1028 1208 1104 1272 Et
1140 1203 1306 1292 quia
1337 1215 1616 1273 noverat
1674 1203 1972 1294 Spiritus
2009 1202 2292 1273 modum
2347 1216 2412 1274 et
2459 1205 2774 1275 ordinem

216 1292 644 1383 operationis
694 1314 881 1372 suae,
929 1303 1288 1382 postquam
1329 1291 1692 1382 inspiravit
1720 1314 2051 1372 amorem,
2091 1291 2361 1362 addidit
2407 1305 2472 1364 et
2505 1316 2545 1363 a
2598 1294 2779 1364 eruit

219 1380 681 1462 intellectum,
722 1381 1043 1467 misitque
1074 1380 1143 1449 in
1175 1381 1489 1450 animum
1522 1381 1697 1471 ejus,
1730 1393 1808 1451 ut
1844 1393 2117 1470 tempus
2151 1381 2381 1451 adhuc
2415 1404 2529 1452 mo
2583 1383 2773 1452 icum

216 1482 287 1544 et
334 1469 470 1539 sibi
500 1491 889 1561 congruum
933 1470 1302 1540 sustineret
1338 1470 1693 1539 exterioris
1719 1469 2024 1539 hominis
2070 1469 2365 1539 exuendi
2414 1494 2574 1541 cum
2604 1472 2777 1542 acti-

221 1557 357 1629 bus
405 1559 577 1638 suis,
629 1557 997 1645 locumque
1048 1558 1372 1627 idoneum
1424 1558 1705 1650 eligeret
1763 1558 1927 1628 huic
1979 1557 2215 1630 seculo
2254 1559 2531 1649 publice
2579 1560 2778 1630 abre-

220 1647 631 1717 nunciandi.
684 1647 831 1716 Jam
884 1647 1097 1738 igitur
1124 1646 1409 1720 edoctus
1448 1668 1765 1739 pugnare
1811 1669 1973 1717 cum
2025 1646 2240 1727 hoste,
2282 1648 2559 1718 retraxit
2606 1671 2773 1718 con-

222 1736 418 1820 tinuo
480 1735 722 1826 pedem
774 1736 862 1806 ab
915 1735 1100 1816 aula,
1148 1758 1227 1805 ac
1295 1736 1485 1805 domi
1549 1736 1893 1818 residens,
1946 1736 2377 1826 expectabat,
2446 1750 2511 1807 et
2573 1738 2777 1825 quasi

224 1824 561 1914 tyrocinia
605 1822 946 1912 quaedam
996 1823 1269 1894 suturae
1301 1824 1769 1895 conversionis
1802 1845 2147 1906 exercenS,
2202 1824 2391 1915 apud
2440 1848 2513 1896 se
2542 1826 2777 1917 dispo-

224 1913 464 1983 nebat:
516 1911 847 2000 quicquid
882 1935 1018 2003 pau
1073 1914 1329 1995 ertatiS‚
1368 1913 1702 2002 quicquid
1735 1912 2185 1983 afflictionum
2218 1925 2282 1983 et
2314 1916 2773 1984 certaminum

219 2001 537 2071 accidere
604 2012 864 2092 posset,
933 2002 1003 2069 in
1036 2001 1348 2093 atigabili
1417 2001 2027 2092 praemeditatione
2088 2001 2374 2072 levabat.
2452 2004 2774 2074 Imbutus

216 2091 455 2178 itaque
505 2111 676 2160 nova
737 2090 1084 2159 interioris
1132 2091 1403 2162 virtutis
1450 2092 1695 2181 grati&
1748 2090 2112 2161 exterioris·
2135 2102 2364 2161 autem
2415 2092 2772 2164 vetustatis

216 2180 461 2249 tunica
505 2178 814 2249 nondum
864 2181 1134 2260 exutus,
1208 2177 1644 2250 demulcebat
1692 2178 2114 2249 desiderium
2165 2202 2372 2250 suum
2436 2202 2555 2271 spe
2604 2181 2775 2251 ube-

218 2267 428 2337 rioris
479 2267 769 2349 fructus,
829 2266 1094 2337 malens
1144 2267 1352 2338 simul
1418 2265 1572 2338 novi
1626 2267 1931 2339 hominis
1984 2265 2474 2340 indumentum
2516 2270 2774 2361 pariter

214 2370 283 2426 et
330 2369 814 2426 ornamentum
846 2356 1220 2447 suscipere,
1264 2356 1437 2426 illud
1478 2356 1760 2445 quidem
1791 2357 1858 2426 in
1891 2357 2133 2426 habitu
2168 2355 2543 2447 religionis,
2584 2358 2768 2428 istud

211 2467 378 2516 vero
429 2444 496 2514 in
560 2443 892 2536 dignitate
941 2444 1341 2528 sacerdotii,
1411 2445 1791 2535 fierentque
1837 2445 2195 2516 cumulata
2245 2467 2535 2516 munera
2584 2460 2770 2518 tanto

203 2534 661 2624 jucundiora,
712 2547 971 2622 quanto
1019 2536 1384 2605 existerent
1430 2557 1509 2606 ex
1558 2550 1805 2606 mutua
1859 2535 2224 2606 collatione
2265 2534 2552 2625 potiora.

304 2625 469 2711 §3-
514 2627 821 2710 Cumque
859 2622 983 2693 diu
1023 2647 1061 2694 o
1118 2637 1332 2694 tatum
1349 2624 1803 2714 jam-tempus
1842 2624 2134 2706 adesset,
2173 2634 2237 2693 et
2270 2624 2450 2693 sacri
2481 2623 2770 2696 Ordines

213 2711 441 2781 forent
485 2733 565 2781 ex
614 2733 802 2781 more
851 2712 917 2780 in
950 2734 1067 2782 ecc
1099 2713 1240 2784 esia
1287 2711 1723 2783 celebrandi:
1768 2712 1874 2781 vir
1910 2713 2023 2784 Dei
2069 2713 2188 2815 pia
2218 2711 2635 2782 exultatione
2667 2735 2772 2782 re·

214 2799 483 2892 pletuS‚
538 2799 939 2871 festinanter
985 2815 1050 2871 et
1096 2824 1255 2871 cum
1325 2802 1512 2872 omni
1564 2800 1922 2872 devotione
1972 2801 2141 2872 adiit
2206 2799 2569 2871 dominum
2623 2802 2769 2870 Fri-

212 2889 531 2959 dericum
578 2888 1184 2980 Archiepiscopum
1229 2890 1726 2971 coloniensem,
1769 2904 2005 2981 petens
2037 2889 2371 2980 seprima
2417 2890 2562 2960 vice
2593 2890 2772 2961 inter

212 2991 519 3049 caeteros
578 2977 908 3047 ordinari.
964 2983 1110 3061 Quo
1176 2978 1412 3049 audito
1444 3034 1459 3060 ,
1512 2979 1954 3070 Archiepisco
2008 3002 2091 3049 us
2143 3000 2278 3047 non
2334 2977 2772 3050 mediocriter

211 3068 597 3147 admirans,
644 3066 995 3137 hominem
1031 3090 1151 3159 per
1183 3089 1255 3137 se
1305 3080 1530 3157 petere
1577 3068 1765 3154 quod
1806 3069 1892 3139 ab
1922 3091 1961 3137 a
1997 3068 2080 3137 iis
2141 3089 2346 3158 saepe
2381 3081 2769 3139 recusasset

211 3156 569 3227 oblatum:
609 3153 900 3225 libenter
932 3169 1159 3226 tamen
1210 3169 1276 3226 et
1324 3156 1497 3227 laeta
1547 3156 1997 3246 responsione
2030 3156 2279 3226 annuit
2316 3177 2390 3226 se
2419 3155 2770 3228 facturum

209 3245 391 3333 quod
444 3243 839 3332 quaerebat.
873 3248 1021 3314 Mox
1061 3244 1176 3314 ille
1203 3245 1598 3335 subjunxit:
1637 3268 1671 3311 «
1699 3245 2039 3316 Diacouus
2072 3242 2282 3315 simul
2311 3254 2376 3313 et
2407 3246 2771 3335 Presbyter
2823 3248 2832 3255 '

209 3348 366 3424 opto
417 3332 592 3403 fieri.
625 3356 660 3398 »
708 3332 799 3401 Ad
852 3332 1021 3403 haec
1068 3333 1642 3426 Archiepiscopus
1691 3334 2128 3404 veliementer
2184 3347 2472 3424 stupens
2528 3345 2594 3403 et
2647 3356 2769 3424 pa-

208 3444 398 3503 vens,
450 3420 793 3508 quaesivit
837 3444 1181 3509 quaenam
1214 3434 1393 3493 esset
1438 3422 1923 3513 hujuscemodi
1950 3435 2085 3493 tam
2113 3422 2516 3493 subitaneae
2562 3436 2768 3510 atque

210 3512 614 3601 inopinatae
664 3509 1033 3581 voluntatis
1063 3533 1296 3581 causa.
1353 3510 1475 3581 Ille
1521 3511 1653 3580 ait:
1710 3534 1745 3577 «
1779 3512 1887 3581 Sic
1917 3522 2018 3593 est
2052 3511 2121 3580 in
2158 3511 2392 3581 animo
2425 3533 2598 3592 meo,
2642 3533 2768 3581 nec

210 3599 469 3690 poteris
509 3599 687 3668 scire
736 3599 963 3681 modo,
1015 3600 1192 3671 scies
1239 3611 1469 3670 autem
1522 3612 1827 3691 postea.»
1857 3605 2166 3687 Cumque
2193 3599 2768 3690 ,archiepiscopus

207 3710 494 3759 causam
544 3687 722 3757 scire
762 3687 1028 3772 volens,
1083 3688 1520 3759 vehementer
1576 3712 1656 3759 ex
1708 3689 1996 3759 adverso
2033 3688 2397 3770 insisteret,
2451 3688 2767 3781 cogitans

207 3777 392 3869 apud
458 3798 535 3847 sc
588 3775 691 3846 vir
738 3777 877 3857 Dei,
933 3777 1117 3866 quod
1169 3799 1291 3869 per
1322 3799 1600 3849 omnem
1663 3777 1950 3848 modum
2001 3777 2289 3847 honesta
2336 3788 2404 3847 et
2456 3798 2767 3877 congrua

205 3879 380 3938 esset
413 3887 712 3956 persona
740 3866 853 3935 cui
885 3867 1102 3956 possit
1130 3879 1195 3936 et
1226 3866 1469 3938 debeat
1498 3880 1922 3937 secretorum
1950 3886 2238 3944 suorum
2269 3865 2765 3936 conscientiam

205 3956 509 4046 aperire:
554 3954 935 4047 procidens
960 3955 1044 4024 ad
1075 3955 1284 4046 pedes
1332 3956 1506 4047 ejuS‚
1561 3977 1721 4025 cum
1760 3954 2088 4045 lacrymis
2134 3966 2199 4023 et
2226 3953 2491 4045 gemitu
2522 3975 2766 4043 pecca-

206 4057 432 4115 torum
484 4063 773 4114 suorum
823 4043 1091 4114 veniam
1175 4055 1364 4115 etens
1412 4058 1476 4115 et
1509 4044 1885 4135 accipiens.
1939 4043 2298 4115 confessus
2344 4054 2448 4113 est
2476 4042 2763 4112 firmum

200 4145 265 4204 et
293 4131 793 4205 indeclinabile
841 4154 1006 4203 suae
1038 4067 1409 4203 vofuntatis
1449 4133 1907 4224 propositum.
1940 4131 2192 4203 Videns
2221 4142 2454 4202 autem
2486 4131 2762 4201 Archie-

202 4223 534 4314 piscopus
594 4220 946 4294 hominem
995 4245 1035 4292 a
1089 4221 1179 4292 ud
1231 4243 1325 4301 se,
1381 4221 1564 4310 quod
1625 4223 1920 4312 petebat,
1988 4220 2280 4291 firmiter
2312 4219 2756 4302 deliberasse,

202 4333 286 4393 ac,
311 4324 631 4382 metuens
662 4320 929 4401 gratam
962 4244 1116 4397 ,sigi
1156 4310 1521 4383 familiaris
1557 4311 1666 4382 sui
1708 4310 2084 4381 amicitiam
2121 4309 2401 4380 violare:
2441 4308 2760 4379 conside-

205 4423 366 4471 rans
395 4421 678 4495 quoque
709 4400 998 4484 bonurn,
1042 4400 1225 4489 quod
1281 4411 1508 4491 posset
1554 4400 1639 4470 de
1681 4412 1817 4470 tam
1869 4398 2207 4471 laudabili
2261 4398 2410 4468 viro
2459 4396 2758 4468 facilime
