3357 4995
1240 425 1752 567 JUNIUS

1362 624 1665 638 m—

577 872 1200 977 MARTYRIUM
1258 869 1362 974 B.
1438 872 1924 975 ANDREAE
1993 873 2121 974 DE
2191 872 2422 974 CHlO

426 1137 469 1179 A
517 1131 787 1180 GEORGIO
832 1132 1263 1182 TRAPEZUNTIO
1311 1132 1537 1179 STATIM
1586 1131 1737 1179 POST
1785 1131 1910 1179 mm
1959 1131 2201 1180 GESTAM
2252 1132 2556 1181 SCRIPTUM

1146 1315 1399 1370 Passus
1452 1326 1631 1370 anno
1672 1316 1857 1372 1465.

315 1516 350 1601 ξ
394 1520 473 1586 1.
514 1512 819 1596 ,Quando
857 1513 1005 1603 jam
1065 1511 1362 1581 triennio
1408 1535 1445 1581 e
1494 1515 1687 1596 Creta
1734 1512 2400 1613 Constantinopolim
2454 1512 2774 1614 navigas-

233 1623 394 1683 sem,
447 1604 847 1688 universam
897 1600 1090 1670 illam
1139 1600 1384 1670 urbem
1434 1623 1594 1672 cum
1646 1601 1884 1670 Galata
1932 1599 2144 1670 simul
2196 1624 2266 1670 ln
2317 1600 2776 1671 admirat1one

232 1703 424 1779 atque
473 1690 731 1783 gaudio
783 1689 1000 1780 reperi
1050 1690 1192 1759 non'
1239 1711 1474 1779 parvo,
1532 1703 1810 1780 propter
1856 1689 2213 1780 singulare
2260 1703 2325 1760 et
2376 1689 2773 1761 inauditum

228 1780 466 1850 multis
500 1779 930 1869 temporibus
976 1778 1282 1848 Andreae
1328 1778 1413 1848 de
1462 1778 1658 1858 Chio,
1703 1800 1827 1868 pro
1860 1784 2028 1849 Jesu
2067 1779 2315 1848 Christi
2351 1778 2776 1868 professione

229 1870 664 1960 martyrium.
713 1869 865 1937 Fuit
909 1867 1093 1937 enim
1127 1867 1339 1958 paulo
1371 1880 1529 1937 ante
1562 1867 1866 1937 mirabili
1898 1868 2286 1937 constantia
2326 1891 2447 1958 per
2479 1869 2772 1958 gratiam

230 1959 339 2026 Dei
383 1970 687 2049 gestum.
723 1962 891 2027 Nam
924 1978 1049 2048 ego
1097 1956 1378 2043 quidem
1420 1977 1659 2027 mense
1707 1956 2069 2026 Novembri
2100 1956 2436 2047 applicui,
2470 1980 2654 2027 anno
2688 1957 2777 2026 ab

227 2046 705 2117 incarnatione
751 2045 1026 2115 Domini
1072 2066 1405 2116 mcccccxv.
1452 2044 1757 2115 Andreas
1805 2045 1964 2114 v'cro
1996 2059 2262 2135 martyr
2294 2045 2544 2116 Christi
2576 2067 2779 2136 prae-

225 2135 474 2225 cipuus
508 2157 652 2205 xx1x
700 2134 813 2203 die
860 2134 1119 2204 mensis
1167 2134 1350 2225 Maji,
1390 2133 1704 2235 ejusdem
1736 2135 1904 2205 anni
1932 2155 2260 2204 coronam
2298 2135 2609 2224 martyrii
2645 2134 2778 2204 mi-

224 2224 603 2295 sericordia
651 2223 898 2293 Christi
947 2236 1386 2304 consecutuS‚
1423 2245 1492 2291 m
1530 2222 1756 2293 coelos
1788 2223 2442 2304 ascendit'adeum,
2484 2246 2607 2314 pro
2640 2244 2779 2311 quo

223 2314 480 2385 multos
527 2313 877 2382 cruciatus
925 2312 1278 2384 sustinuit.
1314 2317 1564 2382 Verum
1615 2311 1801 2399 quod
1851 2312 2338 2382 admirabilius
2378 2313 2505 2382 rite
2553 2312 2781 2382 consi-

219 2401 491 2480 derami
538 2401 907 2482 videbitur,
960 2400 1133 2469 illutl
1182 2412 1306 2481 est,
1343 2399 1530 2488 quod
1583 2402 1720 2472 nisi
1773 2401 2078 2470 Andreae
2128 2402 2540 2489 martyrium
2600 2402 2781 2471 divi-

223 2493 408 2563 nitus
443 2490 864 2561 destinatum
896 2489 1133 2561 divina
1161 2488 1382 2580 gratia
1413 2490 1823 2562 Christianis
1850 2513 2051 2582 opem
2089 2490 2380 2572 tulisset,
2415 2504 2479 2559 et
2510 2492 2781 2561 animos

216 2603 456 2652 eorum
510 2580 899 2660 firmaeset,
954 2600 1207 2669 magna
1253 2580 1323 2648 in
1374 2601 1491 2650 eos
1537 2580 1811 2660 clades,
1869 2603 1948 2648 ac
1997 2590 2333 2648 aerumna
2380 2580 2627 2668 ingens
2692 2580 2781 2649 ab

219 2669 508 2739 inimico
544 2669 822 2770 generis
853 2668 1170 2750 humani,
1223 2668 1568 2767 procellae
1608 2670 1681 2737 in
1718 2689 1980 2738 morem
2029 2667 2274 2737 fuisset
2316 2666 2558 2737 effusa.
2613 2669 2780 2749 Qui-

220 2758 376 2829 dam
448 2779 663 2839 emm,
715 2758 919 2844 quem
970 2757 1255 2827 honoris
1309 2760 1522 2827 causa
1570 2779 1708 2827 non
1769 2758 2091 2837 nomino,
2142 2778 2221 2826 ex
2262 2762 2783 2847 Trapezuntana

220 2861 410 2920 ortus
435 2847 634 2926 urbe,
659 2845 1258 2936 Peripateticorum
1290 2846 1771 2937 philosophiae
1800 2846 2165 2936 professor,
2194 2845 2333 2917 sive
2360 2868 2484 2915 sua
2509 2857 2777 2935 sponte,

218 2950 288 3006 ut
319 2936 535 3007 m'ulti
563 2936 783 3025 ajunt,
825 2935 965 3005 sive
997 2934 1372 3024 impulsuS‚
1413 2935 1670 3015 nesci0,
1719 2955 1843 3004 nec
1878 2936 1937 3005 si
1987 2935 2228 3015 sciam,
2263 2934 2491 3004 dicere
2522 2935 2774 3014 ausim,

223 3031 509 3096 Crucem
561 3024 833 3093 Domini
888 3024 1184 3114 negavit,
1241 3035 1307 3092 et
1355 3023 1751 3093 Mahumeto
1800 3023 2137 3093 adhaesit.

302 3122 342 3196 ἓ
395 3118 492 3185 2.
546 3119 769 3195 Quare
816 3116 1195 3182 Turcarum
1237 3134 1355 3182 rex
1400 3112 1645 3192 elatus,
1701 3112 1928 3182 virum
1978 3111 2377 3202 quemdam,
2417 3113 2622 3203 cujus
2656 3132 2781 3180 no-

223 3225 373 3272 men
430 3224 543 3271 me
588 3201 788 3290 fugit,
842 3202 1212 3290 ipsumque
1243 3201 1779 3292 Trapezuntium
1829 3200 2118 3270 militiae
2166 3201 2672 3290 peritissimum
2706 3200 2775 3268 in

223 3312 569 3361 carcerem
605 3290 921 3379 conjecit:
957 3289 1252 3381 dignum
1286 3303 1501 3371 ratuS‚
1533 3302 1609 3359 ut
1641 3288 2142 3380 Philosophum
2179 3289 2534 3358 concivem
2567 3309 2779 3358 suum

221 3380 460 3449 volens
510 3378 834 3448 nolensve
888 3379 1302 3448 imitaretur:
1353 3378 1678 3469 cupiebat
1724 3378 1909 3448 enim
1960 3378 2110 3469 ejus
2164 3381 2374 3467 opera
2424 3378 2526 3446 uti
2577 3378 2650 3446 in
2710 3398 2782 3444 re

225 3468 535 3539 militari.
587 3472 892 3554 Cumque
940 3467 1326 3538 Christiano
1366 3476 1506 3536 non
1556 3467 1956 3548 confideret,
2002 3467 2090 3536 ad
2149 3464 2621 3535 Mahumetum
2671 3465 2781 3534 in-

224 3558 501 3627 trudere
546 3555 890 3647 cupiebat.
929 3560 1007 3625 At
1038 3555 1155 3625 ille
1184 3555 1421 3625 animo
1455 3569 1742 3645 martyr:
1775 3579 1812 3623 «
1847 3555 2334 3647 Philosophus,
2373 3555 2669 3635 dicebat,
2705 3554 2780 3621 in

227 3644 497 3717 deliciis
545 3645 901 3727 educamS,
955 3645 1216 3735 maj0re
1265 3666 1388 3735 spe
1447 3645 1790 3735 ipsarum,
1830 3644 2080 3714 Christi
2132 3665 2408 3714 crucem
2461 3642 2776 3733 negavit:

227 3752 349 3824 ego
396 3747 668 3813 autem,
711 3734 833 3821 qui
881 3755 1005 3825 pro
1059 3739 1480 3824 Imperatore
1528 3755 1682 3803 meo
1732 3733 2006 3804 mortali
2055 3745 2150 3803 tot
2199 3745 2423 3802 tantos
2474 3754 2561 3801 ue
2597 3731 2783 3800 labo-

227 3843 353 3903 res,
415 3845 581 3893 cum
641 3822 911 3911 Scythis
958 3822 1140 3893 bella
1187 3843 1434 3912 gerens
1485 3822 1639 3904 tuli,
1697 3823 2123 3909 vulneraque
2170 3821 2406 3912 excepi
2471 3819 2668 3900 dixit,
2717 3831 2784 3888 et

228 3922 464 4001 aperto
494 3923 788 4002 pectore,
828 3912 1181 3981 cicatrices
1215 3911 1653 4001 ostendebat)
1682 3934 1806 4003 pro
1836 3911 2258 4002 Imperatore
2290 3909 2566 3980 coelesti
2600 3930 2783 3978 mor-

228 4010 362 4063 tem
397 4000 690 4063 timebo?
736 4000 917 4063 absit
955 4022 1003 4063 a
1035 4020 1148 4063 me
1187 4012 1375 4063 tanta
1416 4000 1715 4063 insania.
1761 4007 1949 4063 Onne
1987 4021 2186 4063 mens
2218 4012 2568 4069 nraeterea
2608 4009 2786 4068 esset

2313 4087 2539 4179 giendi
2568 4088 2786 4156 causa

2321 4177 2785 4263 ahumetoque

2357 4287 2610 4366 magna
2660 4285 2785 4353 pro

2354 4354 2786 4424 Chr1stianus

2313 4465 2469 4513 uere
2500 4498 2516 4525 ,
2569 4462 2780 4530 quam
