3357 4995
199 369 420 436 JUNII
466 369 553 434 26
910 386 989 433 m:
1034 386 1090 433 s.
1142 385 1475 434 fflrnnruo
1524 385 1760 435 annuc.
1812 385 2012 435 ssr1sc.
2526 370 2643 435 611

202 477 370 542 Nam
400 470 619 542 instar
652 470 1094 540 Chananaeae
1146 468 1358 552 illius,
1399 470 1616 541 multa
1669 470 1831 540 fidei
1871 470 2282 551 constantia,
2324 493 2748 561 precumque

203 559 536 631 instantia
582 558 926 628 clamabat
973 580 1043 629 se
1093 558 1565 649 peccatricem,
1615 559 1745 629 sibi
1798 560 2069 630 dicebat
2135 581 2425 662 poenam
2476 560 2737 640 deberi,

201 662 406 737 atque
434 670 475 717 a
521 670 593 718 se
640 647 975 717 ultionem
1013 669 1092 717 ex
1144 647 1486 729 etendam,
1534 669 1668 718 non
1700 648 1789 717 ab
1817 649 2094 719 innoxio
2130 647 2490 718 infantulo:
2531 649 2743 719 simul

200 736 591 828 implorans
622 748 1017 807 sanctorum
1068 735 1373 818 ilorum,
1420 758 1594 823 quos
1642 736 1988 819 diximuS‚
2043 737 2396 828 suffragia.
2458 742 2586 807 Nec
2644 750 2746 808 est

192 824 523 896 frustrata
556 846 678 915 spe
708 846 857 896 sua.
895 829 1060 894 Nam
1099 824 1307 915 paulo
1349 836 1500 916 post
1547 826 1773 916 coepit
1807 826 2062 895 moveri
2116 848 2309 917 puer:
2357 825 2476 895 sed
2526 837 2745 896 mater

194 916 456 996 territa,
510 914 598 984 ab
659 935 738 984 eo
787 913 1110 995 recessit,
1165 915 1262 984 rei
1309 926 1629 984 eventum
1687 915 2258 1006 contemplatura.
2316 914 2571 984 Deinde
2618 938 2747 985 au-

188 1003 487 1075 diuntur
537 1003 716 1073 leves
775 1002 1059 1091 quidam
1133 1001 1460 1073 infantuli
1529 1003 1839 1094 vagitus:
1897 1018 2050 1093 post
2113 1002 2526 1095 paululum,
2580 1024 2744 1074 cum

189 1115 401 1163 nemo
438 1090 526 1162 ad
573 1112 734 1162 eum
784 1091 1157 1173 accederet,
1212 1092 1482 1163 cunctis
1515 1093 1955 1183 stupentibus
2015 1092 2334 1172 surrexit,
2381 1104 2447 1163 et
2471 1106 2743 1184 arrepto

192 1181 544 1273 scipione,
609 1180 732 1269 qui
769 1180 968 1271 juxta
1015 1179 1215 1249 illum
1263 1193 1430 1262 erat,
1484 1181 1569 1250 ad
1624 1203 2025 1251 mensuram
2074 1182 2296 1251 factus
2345 1181 2743 1282 corpusculi

191 1272 371 1352 e'uS,
426 1270 513 1339 ad
563 1281 880 1340 sanctum
929 1268 1332 1360 sepulcrum
1376 1291 1782 1360 progressus
1814 1282 1938 1351 est,
1973 1271 2207 1358 ibique
2256 1269 2532 1340 resedit.
2568 1276 2742 1340 Tum

245 1380 484 1430 emum
521 1370 736 1428 mater
782 1380 954 1428 ausa
1016 1357 1336 1429 accedere
1383 1381 1543 1428 cum
1606 1358 1762 1428 aliis
1823 1359 2071 1429 affatur
2169 1380 2455 1440 uerum,
2512 1370 2577 1428 et
2623 1358 2742 1428 ille

192 1447 590 1538 respondet,
630 1469 916 1538 prorsus
965 1446 1360 1527 incolumis,
1400 1469 1525 1517 nec
1574 1447 1957 1535 quidquam
2012 1469 2121 1517 ma
2156 1449 2175 1516 i
2226 1448 2552 1529 sentiens,
2587 1470 2743 1537 per-

191 1537 360 1607 inde
406 1536 548 1606 acsi
597 1536 772 1606 nihil
826 1536 1250 1605 incommodi
1305 1557 1675 1626 perpessus
1723 1549 1923 1606 esset.
1990 1536 2231 1606 Existit
2279 1535 2466 1627 apud
2500 1558 2742 1605 omnes

195 1628 449 1719 ingens
495 1625 842 1705 exultatio,
880 1647 1039 1695 cum
1077 1625 1318 1695 timore
1365 1625 1664 1712 quodam
1716 1638 1782 1695 et
1827 1624 2282 1695 admiratione
2336 1625 2736 1714 conjuncta:

187 1716 361 1786 flent
411 1729 724 1804 parentes
809 1712 1278 1804 praegaudio,
1336 1715 1583 1805 pietate
1640 1728 2003 1784 moventur
2057 1714 2386 1784 universi.
2450 1713 2687 1784 Clerus
2721 1769 2736 1794 ,

193 1803 490 1884 nobiles,
546 1802 796 1893 plebeii
843 1802 1240 1884 adveniunt,
1294 1807 1505 1873 Deum
1561 1804 1814 1893 pariter
1860 1825 2098 1874 omnes
2131 1802 2530 1872 laetabundi
2587 1802 2743 1872 lau-

195 1893 372 2050 dang
399 1903 463 1962 et
510 1891 933 1983 praedicant,
967 1891 1091 1979 qui
1140 1914 1260 1981 per
1305 1906 1576 1964 sanctos
1630 1915 1792 1963 suos
1840 1890 2045 1961 faciat
2107 1913 2357 1982 magna
2390 1903 2456 1960 et
2517 1891 2744 1960 admi-

192 2004 322 2052 ran
380 2002 446 2049 a.

280 2072 320 2158 ξ
366 2072 445 2139 2.
500 2072 578 2137 In
611 2067 915 2138 Ecclesia
952 2090 1118 2138 sane
1165 2069 1524 2140 Bellicensi
1582 2071 1845 2141 meritis
1903 2070 2083 2140 beati
2140 2067 2483 2139 Anthelmi
2523 2068 2741 2138 multa

182 2159 328 2230 alia
377 2156 559 2227 facta
624 2169 787 2228 sunt
836 2157 1210 2239 miracula,
1263 2181 1439 2246 quae
1489 2158 1853 2229 hominum
1905 2158 2177 2228 incuria
2245 2179 2379 2227 non
2450 2169 2614 2226 sunt
2664 2157 2731 2225 in

179 2246 454 2336 scripta
488 2245 797 2315 redacta:
849 2267 1275 2336 quamquam
1323 2270 1564 2317 eorum
1621 2259 1758 2316 tam
1810 2247 2056 2338 ingens
2105 2245 2405 2337 profecto
2452 2256 2554 2313 est
2604 2266 2739 2315 nu-

178 2356 456 2417 meruS,
511 2345 835 2423 tantaque
873 2336 1267 2415 assiduitas,
1307 2350 1384 2407 ut
1415 2337 1940 2406 commemorari
1989 2336 2224 2405 omnia
2263 2355 2399 2403 non
2439 2333 2731 2423 possint:

172 2423 474 2515 quando
521 2423 1033 2495 confluentibus
1074 2423 1382 2512 undique
1430 2424 1651 2494 turbis
1691 2425 1774 2493 ad
1826 2425 1977 2516 ejus
2014 2422 2399 2493 venerabile
2448 2444 2729 2513 corpuS,

168 2517 563 2586 innumera
609 2513 1051 2584 credentibus
1098 2514 1430 2584 beneficia
1458 2514 1852 2606 obtingunt.
1885 2514 2119 2583 Gaude
2146 2513 2358 2604 igitur
2390 2523 2456 2581 et
2486 2510 2742 2581 laetare

171 2602 499 2676 Ecclesia
532 2601 931 2673 Bellicensis
961 2624 1122 2672 cum
1151 2615 1286 2673 tota
1312 2602 1630 2684 dioecesi,
1684 2613 1822 2673 tam
1859 2602 2093 2673 eximii
2132 2602 2344 2692 patris
2393 2600 2737 2669 illustrata

173 2691 611 2786 praeconiis,
657 2692 1035 2761 Laetamini
1062 2691 1284 2761 cives:
1337 2691 1501 2779 quia
1547 2713 1754 2779 quem
1800 2692 1866 2760 in
1913 2692 2047 2760 vita
2087 2689 2437 2760 meruistis
2486 2688 2739 2758 habere

171 2795 568 2876 pastorem,
622 2801 809 2850 nunc
876 2779 1094 2850 multo
1139 2780 1346 2850 etiam
1406 2781 1628 2871 magis
1676 2793 2127 2871 protectorem
2179 2792 2245 2849 et
2294 2779 2487 2868 pium
2546 2777 2734 2868 apud

173 2878 409 2943 Deum
443 2870 965 2939 intercessorem
1019 2868 1306 2938 habetis.
1361 2870 1738 2939 Laetamini
1789 2869 1889 2939 vel
1953 2868 2252 2938 maxime
2299 2887 2541 2936 omnes
2592 2887 2733 2948 vOS,

173 2962 305 3052 qui
357 2960 435 3030 in
477 2957 668 3028 Clero
701 2957 888 3040 estis,
927 2958 1193 3046 quibus
1218 2970 1451 3028 tantus
1487 2958 1734 3049 obtigit
1773 2958 2179 3028 thesaurus:
2244 2978 2380 3043 quo
2431 2954 2741 3044 locuple-

169 3051 329 3132 tati,
379 3068 519 3118 non
582 3046 889 3116 sentietis
919 3047 1251 3136 inopiam,
1307 3047 1366 3116 si
1401 3060 1626 3117 tamen
1669 3046 1883 3138 digna
1916 3045 2347 3116 veneratione
2380 3065 2500 3113 vos
2541 3065 2743 3113 nosse

171 3134 658 3218 ostenderitis,
695 3146 1000 3222 quantus
1024 3147 1089 3205 et
1119 3134 1346 3224 qualis
1385 3137 1493 3217 sit,
1530 3148 1595 3206 et
1622 3148 1883 3224 quanto
1907 3134 2239 3205 colendus
2279 3134 2560 3202 honore.
2598 3137 2740 3203 Non

161 3229 454 3301 desinet
503 3223 620 3294 ille
660 3224 866 3294 vestri
914 3245 1156 3294 curam
1218 3245 1497 3325 gerere:
1562 3246 1683 3316 per
1744 3224 1971 3306 illum,
2026 3223 2313 3293 Domino
2362 3221 2736 3312 largiente,

170 3317 413 3390 multa
466 3312 657 3384 vobis
689 3312 909 3383 aderit
945 3335 1103 3403 pros
1156 3326 1362 3383 eritas
1408 3325 1473 3382 et
1520 3335 1694 3403 pax,
1751 3314 1898 3383 sine
1937 3335 2076 3400 qua
2130 3334 2265 3381 non
2332 3323 2551 3401 potest
2598 3309 2746 3380 ulla

162 3423 494 3481 crescere
542 3400 868 3484 Ecclesia,
914 3401 1050 3472 nisi
1114 3415 1281 3481 orte,
1331 3401 1516 3490 quod
1561 3402 1764 3482 absit,
1819 3403 2004 3472 circa
2051 3400 2257 3470 illum
2310 3400 2741 3491 negligentes

163 3497 352 3569 sitis.
394 3498 564 3563 Date
603 3490 816 3581 igitur
861 3512 1168 3592 operam,
1207 3501 1283 3562 ut
1314 3512 1395 3560 ex
1442 3490 1676 3561 animo
1725 3491 1924 3561 illum
1967 3489 2277 3579 diligatis
2327 3511 2406 3557 ac
2458 3509 2739 3556 venere-

163 3585 378 3656 mini.
447 3578 733 3651 Habetis
786 3579 857 3648 in
911 3580 1030 3650 illo
1076 3579 1390 3670 exempla
1448 3580 1780 3652 virtutum
1832 3579 2175 3651 illustria:
2245 3577 2332 3646 sit
2383 3576 2497 3646 ille
2545 3576 2739 3676 vobis

162 3675 403 3748 instar
439 3667 714 3761 speculi
745 3669 833 3739 ob
867 3669 1105 3741 oculos
1156 3668 1570 3761 proposituS,
1604 3669 1998 3756 sanctisque
2039 3666 2385 3738 sectandis
2428 3665 2739 3734 moribus

156 3764 371 3834 illum
426 3755 834 3840 imitamini,
872 3771 949 3830 ut
992 3758 1080 3829 ad
1119 3780 1331 3846 quam
1358 3758 1474 3828 ille
1492 3759 1641 3848 jam
1682 3758 1990 3849 pervenit
2019 3755 2544 3834 beatitudinem,
2578 3775 2730 3822 eam

154 3875 281 3923 vos
321 3868 618 3940 quoque
652 3901 668 3927 ‚
722 3846 914 3919 illius
965 3847 1224 3918 meritis
1288 3859 1353 3917 et
1400 3847 1722 3938 precibus
1778 3847 2048 3938 adjuti,
2104 3844 2400 3934 adipisci
2465 3863 2734 3912 merea-

168 3939 357 4010 mini
404 3937 544 4028 (a).

159 4080 1252 4182 ..2212ffiaaessffifssssctetffi‘tt.tssnss
1279 4079 2747 4184 323ffi2¹1¹2¹t²l²221¹5113²221⁰¹²r2¹02{³1}i{1222‘1'1233¹¹252¹32¹30¹335⁰52⁸0¹23

158 4191 390 4289 &33⁰3
411 4188 922 4291 AEssss‘ffissfflt‘uffiqssf
932 4183 2749 4292 &ttssufflesstss⁸⁹2¹33‘531'.⁰5²‘t¹.325⁸2.f.030‘33ffiufitttffitttmtttttt31

156 4294 822 4398 xgss‘vsssst'sfflffssft‘ssffi
845 4294 1159 4389 ἓξιῒὲῑὼέᾞῗ
1184 4290 2747 4409 ἕξ,ιξὲἒὲῗΞῖἑοζῗξὲῖἴξόἳῖθέηἶὶἳῗέἑῧέἔῗρῗιξὲἶῗἓξᾶῗὲἒὲὲζῗ

156 4414 260 4451 tur.
296 4401 614 4445 venerabiles
644 4402 908 4451 Reliquiae,
936 4403 1097 4442 divina
1123 4399 1418 4451 providentia
1445 4412 1525 4442 eas
1556 4412 1673 4443 mire
1702 4412 1730 4442 ο
1762 4403 1980 4443 manibus
2011 4403 2312 4442 efferatorum
2354 4409 2462 4439 nunt
2505 4405 2747 4437 moccxcm

157 4459 428 4512 eripiente,
450 4454 609 4495 adhuc
631 4454 884 4495 honorifice
905 4458 1013 4502 (uno
1034 4457 1213 4497 ossium
1230 4456 1419 4505 dempto
1437 4465 1531 4504 quo
1554 4457 1756 4497 ditatum
1774 4455 2046 4498 Primattalo
2067 4455 2281 4505 Lugdun.
2305 4452 2551 4502 templum)
2572 4451 2621 4489 in
2643 4459 2751 4498 pro-

157 4518 269 4570 prio
294 4511 494 4556 sacello
517 4513 826 4550 asservantur
846 4510 1138 4551 cathedralis
1162 4510 1326 4550 Bellic.
1348 4507 1591 4551 ecclesiae.
