3357 4995
649 297 773 358 314-
1287 312 1361 356 οε
1404 313 1456 357 s.
1513 310 1787 356 amomo
1838 313 1872 355 A
1928 310 2130 356 ranna
2183 308 2359 357 moro
2747 292 2966 357 JUNH
3020 292 3108 355 2¹3

553 398 1076 468 confitebantur.
1119 397 1181 462 Si
1233 397 1352 481 qui
1389 417 1543 463 vero
1591 394 1969 464 curationis
1995 397 2203 462 causa
2253 394 2596 462 venissent
2639 415 2760 462 nec
2810 416 2933 462 sua
2963 394 3111 462 vel-

552 487 690 555 lent
722 499 993 576 peccata
1034 483 1391 562 confiteri,
1448 483 1547 551 illi
1600 483 1771 551 nihil
1816 484 2260 553 obtinebant:
2318 481 2493 551 facta
2550 494 2776 551 autem
2830 483 3107 554 confes-

553 576 766 654 sione,
820 587 883 642 et
929 573 1301 642 correctius
1327 572 1599 640 vivendi
1633 586 1961 661 concepto
1999 571 2369 661 proposito,
2409 571 2675 642 cunctis
2707 571 3110 641 videntibus

552 686 705 732 mox
757 662 1299 731 misericordiam
1352 661 1904 750 experiebantur,

640 760 677 831 ἓ
729 755 867 824 4².
953 751 1227 819 Interim
1302 750 1729 819 exaltabatur
1789 749 2125 818 catholica
2174 747 2835 841 ssdes‚·pudes1ebat
2897 771 3110 818 caeca

553 840 884 930 perfidia,
939 839 1293 908 mordaces
1351 838 1849 907 haereticorum
1925 839 2162 907 dentes
2225 840 2795 918 conterebantur,
2851 838 3107 907 Christi

556 937 889 1018 Sponsam
926 928 1312 997 >calumniis
1372 927 1715 1016 exagitare
1785 926 2228 1007 conantium,
2305 926 2527 1015 caligo
2597 925 3108 995 incredulitatis

555 1017 1047 1086 miraculorum
1129 1016 1615 1105 splendoribus
1692 1016 2206 1106 profligabatur.
2261 1016 2411 1083 Fuit
2458 1037 2617 1084 vero
2672 1016 2878 1085 totius
2927 1015 3108 1083 Cleri

554 1120 616 1174 et
658 1106 895 1195 populi
944 1129 1020 1173 ea
1069 1127 1355 1174 concors
1405 1104 1763 1181 sententia,
1817 1118 1893 1173 ut
1921 1104 2441 1192 quamprimum
2487 1103 2670 1193 apud
2703 1109 3099 1172 Romanum

555 1193 1085 1285 Pontificemde
1134 1194 1258 1261 viri
1310 1194 1486 1262 beati
1538 1194 1815 1262 nomine
1872 1207 2261 1261 sanctorum
2316 1193 2623 1281 catalogo
2694 1192 3107 1261 ascribendo

556 1297 894 1372 ageretur,
935 1305 1092 1350 cum
1145 1283 1230 1349 ab
1269 1283 1420 1368 ejus
1466 1283 1658 1350 obitu
1709 1281 2002 1350 necdum
2060 1282 2315 1350 mensis
2347 1282 2678 1351 fluxisset.
2737 1287 2811 1349 Et
2850 1295 2950 1350 est
2985 1304 3105 1350 ac-

554 1385 786 1440 curate
836 1393 1000 1439 sane
1038 1372 1246 1458 jussu
1293 1371 1639 1439 Pontificis
1690 1372 1993 1460 Gregorii
2044 1370 2219 1438 Noni
2273 1371 2337 1436 in
2403 1371 2552 1460 ejus
2610 1370 2943 1438 miracula
2996 1371 3107 1438 in-

558 1461 915 1547 quisitum,
972 1472 1036 1526 et
1085 1459 1300 1527 multa
1333 1460 1638 1528 adbibita
1674 1483 1863 1532 cura.
1920 1473 1994 1528 ut
2026 1458 2257 1527 omnia
2313 1460 2433 1526 rite
2493 1459 2755 1527 fierent.
2798 1458 3108 1526 Tandem

556 1572 712 1617 cum
765 1561 990 1617 essent
1045 1570 1083 1615 a
1145 1549 1464 1616 Pontifice
1512 1550 1858 1616 convocati
1916 1547 2309 1616 Cardinales
2366 1561 2428 1615 et
2496 1547 2781 1615 Praelati
2831 1569 3100 1620 omnes,

553 1638 670 1722 qui
725 1653 865 1705 tum
920 1637 1229 1705 Pontifici
1263 1637 1569 1716 aderant,
1611 1639 1783 1704 inter
1818 1652 2081 1705 caetera
2130 1638 2215 1704 ab
2260 1636 2397 1704 illis
2446 1637 2705 1704 dictum
2749 1647 2872 1704 est:
2907 1636 3103 1703 India

557 1748 772 1813 gnum
828 1725 1018 1793 valde
1052 1740 1174 1802 est,
1231 1748 1376 1804 nos,
1414 1727 1593 1812 quod
1627 1727 1827 1804 absit,
1869 1726 2244 1794 beatissimi
2289 1727 2497 1814 patris
2538 1725 2806 1792 Antonii
2838 1725 3106 1792 meritis

557 1815 1057 1882 venerationem
1094 1815 1391 1883 debitam
1448 1816 1512 1882 in
1559 1815 1756 1882 terris
1789 1815 2213 1889 subtrahere,
2268 1836 2472 1899 quem
2506 1815 2835 1881 Dominus
2892 1815 3107 1913 maje-

555 1904 744 1971 statis
775 1903 1100 1991 dignatus
1132 1915 1232 1971 est
1263 1903 1480 1993 gloria
1522 1917 1584 1971 et
1636 1904 1892 1971 honore
1940 1925 2266 1971 coronare
2300 1905 2362 1969 in
2399 1902 2629 1970 coeliS.
2676 1903 2863 1970 Sicut
2910 1923 3101 1969 enini

556 1992 814 2084 veritat-i
869 1991 1358 2060 miraculorum
1413 1992 1726 2080 cognitae
1776 1993 1978 2060 fidem
2038 2015 2165 2060 uon
2219 1991 2568 2070 adhibere,
2614 1991 2897 2080 perfidia
2945 2003 3096 2060 est:

555 2080 652 2149 sic
683 2081 939 2147 meritis
989 2085 1391 2149 Sanctorum
1447 2081 1717 2160 laudem
1774 2102 2321 2168 negaregenus,
2356 2080 2767 2148 invidentiae
2799 2091 2921 2148 est.
2968 2084 3105 2147 lta-

554 2191 686 2255 que
739 2168 1059 2248 Pontifex,
1098 2170 1216 2254 qui
1261 2181 1405 2237 tum
1459 2169 1710 2258 Spoleti
1766 2173 1930 2248 erat,
1987 2169 2427 2237 pontificatus
2478 2169 2582 2236 sui
2626 2185 2807 2236 anno
2867 2179 3094 2247 sextO,

557 2260 702 2346 ipso
743 2258 1206 2326 sacratissimo
1256 2263 1678 2350 l'entecostes
1729 2258 1861 2334 die,
1902 2259 2169 2326 beatum
2226 2258 2454 2324 Virum
2501 2258 2567 2324 in
2605 2256 2869 2324 Sanctis
2899 2255 3102 2324 dein-

553 2369 712 2435 ceps
755 2345 1262 2414 numerandum
1318 2369 1474 2414 curn
1514 2347 1772 2432 ingenti
1813 2346 2198 2414 celebritate
2241 2346 2555 2426 decrevit,
2602 2367 2760 2413 cum
2800 2345 3097 2414 necdum

552 2436 636 2503 ab
685 2436 834 2525 ejus
882 2459 916 2504 e
968 2436 1100 2503 vita
1129 2435 1424 2521 decessu
1471 2457 1699 2504 annus
1748 2435 2055 2525 expletus
2103 2448 2278 2504 esset
2322 2436 2447 2523 (a).
2720 2460 2730 2471 ·

639 2527 673 2610 ξ
723 2529 865 2596 48.
924 2530 1012 2593 Eo
1060 2536 1287 2592 autem
1339 2525 1472 2602 die,
1520 2547 1656 2611 quo
1708 2525 1776 2591 in
1830 2538 2100 2594 sanct-os
2170 2524 2421 2594 relatus
2468 2536 2568 2592 est
2634 2524 2733 2590 vir
2788 2523 2921 2603 Dei,
2988 2544 3103 2591 res

552 2614 890 2702 stupenda
941 2613 1189 2681 accidit
1241 2612 1646 2701 Ulysbonae.
1704 2619 1868 2682 Nam
1904 2628 1967 2682 et
1990 2612 2109 2680 viri
2163 2625 2227 2680 et
2268 2613 2603 2682 foeminae
2634 2625 2821 2680 extra
2854 2612 3103 2681 domos

551 2703 646 2768 in*
678 2702 917 2789 plateis
966 2702 1335 2770 cantabant
1383 2715 1447 2770 et
1483 2701 1997 2791 tripudiabant,
2061 2714 2125 2768 et
2172 2724 2553 2791 campanae
2602 2722 2841 2769 omnes
2888 2700 3104 2769 totius

550 2791 867 2869 civitatiS,
925 2790 1116 2859 nullo
1149 2812 1264 2857 eas
1317 2805 1646 2869 movente,
1703 2792 2211 2879 concrepabant
2258 2791 2554 2880 egregie,
2612 2811 2733 2858 nec
2786 2801 3105 2879 poterant

556 2880 868 2946 homines
919 2901 988 2949 se
1046 2879 1388 2959 cohibere,
1447 2880 1615 2965 quin
1687 2902 1756 2948 se
1833 2879 2124 2947 laetitiae
2184 2892 2249 2947 et
2312 2879 2636 2968 tripudiis
2686 2878 2949 2946 darent.
3007 2883 3099 2945 Ea

550 2981 777 3036 autem
819 2990 886 3033 re
949 2968 1015 3034 in
1071 2967 1359 3035 multam
1414 2968 1551 3035 illis
1601 2968 2125 3036 admirationem
2177 2967 2530 3047 adductis,
2586 2989 2719 3035 non
2772 2966 2894 3036 diu
2948 2982 3103 3055 post

553 3077 1007 3144 supervenere
1053 3078 1131 3123 ex
1176 3055 1366 3124 Italia
1412 3062 1721 3136 Fratres,
1766 3078 2061 3142 quorum
2121 3056 2338 3125 relatu
2386 3056 2799 3132 didicerunt,
2854 3054 3098 3123 eodem

556 3144 704 3232 ipso
736 3143 846 3211 die
880 3144 1241 3212 inusitatae
1269 3144 1562 3213 laetitiae
1605 3167 1791 3224 suae,
1835 3148 2055 3213 virum
2100 3144 2372 3214 beatum
2407 3147 2472 3213 in
2511 3158 2905 3214 sanctorum
2939 3143 3099 3212 albo

555 3232 961 3320 inscriptum
999 3230 1233 3300 fuisse.

599 3428 660 3481 (a)
691 3432 962 3471 Admirabili
994 3431 1343 3479 'rnaumaturgo
1374 3441 1458 3471 suo
1489 3433 1534 3471 ct
1565 3433 1706 3475 Patri.
1734 3434 1884 3473 Sancto
1903 3434 2024 3481 apud
2053 3443 2154 3473 eam
2172 3430 2544 3473 antonomastice
2567 3433 2708 3476 dicto.
2727 3428 2953 3472 Patavina
2972 3431 3103 3475 urbs.

545 3484 677 3523 illins
705 3483 920 3532 deposito
951 3482 1213 3525 innumeris
1234 3484 1436 3533 glorioso
1457 3487 1690 3533 portentis
1707 3486 2010 3531 honestando,
2032 3490 2278 3536 augustam
2300 3484 2547 3526 Basilicam
2568 3487 2616 3525 in
2640 3485 2786 3535 eaqne
2805 3485 3102 3534 magnificen-

545 3534 781 3577 tissimum
812 3539 1046 3579 Sacellum
1075 3539 1307 3578 excitavit.
1337 3541 1468 3578 Anno
1500 3549 1724 3583 Mecum,
1747 3542 1889 3587 jussu
1918 3542 1960 3580 S.
1992 3542 2347 3579 Bonaventurae
2368 3540 2502 3579 card:
2525 3541 2572 3579 et
2594 3540 2700 3578 Ord.
2719 3540 2829 3578 Min.
2851 3539 3101 3579 Generalis

550 3588 755 3629 Ministri
785 3592 1020 3630 celebrata
1050 3593 1141 3631 suit
1169 3592 1434 3632 Translatio
1464 3601 1706 3631 sacrorum
1737 3595 1780 3633 8.
1814 3594 2000 3633 Antonii
2024 3594 2201 3633 osslu’m
2225 3595 2271 3632 in
2295 3603 2461 3633 novam
2483 3603 2670 3641 capsam
2693 3589 2941 3633 elatiorem
2961 3592 3011 3631 in
3035 3593 3104 3632 10-

546 3655 651 3683 cum
682 3645 1012 3685 collocandam.
1041 3648 1185 3689 Tunc.
1214 3634 1394 3693 relidufi.
1424 3647 1635 3694 corporis
1663 3656 1804 3686 carne
1829 3646 2090 3695 absumpta,
2112 3648 2300 3695 repertu
2320 3648 2423 3695 ejus
2448 3646 2612 3697 lingua.
2631 3646 2704 3686 est
2723 3648 2921 3695 integra,
2940 3646 3102 3689 ruben,

545 3697 718 3741 vivida.
746 3708 886 3745 qnam
915 3696 1184 3746 praedictus
1213 3699 1261 3737 B.
1293 3700 1622 3739 Bonaventura
1651 3697 1697 3738 in
1727 3701 1946 3740 manibus
1982 3703 2254 3741 reverenter
2275 3701 2524 3748 accipiens,
2551 3702 2573 3719 “
2595 3700 2817 3747 elingua
2838 3699 3103 3743 benedictn,

545 3751 625 3794 ait,
647 3761 766 3798 quae
797 3753 1046 3791 Dominum
1075 3761 1261 3800 semper
1287 3753 1582 3795 benedixisti.
1611 3753 1660 3792 et
1690 3751 1796 3793 aliis
1812 3754 2089 3794 benedicere
2108 3755 2278 3799 fecisti,
2299 3763 2425 3793 nunc
2448 3753 2696 3794 manifeste
2719 3754 2913 3801 apparet
2931 3751 3103 3801 quanti

546 3804 704 3844 meriti
733 3806 932 3843 extitisti
963 3806 1084 3852 apud
1114 3807 1279 3847 Deum:
1311 3836 1330 3855 ,,
1354 3815 1555 3854 cumque
1574 3816 1693 3851 eam,
1714 3807 1763 3846 in
1782 3808 2011 3855 lacrymas
2034 3809 2224 3851 effusus,
2244 3808 2484 3847 osculatus
2509 3807 2648 3850 esset,
2666 3807 2717 3844 in
2738 3806 2921 3845 thecam
2942 3808 3103 3854 sejun-

545 3858 662 3920 ctim
695 3859 1008 3905 reponendam
1043 3856 1295 3898 mandavit.
1346 3861 1412 3899 De
1449 3859 1641 3900 Antonii
1681 3859 1896 3900 Patavini
1936 3862 2213 3901 celebritate
2253 3861 2489 3900 mirabilia
2521 3860 2757 3909 praedicat
2802 3859 2939 3899 Orbis
2977 3869 3100 3908 pene

547 3921 814 3951 universus.
2576 3944 2581 3954 .

598 3966 873 4004 Sermonum
905 3967 1024 4012 ojus,
1051 3974 1249 4004 numero
1279 3967 1370 4010 278,
1397 3964 1478 4014 qui
1510 3964 1835 4007 inscribuntur
1864 3968 2086 4016 hta-possem
2115 3968 2159 4005 in
2192 3968 2402 4010 Ρεαιυιοε,
2436 3968 2640 4015 suntque
2674 3966 2793 4005 mira
2828 3965 3100 4006 eruditione

547 4026 680 4056 sacra.
708 4019 883 4062 referti.
912 4020 1064 4059 Codex
1093 4019 1412 4069 autographus
1432 4021 1766 4060 asservabatur
1786 4021 1907 4069 apud
1928 4018 2133 4060 Minores
2156 4021 2501 4060 conventuales
2524 4021 2779 4062 Bononiam
2800 4019 2947 4058 edidit
2970 4021 3101 4059 notis

548 4072 823 4111 exornatum
854 4082 973 4111 anno
1004 4082 1207 4112 MDCCLV!
1237 4075 1285 4112 P.
1313 4076 1432 4112 Azzo
1453 4071 1606 4125 Gnidi.
1637 4074 1832 4123 Scripsit
1861 4072 2002 4114 etium
2031 4074 2176 4113 latine
2206 4074 2247 4113 S.
2282 4072 2511 4114 Antonius
2544 4076 2595 4113 23
2625 4074 2871 4113 Sermones
2892 4070 3099 4113 Domini-

548 4124 688 4170 cales,
708 4135 759 4165 ac
782 4127 806 4164 3
826 4124 874 4164 in
896 4126 1080 4166 laudem
1104 4125 1226 4176 Vix-g.
1250 4126 1489 4176 Deiparae.

2099 4192 2108 4219 t
