<?xml version="1.0" encoding="UTF-8"?>
<!DOCTYPE html PUBLIC "-//W3C//DTD XHTML 1.0 Transitional//EN"
    "http://www.w3.org/TR/xhtml1/DTD/xhtml1-transitional.dtd">
<html xmlns="http://www.w3.org/1999/xhtml" xml:lang="en" lang="en">
 <head>
  <title>
</title>
<meta http-equiv="Content-Type" content="text/html;charset=utf-8" />
  <meta name='ocr-system' content='tesseract 3.04.00' />
  <meta name='ocr-capabilities' content='ocr_page ocr_carea ocr_par ocr_line ocrx_word'/>
</head>
<body>
  <div class='ocr_page' id='page_1' title='image "./historiaeseuvit02lippgoog_0452.png"; bbox 0 0 3357 4995; ppageno 0'>
   <div class='ocr_carea' id='block_1_1' title="bbox 723 409 3186 490">
    <p class='ocr_par' dir='ltr' id='par_1_1' title="bbox 723 409 3186 490">
     <span class='ocr_line' id='line_1_1' title="bbox 723 409 3186 490; baseline 0 -11"><span class='ocrx_word' id='word_1_1' title='bbox 723 413 852 479; x_wconf 76' lang='lat'>436</span> <span class='ocrx_word' id='word_1_2' title='bbox 1232 430 1312 478; x_wconf 77' lang='lat' dir='ltr'>nr.</span> <span class='ocrx_word' id='word_1_3' title='bbox 1359 430 1451 479; x_wconf 90' lang='lat' dir='ltr'>ss.</span> <span class='ocrx_word' id='word_1_4' title='bbox 1503 431 1619 479; x_wconf 70' lang='lat' dir='ltr'>un.</span> <span class='ocrx_word' id='word_1_5' title='bbox 1670 430 1948 490; x_wconf 64' lang='lat' dir='ltr'>amun,</span> <span class='ocrx_word' id='word_1_6' title='bbox 2003 430 2197 478; x_wconf 76' lang='lat' dir='ltr'><strong>SABEL</strong></span> <span class='ocrx_word' id='word_1_7' title='bbox 2242 431 2318 477; x_wconf 71' lang='lat' dir='ltr'>nr</span> <span class='ocrx_word' id='word_1_8' title='bbox 2365 426 2597 479; x_wconf 68' lang='lat' dir='ltr'>mmm,</span> <span class='ocrx_word' id='word_1_9' title='bbox 2828 409 3044 481; x_wconf 85' lang='lat' dir='ltr'><strong>JUNII</strong></span> <span class='ocrx_word' id='word_1_10' title='bbox 3095 414 3186 480; x_wconf 79' lang='grc' dir='ltr'>ΓΙ</span> 
     </span>
    </p>
   </div>
   <div class='ocr_carea' id='block_1_2' title="bbox 612 514 3200 4607">
    <p class='ocr_par' dir='ltr' id='par_1_2' title="bbox 632 514 3184 1139">
     <span class='ocr_line' id='line_1_2' title="bbox 636 514 3182 607; baseline 0.002 -24"><span class='ocrx_word' id='word_1_11' title='bbox 636 514 1053 605; x_wconf 82' lang='lat' dir='ltr'>magnifecit,</span> <span class='ocrx_word' id='word_1_12' title='bbox 1120 525 1185 584; x_wconf 91' lang='lat' dir='ltr'>et</span> <span class='ocrx_word' id='word_1_13' title='bbox 1230 515 1303 584; x_wconf 91' lang='lat' dir='ltr'>in</span> <span class='ocrx_word' id='word_1_14' title='bbox 1367 536 1642 586; x_wconf 92' lang='lat' dir='ltr'>summo</span> <span class='ocrx_word' id='word_1_15' title='bbox 1692 515 1950 585; x_wconf 85' lang='lat' dir='ltr'>honore</span> <span class='ocrx_word' id='word_1_16' title='bbox 1996 514 2264 585; x_wconf 89' lang='lat' dir='ltr'>habuit.</span> <span class='ocrx_word' id='word_1_17' title='bbox 2331 515 2665 599; x_wconf 82' lang='lat' dir='ltr'>Quocirca</span> <span class='ocrx_word' id='word_1_18' title='bbox 2712 537 3001 597; x_wconf 87' lang='lat' dir='ltr'>eorum,</span> <span class='ocrx_word' id='word_1_19' title='bbox 3056 519 3182 607; x_wconf 89' lang='lat' dir='ltr'>qui</span> 
     </span>
     <span class='ocr_line' id='line_1_3' title="bbox 634 602 3180 704; baseline 0.001 -30"><span class='ocrx_word' id='word_1_20' title='bbox 634 625 944 691; x_wconf 89' lang='lat' dir='ltr'>unquam</span> <span class='ocrx_word' id='word_1_21' title='bbox 994 602 1207 684; x_wconf 86' lang='lat' dir='ltr'>fuere,</span> <span class='ocrx_word' id='word_1_22' title='bbox 1263 617 1778 704; x_wconf 83' lang='lat' dir='ltr'>persecutorum</span> <span class='ocrx_word' id='word_1_23' title='bbox 1829 602 1958 673; x_wconf 84' lang='lat' dir='ltr'>fuit</span> <span class='ocrx_word' id='word_1_24' title='bbox 2011 614 2076 673; x_wconf 92' lang='lat' dir='ltr'>et</span> <span class='ocrx_word' id='word_1_25' title='bbox 2133 604 2643 692; x_wconf 90' lang='lat' dir='ltr'>iniquissimus,</span> <span class='ocrx_word' id='word_1_26' title='bbox 2696 617 2763 675; x_wconf 90' lang='lat' dir='ltr'>et</span> <span class='ocrx_word' id='word_1_27' title='bbox 2807 604 3180 696; x_wconf 91' lang='lat' dir='ltr'>impuden-</span> 
     </span>
     <span class='ocr_line' id='line_1_4' title="bbox 635 692 3184 783; baseline 0.002 -22"><span class='ocrx_word' id='word_1_28' title='bbox 635 692 995 763; x_wconf 83' lang='lat' dir='ltr'>tissimus:</span> <span class='ocrx_word' id='word_1_29' title='bbox 1048 705 1125 762; x_wconf 89' lang='lat' dir='ltr'>ut</span> <span class='ocrx_word' id='word_1_30' title='bbox 1171 715 1293 779; x_wconf 81' lang='lat' dir='ltr'>qui</span> <span class='ocrx_word' id='word_1_31' title='bbox 1343 715 1564 780; x_wconf 91' lang='lat' dir='ltr'>neque</span> <span class='ocrx_word' id='word_1_32' title='bbox 1618 692 1864 775; x_wconf 89' lang='lat' dir='ltr'>fidem,</span> <span class='ocrx_word' id='word_1_33' title='bbox 1922 714 2130 779; x_wconf 90' lang='lat' dir='ltr'>quam</span> <span class='ocrx_word' id='word_1_34' title='bbox 2182 704 2580 783; x_wconf 88' lang='lat' dir='ltr'>acceperat,</span> <span class='ocrx_word' id='word_1_35' title='bbox 2634 693 3052 776; x_wconf 89' lang='lat' dir='ltr'>servaverit,</span> <span class='ocrx_word' id='word_1_36' title='bbox 3117 707 3184 766; x_wconf 90' lang='lat' dir='ltr'>et</span> 
     </span>
     <span class='ocr_line' id='line_1_5' title="bbox 633 780 3178 873; baseline 0.001 -22"><span class='ocrx_word' id='word_1_37' title='bbox 633 780 833 851; x_wconf 87' lang='lat' dir='ltr'>factis</span> <span class='ocrx_word' id='word_1_38' title='bbox 892 783 1081 852; x_wconf 84' lang='lat' dir='ltr'>visus</span> <span class='ocrx_word' id='word_1_39' title='bbox 1132 780 1338 850; x_wconf 85' lang='lat' dir='ltr'>suerit</span> <span class='ocrx_word' id='word_1_40' title='bbox 1386 781 2106 851; x_wconf 81' lang='lat' dir='ltr'>malevolentissimuS.</span> <span class='ocrx_word' id='word_1_41' title='bbox 2169 781 2532 852; x_wconf 66' lang='lat' dir='ltr'>,lulianum</span> <span class='ocrx_word' id='word_1_42' title='bbox 2599 793 3178 873; x_wconf 83' lang='lat' dir='ltr'>transgressorem</span> 
     </span>
     <span class='ocr_line' id='line_1_6' title="bbox 635 869 3182 962; baseline 0 -22"><span class='ocrx_word' id='word_1_43' title='bbox 635 870 778 940; x_wconf 87' lang='lat' dir='ltr'>scio</span> <span class='ocrx_word' id='word_1_44' title='bbox 828 893 943 941; x_wconf 91' lang='lat' dir='ltr'>vos</span> <span class='ocrx_word' id='word_1_45' title='bbox 975 892 1217 940; x_wconf 92' lang='lat' dir='ltr'>omnes</span> <span class='ocrx_word' id='word_1_46' title='bbox 1267 892 1490 952; x_wconf 89' lang='lat' dir='ltr'>nosse,</span> <span class='ocrx_word' id='word_1_47' title='bbox 1543 892 1751 958; x_wconf 83' lang='lat' dir='ltr'>quem</span> <span class='ocrx_word' id='word_1_48' title='bbox 1802 870 1902 939; x_wconf 93' lang='lat' dir='ltr'>vel</span> <span class='ocrx_word' id='word_1_49' title='bbox 1937 870 2163 940; x_wconf 93' lang='lat' dir='ltr'>solum</span> <span class='ocrx_word' id='word_1_50' title='bbox 2215 891 2600 962; x_wconf 84' lang='lat' dir='ltr'>cognomen</span> <span class='ocrx_word' id='word_1_51' title='bbox 2641 870 2804 941; x_wconf 82' lang='lat' dir='ltr'>facit</span> <span class='ocrx_word' id='word_1_52' title='bbox 2851 869 3182 943; x_wconf 87' lang='lat' dir='ltr'>omnibus</span> 
     </span>
     <span class='ocr_line' id='line_1_7' title="bbox 632 958 3181 1048; baseline 0.002 -21"><span class='ocrx_word' id='word_1_53' title='bbox 632 981 914 1029; x_wconf 91' lang='lat' dir='ltr'>exosum</span> <span class='ocrx_word' id='word_1_54' title='bbox 955 973 1021 1030; x_wconf 93' lang='lat' dir='ltr'>et</span> <span class='ocrx_word' id='word_1_55' title='bbox 1068 960 1396 1040; x_wconf 90' lang='lat' dir='ltr'>invisum,</span> <span class='ocrx_word' id='word_1_56' title='bbox 1441 959 1698 1029; x_wconf 90' lang='lat' dir='ltr'>nedum</span> <span class='ocrx_word' id='word_1_57' title='bbox 1738 980 1962 1029; x_wconf 89' lang='lat' dir='ltr'>mores</span> <span class='ocrx_word' id='word_1_58' title='bbox 1997 959 2156 1047; x_wconf 87' lang='lat' dir='ltr'>ipsi:</span> <span class='ocrx_word' id='word_1_59' title='bbox 2200 980 2339 1047; x_wconf 91' lang='lat' dir='ltr'>quo</span> <span class='ocrx_word' id='word_1_60' title='bbox 2377 959 2660 1048; x_wconf 91' lang='lat' dir='ltr'>quidem</span> <span class='ocrx_word' id='word_1_61' title='bbox 2698 982 2900 1031; x_wconf 92' lang='lat' dir='ltr'>nemo</span> <span class='ocrx_word' id='word_1_62' title='bbox 2934 958 3064 1031; x_wconf 87' lang='lat' dir='ltr'>fuit</span> <span class='ocrx_word' id='word_1_63' title='bbox 3093 961 3181 1031; x_wconf 90' lang='lat' dir='ltr'>ad</span> 
     </span>
     <span class='ocr_line' id='line_1_8' title="bbox 632 1047 1819 1139; baseline 0.002 -24"><span class='ocrx_word' id='word_1_64' title='bbox 632 1048 875 1118; x_wconf 91' lang='lat' dir='ltr'>vitium</span> <span class='ocrx_word' id='word_1_65' title='bbox 911 1048 1293 1139; x_wconf 81' lang='lat' dir='ltr'>promptior</span> <span class='ocrx_word' id='word_1_66' title='bbox 1328 1062 1394 1119; x_wconf 94' lang='lat' dir='ltr'>et</span> <span class='ocrx_word' id='word_1_67' title='bbox 1428 1047 1819 1138; x_wconf 85' lang='lat' dir='ltr'>proclivior.</span> 
     </span>
    </p>

    <p class='ocr_par' dir='ltr' id='par_1_3' title="bbox 629 1136 3184 2718">
     <span class='ocr_line' id='line_1_9' title="bbox 721 1136 3177 1227; baseline -0 -19"><span class='ocrx_word' id='word_1_68' title='bbox 721 1139 757 1224; x_wconf 70' lang='grc' dir='ltr'>ξ</span> <span class='ocrx_word' id='word_1_69' title='bbox 809 1142 897 1208; x_wconf 75' lang='lat'>⁷1.</span> <span class='ocrx_word' id='word_1_70' title='bbox 953 1143 1019 1207; x_wconf 91' lang='lat' dir='ltr'>Is</span> <span class='ocrx_word' id='word_1_71' title='bbox 1066 1159 1228 1227; x_wconf 91' lang='lat' dir='ltr'>ergo</span> <span class='ocrx_word' id='word_1_72' title='bbox 1262 1159 1448 1216; x_wconf 89' lang='lat' dir='ltr'>cum,</span> <span class='ocrx_word' id='word_1_73' title='bbox 1501 1136 1682 1224; x_wconf 92' lang='lat' dir='ltr'>quod</span> <span class='ocrx_word' id='word_1_74' title='bbox 1737 1158 1937 1206; x_wconf 88' lang='lat' dir='ltr'>nemo</span> <span class='ocrx_word' id='word_1_75' title='bbox 1972 1148 2304 1227; x_wconf 90' lang='lat' dir='ltr'>putasset,</span> <span class='ocrx_word' id='word_1_76' title='bbox 2338 1137 2409 1206; x_wconf 89' lang='lat' dir='ltr'>in</span> <span class='ocrx_word' id='word_1_77' title='bbox 2448 1141 2687 1220; x_wconf 89' lang='lat' dir='ltr'>Deum,</span> <span class='ocrx_word' id='word_1_78' title='bbox 2727 1149 2794 1206; x_wconf 94' lang='lat' dir='ltr'>et</span> <span class='ocrx_word' id='word_1_79' title='bbox 2841 1159 3004 1208; x_wconf 92' lang='lat' dir='ltr'>eum</span> <span class='ocrx_word' id='word_1_80' title='bbox 3056 1139 3177 1227; x_wconf 90' lang='lat' dir='ltr'>qui</span> 
     </span>
     <span class='ocr_line' id='line_1_10' title="bbox 634 1225 3182 1316; baseline 0.001 -22"><span class='ocrx_word' id='word_1_81' title='bbox 634 1225 754 1296; x_wconf 93' lang='lat' dir='ltr'>illo</span> <span class='ocrx_word' id='word_1_82' title='bbox 789 1239 1094 1316; x_wconf 92' lang='lat' dir='ltr'>tempore</span> <span class='ocrx_word' id='word_1_83' title='bbox 1128 1226 1511 1315; x_wconf 82' lang='lat' dir='ltr'>imperabat</span> <span class='ocrx_word' id='word_1_84' title='bbox 1547 1226 1640 1316; x_wconf 92' lang='lat' dir='ltr'>(is</span> <span class='ocrx_word' id='word_1_85' title='bbox 1687 1238 1915 1294; x_wconf 89' lang='lat' dir='ltr'>autem</span> <span class='ocrx_word' id='word_1_86' title='bbox 1965 1239 2110 1296; x_wconf 90' lang='lat' dir='ltr'>erat</span> <span class='ocrx_word' id='word_1_87' title='bbox 2143 1225 2633 1316; x_wconf 83' lang='lat' dir='ltr'>Constantius),</span> <span class='ocrx_word' id='word_1_88' title='bbox 2685 1226 3084 1309; x_wconf 85' lang='lat' dir='ltr'>amentiam,</span> <span class='ocrx_word' id='word_1_89' title='bbox 3119 1241 3182 1297; x_wconf 92' lang='lat' dir='ltr'>et</span> 
     </span>
     <span class='ocr_line' id='line_1_11' title="bbox 632 1313 3181 1404; baseline 0 -20"><span class='ocrx_word' id='word_1_90' title='bbox 632 1315 700 1384; x_wconf 93' lang='lat' dir='ltr'>in</span> <span class='ocrx_word' id='word_1_91' title='bbox 754 1315 942 1404; x_wconf 84' lang='lat' dir='ltr'>ipsos</span> <span class='ocrx_word' id='word_1_92' title='bbox 981 1314 1421 1396; x_wconf 88' lang='lat' dir='ltr'>Christianos,</span> <span class='ocrx_word' id='word_1_93' title='bbox 1456 1337 1616 1383; x_wconf 88' lang='lat' dir='ltr'>cum</span> <span class='ocrx_word' id='word_1_94' title='bbox 1666 1313 1923 1401; x_wconf 90' lang='lat' dir='ltr'>quibus</span> <span class='ocrx_word' id='word_1_95' title='bbox 1970 1327 2114 1384; x_wconf 90' lang='lat' dir='ltr'>erat</span> <span class='ocrx_word' id='word_1_96' title='bbox 2142 1315 2204 1383; x_wconf 92' lang='lat' dir='ltr'>ei</span> <span class='ocrx_word' id='word_1_97' title='bbox 2245 1336 2494 1385; x_wconf 92' lang='lat' dir='ltr'>nomen</span> <span class='ocrx_word' id='word_1_98' title='bbox 2545 1336 2940 1397; x_wconf 91' lang='lat' dir='ltr'>commune,</span> <span class='ocrx_word' id='word_1_99' title='bbox 2995 1316 3181 1386; x_wconf 84' lang='lat' dir='ltr'>defe-</span> 
     </span>
     <span class='ocr_line' id='line_1_12' title="bbox 632 1403 3181 1495; baseline 0.001 -23"><span class='ocrx_word' id='word_1_100' title='bbox 632 1404 926 1474; x_wconf 85' lang='lat' dir='ltr'>ctionem</span> <span class='ocrx_word' id='word_1_101' title='bbox 981 1403 1435 1494; x_wconf 90' lang='lat' dir='ltr'>parturiisset,</span> <span class='ocrx_word' id='word_1_102' title='bbox 1469 1409 1940 1473; x_wconf 86' lang='lat' dir='ltr'>Romanorum</span> <span class='ocrx_word' id='word_1_103' title='bbox 1991 1404 2224 1474; x_wconf 90' lang='lat' dir='ltr'>nescio</span> <span class='ocrx_word' id='word_1_104' title='bbox 2270 1403 2618 1491; x_wconf 87' lang='lat' dir='ltr'>quomodo</span> <span class='ocrx_word' id='word_1_105' title='bbox 2667 1404 2913 1494; x_wconf 88' lang='lat' dir='ltr'>arripit</span> <span class='ocrx_word' id='word_1_106' title='bbox 2952 1409 3181 1495; x_wconf 91' lang='lat' dir='ltr'>Impe-</span> 
     </span>
     <span class='ocr_line' id='line_1_13' title="bbox 636 1491 3182 1583; baseline 0 -22"><span class='ocrx_word' id='word_1_107' title='bbox 636 1491 844 1561; x_wconf 90' lang='lat' dir='ltr'>rium.</span> <span class='ocrx_word' id='word_1_108' title='bbox 900 1498 1180 1583; x_wconf 89' lang='lat' dir='ltr'>Propter</span> <span class='ocrx_word' id='word_1_109' title='bbox 1225 1493 1408 1579; x_wconf 91' lang='lat' dir='ltr'>quod</span> <span class='ocrx_word' id='word_1_110' title='bbox 1444 1492 1639 1560; x_wconf 88' lang='lat' dir='ltr'>valde</span> <span class='ocrx_word' id='word_1_111' title='bbox 1688 1492 1934 1574; x_wconf 81' lang='lat' dir='ltr'>elatuS,</span> <span class='ocrx_word' id='word_1_112' title='bbox 1993 1505 2059 1562; x_wconf 91' lang='lat' dir='ltr'>et</span> <span class='ocrx_word' id='word_1_113' title='bbox 2106 1493 2175 1561; x_wconf 93' lang='lat' dir='ltr'>in</span> <span class='ocrx_word' id='word_1_114' title='bbox 2228 1514 2578 1564; x_wconf 90' lang='lat' dir='ltr'>summam</span> <span class='ocrx_word' id='word_1_115' title='bbox 2611 1505 2886 1563; x_wconf 89' lang='lat' dir='ltr'>evectus</span> <span class='ocrx_word' id='word_1_116' title='bbox 2936 1515 3182 1583; x_wconf 89' lang='lat' dir='ltr'>super-</span> 
     </span>
     <span class='ocr_line' id='line_1_14' title="bbox 632 1580 3180 1670; baseline 0 -20"><span class='ocrx_word' id='word_1_117' title='bbox 632 1580 844 1660; x_wconf 88' lang='lat' dir='ltr'>biam,</span> <span class='ocrx_word' id='word_1_118' title='bbox 891 1581 1218 1651; x_wconf 90' lang='lat' dir='ltr'>omnibus</span> <span class='ocrx_word' id='word_1_119' title='bbox 1264 1594 1410 1650; x_wconf 89' lang='lat' dir='ltr'>erat</span> <span class='ocrx_word' id='word_1_120' title='bbox 1444 1580 1920 1662; x_wconf 89' lang='lat' dir='ltr'>intolerabilis,</span> <span class='ocrx_word' id='word_1_121' title='bbox 1955 1593 2019 1650; x_wconf 91' lang='lat' dir='ltr'>et</span> <span class='ocrx_word' id='word_1_122' title='bbox 2052 1603 2175 1650; x_wconf 92' lang='lat' dir='ltr'>nec</span> <span class='ocrx_word' id='word_1_123' title='bbox 2209 1603 2281 1651; x_wconf 88' lang='lat' dir='ltr'>se</span> <span class='ocrx_word' id='word_1_124' title='bbox 2313 1581 2666 1651; x_wconf 91' lang='lat' dir='ltr'>continere</span> <span class='ocrx_word' id='word_1_125' title='bbox 2717 1593 2999 1670; x_wconf 90' lang='lat' dir='ltr'>poterat,</span> <span class='ocrx_word' id='word_1_126' title='bbox 3040 1583 3180 1651; x_wconf 90' lang='lat' dir='ltr'>nisi</span> 
     </span>
     <span class='ocr_line' id='line_1_15' title="bbox 633 1669 3181 1761; baseline 0.001 -24"><span class='ocrx_word' id='word_1_127' title='bbox 633 1669 1053 1739; x_wconf 85' lang='lat' dir='ltr'>Christianos</span> <span class='ocrx_word' id='word_1_128' title='bbox 1100 1691 1338 1741; x_wconf 92' lang='lat' dir='ltr'>omnes</span> <span class='ocrx_word' id='word_1_129' title='bbox 1366 1680 1641 1760; x_wconf 91' lang='lat' dir='ltr'>caperet</span> <span class='ocrx_word' id='word_1_130' title='bbox 1687 1682 1752 1739; x_wconf 91' lang='lat' dir='ltr'>et</span> <span class='ocrx_word' id='word_1_131' title='bbox 1798 1683 2272 1761; x_wconf 85' lang='lat' dir='ltr'>expugnaret:</span> <span class='ocrx_word' id='word_1_132' title='bbox 2326 1669 2500 1740; x_wconf 87' lang='lat' dir='ltr'>alios</span> <span class='ocrx_word' id='word_1_133' title='bbox 2547 1670 2828 1757; x_wconf 91' lang='lat' dir='ltr'>quidem</span> <span class='ocrx_word' id='word_1_134' title='bbox 2862 1670 3073 1740; x_wconf 91' lang='lat' dir='ltr'>minis</span> <span class='ocrx_word' id='word_1_135' title='bbox 3113 1684 3181 1740; x_wconf 89' lang='lat' dir='ltr'>et</span> 
     </span>
     <span class='ocr_line' id='line_1_16' title="bbox 630 1757 3182 1860; baseline 0 -34"><span class='ocrx_word' id='word_1_136' title='bbox 630 1759 986 1829; x_wconf 90' lang='lat' dir='ltr'>tormentis</span> <span class='ocrx_word' id='word_1_137' title='bbox 1018 1758 1475 1846; x_wconf 44' lang='lat' dir='ltr'>terrefaciens</span> <span class='ocrx_word' id='word_1_138' title='bbox 1530 1757 1687 1828; x_wconf 90' lang='lat' dir='ltr'>aliis</span> <span class='ocrx_word' id='word_1_139' title='bbox 1747 1771 1977 1828; x_wconf 90' lang='lat' dir='ltr'>autem</span> <span class='ocrx_word' id='word_1_140' title='bbox 2029 1759 2321 1860; x_wconf 87' lang='lat' dir='ltr'>turpiter</span> <span class='ocrx_word' id='word_1_141' title='bbox 2365 1771 2430 1828; x_wconf 91' lang='lat' dir='ltr'>et</span> <span class='ocrx_word' id='word_1_142' title='bbox 2501 1758 2929 1828; x_wconf 87' lang='lat' dir='ltr'>illiberaliter</span> <span class='ocrx_word' id='word_1_143' title='bbox 2974 1758 3182 1828; x_wconf 91' lang='lat' dir='ltr'>blan-</span> 
     </span>
     <span class='ocr_line' id='line_1_17' title="bbox 637 1846 3171 2005; baseline 0.001 -90"><span class='ocrx_word' id='word_1_144' title='bbox 637 1846 858 1929; x_wconf 80' lang='lat' dir='ltr'>dienS,</span> <span class='ocrx_word' id='word_1_145' title='bbox 886 1848 1057 1917; x_wconf 87' lang='lat' dir='ltr'>alios</span> <span class='ocrx_word' id='word_1_146' title='bbox 1096 1848 1461 1918; x_wconf 91' lang='lat' dir='ltr'>verborum</span> <span class='ocrx_word' id='word_1_147' title='bbox 1492 1846 1794 1938; x_wconf 90' lang='lat' dir='ltr'>strophis</span> <span class='ocrx_word' id='word_1_148' title='bbox 1825 1870 1904 1916; x_wconf 90' lang='lat' dir='ltr'>ac</span> <span class='ocrx_word' id='word_1_149' title='bbox 1930 1847 2194 1918; x_wconf 75' lang='lat' dir='ltr'>technis</span> <span class='ocrx_word' id='word_1_150' title='bbox 2229 1847 2638 2005; x_wconf 54' lang='lat' dir='ltr'>aggrediens</span> <span class='ocrx_word' id='word_1_151' title='bbox 2668 1861 2731 1918; x_wconf 88' lang='lat' dir='ltr'>et</span> <span class='ocrx_word' id='word_1_152' title='bbox 2763 1847 3171 1935; x_wconf 75' lang='lat' dir='ltr'>illaquean5‚</span> 
     </span>
     <span class='ocr_line' id='line_1_18' title="bbox 629 1935 3167 2027; baseline 0 -24"><span class='ocrx_word' id='word_1_153' title='bbox 629 1946 707 2003; x_wconf 92' lang='lat' dir='ltr'>ut</span> <span class='ocrx_word' id='word_1_154' title='bbox 765 1937 1111 2023; x_wconf 92' lang='lat' dir='ltr'>quomodo</span> <span class='ocrx_word' id='word_1_155' title='bbox 1180 1936 1455 2017; x_wconf 80' lang='lat' dir='ltr'>liceret,</span> <span class='ocrx_word' id='word_1_156' title='bbox 1519 1958 1658 2017; x_wconf 68' lang='grc' dir='ltr'>θος,</span> <span class='ocrx_word' id='word_1_157' title='bbox 1712 1937 1831 2023; x_wconf 89' lang='lat' dir='ltr'>qui</span> <span class='ocrx_word' id='word_1_158' title='bbox 1882 1958 2017 2006; x_wconf 91' lang='lat' dir='ltr'>non</span> <span class='ocrx_word' id='word_1_159' title='bbox 2069 1958 2315 2027; x_wconf 91' lang='lat' dir='ltr'>persua</span> <span class='ocrx_word' id='word_1_160' title='bbox 2369 1937 2686 2017; x_wconf 87' lang='lat' dir='ltr'>ebantur,</span> <span class='ocrx_word' id='word_1_161' title='bbox 2744 1935 3167 2026; x_wconf 78' lang='lat' dir='ltr'>subiugaret.</span> 
     </span>
     <span class='ocr_line' id='line_1_19' title="bbox 636 2025 3183 2116; baseline 0 -23"><span class='ocrx_word' id='word_1_162' title='bbox 636 2028 985 2095; x_wconf 90' lang='lat' dir='ltr'>Caeterum</span> <span class='ocrx_word' id='word_1_163' title='bbox 1029 2027 1179 2116; x_wconf 86' lang='lat' dir='ltr'>ejus</span> <span class='ocrx_word' id='word_1_164' title='bbox 1206 2025 1714 2116; x_wconf 89' lang='lat' dir='ltr'>improbitatem</span> <span class='ocrx_word' id='word_1_165' title='bbox 1763 2037 1850 2107; x_wconf 91' lang='lat' dir='ltr'>et,</span> <span class='ocrx_word' id='word_1_166' title='bbox 1889 2046 2065 2112; x_wconf 89' lang='lat' dir='ltr'>quae</span> <span class='ocrx_word' id='word_1_167' title='bbox 2096 2026 2228 2098; x_wconf 90' lang='lat' dir='ltr'>sub</span> <span class='ocrx_word' id='word_1_168' title='bbox 2254 2025 2511 2095; x_wconf 91' lang='lat' dir='ltr'>blanda</span> <span class='ocrx_word' id='word_1_169' title='bbox 2561 2026 2920 2096; x_wconf 92' lang='lat' dir='ltr'>verborum</span> <span class='ocrx_word' id='word_1_170' title='bbox 2951 2048 2984 2094; x_wconf 91' lang='lat' dir='ltr'>s</span> <span class='ocrx_word' id='word_1_171' title='bbox 3038 2026 3183 2095; x_wconf 88' lang='lat' dir='ltr'>ecie</span> 
     </span>
     <span class='ocr_line' id='line_1_20' title="bbox 633 2112 3184 2205; baseline 0.001 -24"><span class='ocrx_word' id='word_1_172' title='bbox 633 2112 907 2195; x_wconf 90' lang='lat' dir='ltr'>latebat,</span> <span class='ocrx_word' id='word_1_173' title='bbox 976 2114 1287 2184; x_wconf 86' lang='lat' dir='ltr'>fraudem</span> <span class='ocrx_word' id='word_1_174' title='bbox 1337 2126 1402 2182; x_wconf 92' lang='lat' dir='ltr'>et</span> <span class='ocrx_word' id='word_1_175' title='bbox 1461 2115 1920 2204; x_wconf 88' lang='lat' dir='ltr'>imposturam</span> <span class='ocrx_word' id='word_1_176' title='bbox 1971 2126 2464 2205; x_wconf 88' lang='lat' dir='ltr'>perspexerunt</span> <span class='ocrx_word' id='word_1_177' title='bbox 2518 2114 2795 2202; x_wconf 90' lang='lat' dir='ltr'>quidem</span> <span class='ocrx_word' id='word_1_178' title='bbox 2863 2136 2982 2183; x_wconf 91' lang='lat' dir='ltr'>mu</span> <span class='ocrx_word' id='word_1_179' title='bbox 3015 2115 3064 2182; x_wconf 93' lang='lat' dir='ltr'>ti</span> <span class='ocrx_word' id='word_1_180' title='bbox 3115 2126 3184 2184; x_wconf 86' lang='lat' dir='ltr'>et</span> 
     </span>
     <span class='ocr_line' id='line_1_21' title="bbox 632 2201 3183 2292; baseline 0 -22"><span class='ocrx_word' id='word_1_181' title='bbox 632 2201 1255 2292; x_wconf 89' lang='lat' dir='ltr'>deprehenderunt,</span> <span class='ocrx_word' id='word_1_182' title='bbox 1303 2203 1424 2289; x_wconf 88' lang='lat' dir='ltr'>qui</span> <span class='ocrx_word' id='word_1_183' title='bbox 1464 2203 1668 2272; x_wconf 91' lang='lat' dir='ltr'>etiam</span> <span class='ocrx_word' id='word_1_184' title='bbox 1720 2203 1853 2273; x_wconf 87' lang='lat' dir='ltr'>cito</span> <span class='ocrx_word' id='word_1_185' title='bbox 1902 2202 2246 2290; x_wconf 88' lang='lat' dir='ltr'>vitarunt:</span> <span class='ocrx_word' id='word_1_186' title='bbox 2303 2202 2503 2272; x_wconf 90' lang='lat' dir='ltr'>multi</span> <span class='ocrx_word' id='word_1_187' title='bbox 2552 2215 2781 2273; x_wconf 92' lang='lat' dir='ltr'>autem</span> <span class='ocrx_word' id='word_1_188' title='bbox 2840 2213 3183 2273; x_wconf 86' lang='lat' dir='ltr'>tormenta</span> 
     </span>
     <span class='ocr_line' id='line_1_22' title="bbox 629 2290 3173 2382; baseline 0 -22"><span class='ocrx_word' id='word_1_189' title='bbox 629 2313 904 2378; x_wconf 90' lang='lat' dir='ltr'>quoque</span> <span class='ocrx_word' id='word_1_190' title='bbox 935 2293 1191 2379; x_wconf 88' lang='lat' dir='ltr'>quibus</span> <span class='ocrx_word' id='word_1_191' title='bbox 1230 2304 1394 2361; x_wconf 88' lang='lat' dir='ltr'>sunt</span> <span class='ocrx_word' id='word_1_192' title='bbox 1440 2291 1751 2374; x_wconf 89' lang='lat' dir='ltr'>cruciati,</span> <span class='ocrx_word' id='word_1_193' title='bbox 1787 2290 1944 2360; x_wconf 90' lang='lat' dir='ltr'>forti</span> <span class='ocrx_word' id='word_1_194' title='bbox 1972 2292 2205 2361; x_wconf 91' lang='lat' dir='ltr'>animo</span> <span class='ocrx_word' id='word_1_195' title='bbox 2238 2304 2302 2361; x_wconf 91' lang='lat' dir='ltr'>et</span> <span class='ocrx_word' id='word_1_196' title='bbox 2325 2291 2591 2362; x_wconf 88' lang='lat' dir='ltr'>excelso</span> <span class='ocrx_word' id='word_1_197' title='bbox 2628 2304 2790 2363; x_wconf 90' lang='lat' dir='ltr'>sunt</span> <span class='ocrx_word' id='word_1_198' title='bbox 2837 2291 3173 2382; x_wconf 88' lang='lat' dir='ltr'>perpessi,</span> 
     </span>
     <span class='ocr_line' id='line_1_23' title="bbox 631 2379 3176 2470; baseline 0.001 -23"><span class='ocrx_word' id='word_1_199' title='bbox 631 2379 799 2449; x_wconf 90' lang='lat' dir='ltr'>adeo</span> <span class='ocrx_word' id='word_1_200' title='bbox 848 2393 922 2449; x_wconf 93' lang='lat' dir='ltr'>ut</span> <span class='ocrx_word' id='word_1_201' title='bbox 971 2402 1054 2450; x_wconf 88' lang='lat' dir='ltr'>ne</span> <span class='ocrx_word' id='word_1_202' title='bbox 1103 2392 1214 2451; x_wconf 88' lang='lat' dir='ltr'>tur</span> <span class='ocrx_word' id='word_1_203' title='bbox 1266 2403 1303 2450; x_wconf 93' lang='lat' dir='ltr'>e</span> <span class='ocrx_word' id='word_1_204' title='bbox 1350 2380 1629 2467; x_wconf 89' lang='lat' dir='ltr'>quidem</span> <span class='ocrx_word' id='word_1_205' title='bbox 1681 2383 1967 2450; x_wconf 90' lang='lat' dir='ltr'>verbum</span> <span class='ocrx_word' id='word_1_206' title='bbox 2016 2381 2447 2450; x_wconf 88' lang='lat' dir='ltr'>emitterent:</span> <span class='ocrx_word' id='word_1_207' title='bbox 2502 2380 2898 2470; x_wconf 88' lang='lat' dir='ltr'>complures</span> <span class='ocrx_word' id='word_1_208' title='bbox 2947 2394 3176 2451; x_wconf 88' lang='lat' dir='ltr'>autem</span> 
     </span>
     <span class='ocr_line' id='line_1_24' title="bbox 631 2468 3166 2558; baseline 0 -21"><span class='ocrx_word' id='word_1_209' title='bbox 631 2469 835 2539; x_wconf 91' lang='lat' dir='ltr'>etiam</span> <span class='ocrx_word' id='word_1_210' title='bbox 887 2491 1108 2558; x_wconf 88' lang='lat' dir='ltr'>usque</span> <span class='ocrx_word' id='word_1_211' title='bbox 1147 2493 1185 2539; x_wconf 90' lang='lat' dir='ltr'>a</span> <span class='ocrx_word' id='word_1_212' title='bbox 1287 2482 1571 2539; x_wconf 90' lang='lat' dir='ltr'>mortem</span> <span class='ocrx_word' id='word_1_213' title='bbox 1620 2469 2080 2551; x_wconf 85' lang='lat' dir='ltr'>decertarunt,</span> <span class='ocrx_word' id='word_1_214' title='bbox 2128 2470 2271 2539; x_wconf 89' lang='lat' dir='ltr'>vitii</span> <span class='ocrx_word' id='word_1_215' title='bbox 2320 2468 2651 2540; x_wconf 89' lang='lat' dir='ltr'>callidum</span> <span class='ocrx_word' id='word_1_216' title='bbox 2710 2470 3043 2541; x_wconf 84' lang='lat' dir='ltr'>artificem</span> <span class='ocrx_word' id='word_1_217' title='bbox 3095 2469 3166 2538; x_wconf 91' lang='lat' dir='ltr'>in</span> 
     </span>
     <span class='ocr_line' id='line_1_25' title="bbox 629 2557 3175 2650; baseline 0 -23"><span class='ocrx_word' id='word_1_218' title='bbox 629 2558 955 2629; x_wconf 88' lang='lat' dir='ltr'>omnibus</span> <span class='ocrx_word' id='word_1_219' title='bbox 988 2559 1250 2650; x_wconf 90' lang='lat' dir='ltr'>pudore</span> <span class='ocrx_word' id='word_1_220' title='bbox 1283 2558 1682 2640; x_wconf 79' lang='lat' dir='ltr'>afficienteS,</span> <span class='ocrx_word' id='word_1_221' title='bbox 1723 2572 1787 2629; x_wconf 93' lang='lat' dir='ltr'>et</span> <span class='ocrx_word' id='word_1_222' title='bbox 1821 2558 1992 2628; x_wconf 89' lang='lat' dir='ltr'>nihil</span> <span class='ocrx_word' id='word_1_223' title='bbox 2042 2557 2258 2639; x_wconf 82' lang='lat' dir='ltr'>aliud,</span> <span class='ocrx_word' id='word_1_224' title='bbox 2298 2581 2506 2646; x_wconf 89' lang='lat' dir='ltr'>quam</span> <span class='ocrx_word' id='word_1_225' title='bbox 2543 2558 2611 2627; x_wconf 92' lang='lat' dir='ltr'>id</span> <span class='ocrx_word' id='word_1_226' title='bbox 2646 2559 2830 2646; x_wconf 92' lang='lat' dir='ltr'>quod</span> <span class='ocrx_word' id='word_1_227' title='bbox 2866 2570 2989 2641; x_wconf 90' lang='lat' dir='ltr'>est,</span> <span class='ocrx_word' id='word_1_228' title='bbox 3028 2580 3175 2627; x_wconf 80' lang='lat' dir='ltr'>esse</span> 
     </span>
     <span class='ocr_line' id='line_1_26' title="bbox 630 2646 1401 2718; baseline 0.001 -3"><span class='ocrx_word' id='word_1_229' title='bbox 630 2646 893 2716; x_wconf 90' lang='lat' dir='ltr'>malum</span> <span class='ocrx_word' id='word_1_230' title='bbox 944 2648 1401 2718; x_wconf 64' lang='lat' dir='ltr'>ostendentes</span> 
     </span>
    </p>

    <p class='ocr_par' dir='ltr' id='par_1_4' title="bbox 624 2735 3186 4225">
     <span class='ocr_line' id='line_1_27' title="bbox 717 2735 3171 2825; baseline -0 -19"><span class='ocrx_word' id='word_1_231' title='bbox 717 2744 755 2817; x_wconf 69' lang='lat' dir='ltr'>{i</span> <span class='ocrx_word' id='word_1_232' title='bbox 804 2740 894 2806; x_wconf 72' lang='lat'>8.</span> <span class='ocrx_word' id='word_1_233' title='bbox 949 2738 1286 2820; x_wconf 88' lang='lat' dir='ltr'>Quoniam</span> <span class='ocrx_word' id='word_1_234' title='bbox 1335 2749 1563 2806; x_wconf 89' lang='lat' dir='ltr'>autem</span> <span class='ocrx_word' id='word_1_235' title='bbox 1613 2747 1880 2825; x_wconf 89' lang='lat' dir='ltr'>praeter</span> <span class='ocrx_word' id='word_1_236' title='bbox 1926 2758 2166 2805; x_wconf 91' lang='lat' dir='ltr'>omnes</span> <span class='ocrx_word' id='word_1_237' title='bbox 2213 2737 2538 2824; x_wconf 90' lang='lat' dir='ltr'>reliquos,</span> <span class='ocrx_word' id='word_1_238' title='bbox 2589 2735 2661 2804; x_wconf 89' lang='lat' dir='ltr'>hi</span> <span class='ocrx_word' id='word_1_239' title='bbox 2711 2747 2847 2806; x_wconf 86' lang='lat' dir='ltr'>tres</span> <span class='ocrx_word' id='word_1_240' title='bbox 2893 2758 3171 2824; x_wconf 88' lang='lat' dir='ltr'>quoque</span> 
     </span>
     <span class='ocr_line' id='line_1_28' title="bbox 625 2824 3168 2927; baseline 0 -35"><span class='ocrx_word' id='word_1_241' title='bbox 625 2825 754 2893; x_wconf 91' lang='lat' dir='ltr'>viri</span> <span class='ocrx_word' id='word_1_242' title='bbox 801 2827 1057 2916; x_wconf 83' lang='lat' dir='ltr'>egregii</span> <span class='ocrx_word' id='word_1_243' title='bbox 1090 2838 1154 2895; x_wconf 91' lang='lat' dir='ltr'>et</span> <span class='ocrx_word' id='word_1_244' title='bbox 1206 2825 1407 2915; x_wconf 90' lang='lat' dir='ltr'>plane</span> <span class='ocrx_word' id='word_1_245' title='bbox 1453 2825 1832 2906; x_wconf 88' lang='lat' dir='ltr'>interririti,</span> <span class='ocrx_word' id='word_1_246' title='bbox 1871 2826 2180 2913; x_wconf 87' lang='lat' dir='ltr'>quisunt</span> <span class='ocrx_word' id='word_1_247' title='bbox 2226 2826 2431 2895; x_wconf 90' lang='lat' dir='ltr'>etiam</span> <span class='ocrx_word' id='word_1_248' title='bbox 2467 2824 2744 2894; x_wconf 88' lang='lat' dir='ltr'>dicendi</span> <span class='ocrx_word' id='word_1_249' title='bbox 2795 2848 3168 2927; x_wconf 88' lang='lat' dir='ltr'>argumen-</span> 
     </span>
     <span class='ocr_line' id='line_1_29' title="bbox 627 2913 3170 3014; baseline -0 -31"><span class='ocrx_word' id='word_1_250' title='bbox 627 2926 773 2983; x_wconf 91' lang='lat' dir='ltr'>tum</span> <span class='ocrx_word' id='word_1_251' title='bbox 809 2937 933 3014; x_wconf 85' lang='lat' dir='ltr'>pro</span> <span class='ocrx_word' id='word_1_252' title='bbox 986 2915 1164 2996; x_wconf 92' lang='lat' dir='ltr'>ositi,</span> <span class='ocrx_word' id='word_1_253' title='bbox 1218 2915 1518 3004; x_wconf 78' lang='lat' dir='ltr'>Tyranni</span> <span class='ocrx_word' id='word_1_254' title='bbox 1550 2913 2051 2993; x_wconf 85' lang='lat' dir='ltr'>crudelitatem,</span> <span class='ocrx_word' id='word_1_255' title='bbox 2092 2936 2228 2983; x_wconf 90' lang='lat' dir='ltr'>non</span> <span class='ocrx_word' id='word_1_256' title='bbox 2269 2935 2468 2984; x_wconf 90' lang='lat' dir='ltr'>secus</span> <span class='ocrx_word' id='word_1_257' title='bbox 2507 2926 2712 3001; x_wconf 85' lang='lat' dir='ltr'>atque</span> <span class='ocrx_word' id='word_1_258' title='bbox 2760 2914 3170 3003; x_wconf 74' lang='lat' dir='ltr'>desipientis</span> 
     </span>
     <span class='ocr_line' id='line_1_30' title="bbox 628 3002 3173 3094; baseline -0.001 -23"><span class='ocrx_word' id='word_1_259' title='bbox 628 3024 849 3092; x_wconf 75' lang='lat' dir='ltr'>pueri.</span> <span class='ocrx_word' id='word_1_260' title='bbox 955 3005 1316 3086; x_wconf 89' lang='lat' dir='ltr'>eriserunt,</span> <span class='ocrx_word' id='word_1_261' title='bbox 1369 3003 1522 3092; x_wconf 89' lang='lat' dir='ltr'>ejus</span> <span class='ocrx_word' id='word_1_262' title='bbox 1572 3003 1798 3072; x_wconf 89' lang='lat' dir='ltr'>minas</span> <span class='ocrx_word' id='word_1_263' title='bbox 1852 3003 2138 3093; x_wconf 89' lang='lat' dir='ltr'>perinde</span> <span class='ocrx_word' id='word_1_264' title='bbox 2186 3015 2388 3090; x_wconf 91' lang='lat' dir='ltr'>atque</span> <span class='ocrx_word' id='word_1_265' title='bbox 2442 3002 2664 3072; x_wconf 90' lang='lat' dir='ltr'>larvas</span> <span class='ocrx_word' id='word_1_266' title='bbox 2722 3014 3118 3094; x_wconf 87' lang='lat' dir='ltr'>reputantes</span> <span class='ocrx_word' id='word_1_267' title='bbox 3160 3025 3173 3068; x_wconf 91' lang='lat'>:</span> 
     </span>
     <span class='ocr_line' id='line_1_31' title="bbox 628 3091 3171 3181; baseline 0 -21"><span class='ocrx_word' id='word_1_268' title='bbox 628 3113 736 3161; x_wconf 89' lang='lat' dir='ltr'>res</span> <span class='ocrx_word' id='word_1_269' title='bbox 782 3113 1021 3161; x_wconf 88' lang='lat' dir='ltr'>eorum</span> <span class='ocrx_word' id='word_1_270' title='bbox 1073 3104 1232 3162; x_wconf 91' lang='lat' dir='ltr'>sunt</span> <span class='ocrx_word' id='word_1_271' title='bbox 1272 3094 1341 3160; x_wconf 91' lang='lat' dir='ltr'>in</span> <span class='ocrx_word' id='word_1_272' title='bbox 1397 3093 1779 3181; x_wconf 87' lang='lat' dir='ltr'>praesentia</span> <span class='ocrx_word' id='word_1_273' title='bbox 1839 3092 2247 3172; x_wconf 88' lang='lat' dir='ltr'>narrandae,</span> <span class='ocrx_word' id='word_1_274' title='bbox 2306 3103 2370 3161; x_wconf 93' lang='lat' dir='ltr'>et</span> <span class='ocrx_word' id='word_1_275' title='bbox 2409 3091 2494 3161; x_wconf 90' lang='lat' dir='ltr'>iis</span> <span class='ocrx_word' id='word_1_276' title='bbox 2526 3091 2648 3179; x_wconf 87' lang='lat' dir='ltr'>qui</span> <span class='ocrx_word' id='word_1_277' title='bbox 2701 3114 2836 3161; x_wconf 93' lang='lat' dir='ltr'>non</span> <span class='ocrx_word' id='word_1_278' title='bbox 2888 3102 3171 3167; x_wconf 84' lang='lat' dir='ltr'>norunt,</span> 
     </span>
     <span class='ocr_line' id='line_1_32' title="bbox 626 3179 3182 3272; baseline 0 -23"><span class='ocrx_word' id='word_1_279' title='bbox 626 3180 852 3267; x_wconf 88' lang='lat' dir='ltr'>quoad</span> <span class='ocrx_word' id='word_1_280' title='bbox 903 3182 1053 3270; x_wconf 88' lang='lat' dir='ltr'>ejus</span> <span class='ocrx_word' id='word_1_281' title='bbox 1080 3181 1228 3250; x_wconf 86' lang='lat' dir='ltr'>fieri</span> <span class='ocrx_word' id='word_1_282' title='bbox 1264 3182 1530 3272; x_wconf 89' lang='lat' dir='ltr'>poterit,</span> <span class='ocrx_word' id='word_1_283' title='bbox 1575 3180 2049 3271; x_wconf 83' lang='lat' dir='ltr'>explicandae,</span> <span class='ocrx_word' id='word_1_284' title='bbox 2088 3193 2437 3250; x_wconf 78' lang='lat' dir='ltr'>uteorum</span> <span class='ocrx_word' id='word_1_285' title='bbox 2470 3194 2800 3271; x_wconf 86' lang='lat' dir='ltr'>appareat</span> <span class='ocrx_word' id='word_1_286' title='bbox 2849 3179 3182 3251; x_wconf 85' lang='lat' dir='ltr'>fortitudo</span> 
     </span>
     <span class='ocr_line' id='line_1_33' title="bbox 627 3268 3186 3349; baseline 0 -11"><span class='ocrx_word' id='word_1_287' title='bbox 627 3280 692 3338; x_wconf 90' lang='lat' dir='ltr'>et</span> <span class='ocrx_word' id='word_1_288' title='bbox 742 3269 1071 3339; x_wconf 89' lang='lat' dir='ltr'>invictum</span> <span class='ocrx_word' id='word_1_289' title='bbox 1117 3271 1336 3339; x_wconf 88' lang='lat' dir='ltr'>animi</span> <span class='ocrx_word' id='word_1_290' title='bbox 1388 3268 1619 3339; x_wconf 89' lang='lat' dir='ltr'>robur.</span> <span class='ocrx_word' id='word_1_291' title='bbox 1676 3269 2191 3339; x_wconf 89' lang='lat' dir='ltr'>Praeclarorum</span> <span class='ocrx_word' id='word_1_292' title='bbox 2250 3270 2499 3339; x_wconf 92' lang='lat' dir='ltr'>horum</span> <span class='ocrx_word' id='word_1_293' title='bbox 2562 3269 2893 3349; x_wconf 89' lang='lat' dir='ltr'>virorum,</span> <span class='ocrx_word' id='word_1_294' title='bbox 2958 3268 3186 3339; x_wconf 87' lang='lat' dir='ltr'>Persis</span> 
     </span>
     <span class='ocr_line' id='line_1_34' title="bbox 625 3358 3186 3459; baseline -0 -32"><span class='ocrx_word' id='word_1_295' title='bbox 625 3358 909 3445; x_wconf 87' lang='lat' dir='ltr'>quidem</span> <span class='ocrx_word' id='word_1_296' title='bbox 948 3371 1091 3428; x_wconf 91' lang='lat' dir='ltr'>erat</span> <span class='ocrx_word' id='word_1_297' title='bbox 1144 3360 1381 3449; x_wconf 88' lang='lat' dir='ltr'>patria,</span> <span class='ocrx_word' id='word_1_298' title='bbox 1437 3380 1657 3449; x_wconf 89' lang='lat' dir='ltr'>genus</span> <span class='ocrx_word' id='word_1_299' title='bbox 1689 3372 1919 3427; x_wconf 91' lang='lat' dir='ltr'>autem</span> <span class='ocrx_word' id='word_1_300' title='bbox 1949 3381 2028 3427; x_wconf 84' lang='lat' dir='ltr'>ex</span> <span class='ocrx_word' id='word_1_301' title='bbox 2065 3370 2257 3459; x_wconf 90' lang='lat' dir='ltr'>parte</span> <span class='ocrx_word' id='word_1_302' title='bbox 2290 3359 2531 3430; x_wconf 90' lang='lat' dir='ltr'>matris</span> <span class='ocrx_word' id='word_1_303' title='bbox 2564 3359 2757 3448; x_wconf 91' lang='lat' dir='ltr'>pium</span> <span class='ocrx_word' id='word_1_304' title='bbox 2789 3369 2855 3428; x_wconf 93' lang='lat' dir='ltr'>et</span> <span class='ocrx_word' id='word_1_305' title='bbox 2905 3358 3186 3448; x_wconf 90' lang='lat' dir='ltr'>religio-</span> 
     </span>
     <span class='ocr_line' id='line_1_35' title="bbox 626 3447 3185 3538; baseline -0 -23"><span class='ocrx_word' id='word_1_306' title='bbox 626 3468 808 3517; x_wconf 89' lang='lat' dir='ltr'>sum:</span> <span class='ocrx_word' id='word_1_307' title='bbox 864 3461 1055 3538; x_wconf 87' lang='lat' dir='ltr'>pater</span> <span class='ocrx_word' id='word_1_308' title='bbox 1086 3470 1242 3518; x_wconf 90' lang='lat' dir='ltr'>vero</span> <span class='ocrx_word' id='word_1_309' title='bbox 1292 3447 1671 3537; x_wconf 87' lang='lat' dir='ltr'>permansit</span> <span class='ocrx_word' id='word_1_310' title='bbox 1733 3447 2015 3534; x_wconf 88' lang='lat' dir='ltr'>quidem</span> <span class='ocrx_word' id='word_1_311' title='bbox 2068 3470 2134 3515; x_wconf 90' lang='lat' dir='ltr'>1n</span> <span class='ocrx_word' id='word_1_312' title='bbox 2197 3470 2470 3518; x_wconf 87' lang='lat' dir='ltr'>errore:</span> <span class='ocrx_word' id='word_1_313' title='bbox 2535 3448 2670 3516; x_wconf 74' lang='lat' dir='ltr'>vita</span> <span class='ocrx_word' id='word_1_314' title='bbox 2740 3460 2969 3517; x_wconf 91' lang='lat' dir='ltr'>autem</span> <span class='ocrx_word' id='word_1_315' title='bbox 3035 3456 3185 3515; x_wconf 88' lang='lat' dir='ltr'>erat</span> 
     </span>
     <span class='ocr_line' id='line_1_36' title="bbox 626 3536 3184 3628; baseline -0.001 -23"><span class='ocrx_word' id='word_1_316' title='bbox 626 3536 932 3617; x_wconf 89' lang='lat' dir='ltr'>honesta,</span> <span class='ocrx_word' id='word_1_317' title='bbox 989 3550 1053 3607; x_wconf 87' lang='lat' dir='ltr'>et</span> <span class='ocrx_word' id='word_1_318' title='bbox 1099 3537 1427 3628; x_wconf 88' lang='lat' dir='ltr'>gravitate</span> <span class='ocrx_word' id='word_1_319' title='bbox 1492 3536 1742 3626; x_wconf 90' lang='lat' dir='ltr'>plena,</span> <span class='ocrx_word' id='word_1_320' title='bbox 1795 3549 1859 3605; x_wconf 92' lang='lat' dir='ltr'>et</span> <span class='ocrx_word' id='word_1_321' title='bbox 1906 3558 2082 3623; x_wconf 90' lang='lat' dir='ltr'>quae</span> <span class='ocrx_word' id='word_1_322' title='bbox 2133 3537 2365 3627; x_wconf 89' lang='lat' dir='ltr'>pietati</span> <span class='ocrx_word' id='word_1_323' title='bbox 2433 3536 2880 3606; x_wconf 90' lang='lat' dir='ltr'>conveniret:</span> <span class='ocrx_word' id='word_1_324' title='bbox 2935 3556 3184 3605; x_wconf 89' lang='lat' dir='ltr'>omnes</span> 
     </span>
     <span class='ocr_line' id='line_1_37' title="bbox 625 3625 3183 3716; baseline 0 -24"><span class='ocrx_word' id='word_1_325' title='bbox 625 3625 887 3706; x_wconf 84' lang='lat' dir='ltr'>fratres,</span> <span class='ocrx_word' id='word_1_326' title='bbox 941 3638 1004 3695; x_wconf 88' lang='lat' dir='ltr'>et</span> <span class='ocrx_word' id='word_1_327' title='bbox 1042 3627 1319 3708; x_wconf 90' lang='lat' dir='ltr'>animis,</span> <span class='ocrx_word' id='word_1_328' title='bbox 1359 3636 1423 3695; x_wconf 93' lang='lat' dir='ltr'>et</span> <span class='ocrx_word' id='word_1_329' title='bbox 1470 3626 1901 3716; x_wconf 86' lang='lat' dir='ltr'>corporibus.</span> <span class='ocrx_word' id='word_1_330' title='bbox 1948 3630 2204 3694; x_wconf 90' lang='lat' dir='ltr'>Nomen</span> <span class='ocrx_word' id='word_1_331' title='bbox 2260 3625 2482 3716; x_wconf 91' lang='lat' dir='ltr'>primo</span> <span class='ocrx_word' id='word_1_332' title='bbox 2530 3639 2674 3694; x_wconf 91' lang='lat' dir='ltr'>erat</span> <span class='ocrx_word' id='word_1_333' title='bbox 2716 3625 3014 3704; x_wconf 71' lang='lat' dir='ltr'>manuel,</span> <span class='ocrx_word' id='word_1_334' title='bbox 3070 3645 3183 3695; x_wconf 90' lang='lat' dir='ltr'>se-</span> 
     </span>
     <span class='ocr_line' id='line_1_38' title="bbox 624 3712 3180 3801; baseline -0.001 -19"><span class='ocrx_word' id='word_1_335' title='bbox 624 3715 851 3783; x_wconf 90' lang='lat' dir='ltr'>cundo</span> <span class='ocrx_word' id='word_1_336' title='bbox 906 3727 1137 3785; x_wconf 90' lang='lat' dir='ltr'>autem</span> <span class='ocrx_word' id='word_1_337' title='bbox 1189 3715 1408 3798; x_wconf 86' lang='lat' dir='ltr'>Sabcl,</span> <span class='ocrx_word' id='word_1_338' title='bbox 1454 3737 1696 3785; x_wconf 86' lang='lat' dir='ltr'>rursus</span> <span class='ocrx_word' id='word_1_339' title='bbox 1749 3726 1978 3783; x_wconf 91' lang='lat' dir='ltr'>autem</span> <span class='ocrx_word' id='word_1_340' title='bbox 2030 3715 2226 3783; x_wconf 91' lang='lat' dir='ltr'>tertio</span> <span class='ocrx_word' id='word_1_341' title='bbox 2275 3714 2548 3795; x_wconf 64' lang='lat' dir='ltr'>Ismaeh</span> <span class='ocrx_word' id='word_1_342' title='bbox 2584 3714 2842 3801; x_wconf 91' lang='lat' dir='ltr'>quibus</span> <span class='ocrx_word' id='word_1_343' title='bbox 2896 3712 3180 3801; x_wconf 87' lang='lat' dir='ltr'>quidem</span> 
     </span>
     <span class='ocr_line' id='line_1_39' title="bbox 624 3802 3181 3892; baseline -0.001 -20"><span class='ocrx_word' id='word_1_344' title='bbox 624 3817 779 3872; x_wconf 90' lang='lat' dir='ltr'>ante</span> <span class='ocrx_word' id='word_1_345' title='bbox 812 3803 947 3873; x_wconf 89' lang='lat' dir='ltr'>alia</span> <span class='ocrx_word' id='word_1_346' title='bbox 997 3804 1125 3873; x_wconf 91' lang='lat' dir='ltr'>hoc</span> <span class='ocrx_word' id='word_1_347' title='bbox 1172 3827 1377 3874; x_wconf 87' lang='lat' dir='ltr'>curae</span> <span class='ocrx_word' id='word_1_348' title='bbox 1407 3817 1552 3874; x_wconf 90' lang='lat' dir='ltr'>erat</span> <span class='ocrx_word' id='word_1_349' title='bbox 1592 3804 1908 3884; x_wconf 83' lang='lat' dir='ltr'>maximo,</span> <span class='ocrx_word' id='word_1_350' title='bbox 1964 3814 2037 3871; x_wconf 87' lang='lat' dir='ltr'>ut</span> <span class='ocrx_word' id='word_1_351' title='bbox 2085 3826 2126 3871; x_wconf 90' lang='lat' dir='ltr'>a</span> <span class='ocrx_word' id='word_1_352' title='bbox 2176 3802 2416 3891; x_wconf 90' lang='lat' dir='ltr'>patriis</span> <span class='ocrx_word' id='word_1_353' title='bbox 2466 3803 2716 3873; x_wconf 86' lang='lat' dir='ltr'>ritibus</span> <span class='ocrx_word' id='word_1_354' title='bbox 2768 3802 3181 3892; x_wconf 88' lang='lat' dir='ltr'>longissime</span> 
     </span>
     <span class='ocr_line' id='line_1_40' title="bbox 624 3890 3184 3981; baseline 0 -22"><span class='ocrx_word' id='word_1_355' title='bbox 624 3892 965 3973; x_wconf 88' lang='lat' dir='ltr'>abessent,</span> <span class='ocrx_word' id='word_1_356' title='bbox 1017 3914 1268 3979; x_wconf 90' lang='lat' dir='ltr'>eosque</span> <span class='ocrx_word' id='word_1_357' title='bbox 1299 3905 1625 3981; x_wconf 84' lang='lat' dir='ltr'>tanquam</span> <span class='ocrx_word' id='word_1_358' title='bbox 1662 3914 1806 3961; x_wconf 91' lang='lat' dir='ltr'>rem</span> <span class='ocrx_word' id='word_1_359' title='bbox 1855 3891 2310 3961; x_wconf 86' lang='lat' dir='ltr'>execrandam</span> <span class='ocrx_word' id='word_1_360' title='bbox 2359 3904 2424 3959; x_wconf 83' lang='lat' dir='ltr'>et</span> <span class='ocrx_word' id='word_1_361' title='bbox 2472 3890 2926 3961; x_wconf 85' lang='lat' dir='ltr'>aversandam</span> <span class='ocrx_word' id='word_1_362' title='bbox 2986 3891 3184 3981; x_wconf 85' lang='lat' dir='ltr'>fuge-</span> 
     </span>
     <span class='ocr_line' id='line_1_41' title="bbox 626 3979 3178 4075; baseline -0.001 -26"><span class='ocrx_word' id='word_1_363' title='bbox 626 3993 798 4050; x_wconf 92' lang='lat' dir='ltr'>rent.</span> <span class='ocrx_word' id='word_1_364' title='bbox 857 3987 968 4050; x_wconf 90' lang='lat' dir='ltr'>Est</span> <span class='ocrx_word' id='word_1_365' title='bbox 1014 3982 1199 4050; x_wconf 87' lang='lat' dir='ltr'>enim</span> <span class='ocrx_word' id='word_1_366' title='bbox 1251 3984 1471 4050; x_wconf 87' lang='lat' dir='ltr'>Persis</span> <span class='ocrx_word' id='word_1_367' title='bbox 1522 3982 1696 4051; x_wconf 90' lang='lat' dir='ltr'>ritus</span> <span class='ocrx_word' id='word_1_368' title='bbox 1748 3982 2034 4071; x_wconf 80' lang='lat' dir='ltr'>patriuS‚</span> <span class='ocrx_word' id='word_1_369' title='bbox 2090 3980 2408 4050; x_wconf 89' lang='lat' dir='ltr'>lucernas</span> <span class='ocrx_word' id='word_1_370' title='bbox 2457 3994 2522 4051; x_wconf 90' lang='lat' dir='ltr'>et</span> <span class='ocrx_word' id='word_1_371' title='bbox 2569 3981 2804 4071; x_wconf 90' lang='lat' dir='ltr'>ignem</span> <span class='ocrx_word' id='word_1_372' title='bbox 2854 3979 3178 4075; x_wconf 79' lang='lat' dir='ltr'>suffumi-</span> 
     </span>
     <span class='ocr_line' id='line_1_42' title="bbox 624 4068 3176 4225; baseline -0.001 -89"><span class='ocrx_word' id='word_1_373' title='bbox 624 4093 789 4225; x_wconf 52' lang='grc' dir='ltr'>ἐπεὶ</span> <span class='ocrx_word' id='word_1_374' title='bbox 837 4069 1219 4149; x_wconf 79' lang='lat' dir='ltr'>sacrificiiS‚</span> <span class='ocrx_word' id='word_1_375' title='bbox 1255 4083 1318 4140; x_wconf 93' lang='lat' dir='ltr'>et</span> <span class='ocrx_word' id='word_1_376' title='bbox 1366 4070 1520 4139; x_wconf 90' lang='lat' dir='ltr'>aliis</span> <span class='ocrx_word' id='word_1_377' title='bbox 1555 4069 1786 4139; x_wconf 88' lang='lat' dir='ltr'>adhuc</span> <span class='ocrx_word' id='word_1_378' title='bbox 1828 4070 2049 4160; x_wconf 90' lang='lat' dir='ltr'>magis</span> <span class='ocrx_word' id='word_1_379' title='bbox 2097 4069 2495 4140; x_wconf 86' lang='lat' dir='ltr'>execrandis</span> <span class='ocrx_word' id='word_1_380' title='bbox 2538 4068 2780 4159; x_wconf 89' lang='lat' dir='ltr'>pollui.</span> <span class='ocrx_word' id='word_1_381' title='bbox 2815 4073 3004 4151; x_wconf 87' lang='lat' dir='ltr'>Quae</span> <span class='ocrx_word' id='word_1_382' title='bbox 3031 4087 3176 4152; x_wconf 77' lang='lat' dir='ltr'>qut·</span> 
     </span>
    </p>

    <p class='ocr_par' dir='ltr' id='par_1_5' title="bbox 612 4153 3200 4607">
     <span class='ocr_line' id='line_1_43' title="bbox 675 4153 3174 4244; baseline -0.002 -19"><span class='ocrx_word' id='word_1_383' title='bbox 675 4179 781 4225; x_wconf 92' lang='lat' dir='ltr'>em</span> <span class='ocrx_word' id='word_1_384' title='bbox 816 4180 939 4227; x_wconf 89' lang='lat' dir='ltr'>nec</span> <span class='ocrx_word' id='word_1_385' title='bbox 988 4180 1294 4244; x_wconf 88' lang='lat' dir='ltr'>unquam</span> <span class='ocrx_word' id='word_1_386' title='bbox 1340 4160 1701 4229; x_wconf 86' lang='lat' dir='ltr'>observare</span> <span class='ocrx_word' id='word_1_387' title='bbox 1743 4160 1810 4228; x_wconf 90' lang='lat' dir='ltr'>in</span> <span class='ocrx_word' id='word_1_388' title='bbox 1870 4160 2198 4228; x_wconf 61' lang='lat' dir='ltr'>animum&gt;</span> <span class='ocrx_word' id='word_1_389' title='bbox 2237 4158 2694 4238; x_wconf 88' lang='lat' dir='ltr'>induxerunt,</span> <span class='ocrx_word' id='word_1_390' title='bbox 2757 4170 2824 4227; x_wconf 91' lang='lat' dir='ltr'>et</span> <span class='ocrx_word' id='word_1_391' title='bbox 2871 4157 2972 4226; x_wconf 90' lang='lat' dir='ltr'>vel</span> <span class='ocrx_word' id='word_1_392' title='bbox 3027 4153 3174 4223; x_wconf 90' lang='lat' dir='ltr'>solo</span> 
     </span>
     <span class='ocr_line' id='line_1_44' title="bbox 612 4247 3188 4336; baseline -0.002 -21"><span class='ocrx_word' id='word_1_393' title='bbox 612 4257 912 4336; x_wconf 48' lang='lat' dir='ltr'>¹aspectu</span> <span class='ocrx_word' id='word_1_394' title='bbox 970 4269 1041 4315; x_wconf 88' lang='lat' dir='ltr'>se</span> <span class='ocrx_word' id='word_1_395' title='bbox 1090 4247 1498 4336; x_wconf 88' lang='lat' dir='ltr'>judicarunt</span> <span class='ocrx_word' id='word_1_396' title='bbox 1549 4248 1926 4336; x_wconf 89' lang='lat' dir='ltr'>inquinari.</span> <span class='ocrx_word' id='word_1_397' title='bbox 1982 4252 2189 4317; x_wconf 88' lang='lat' dir='ltr'>Erant</span> <span class='ocrx_word' id='word_1_398' title='bbox 2226 4248 2411 4318; x_wconf 91' lang='lat' dir='ltr'>enim</span> <span class='ocrx_word' id='word_1_399' title='bbox 2463 4248 2550 4316; x_wconf 89' lang='lat' dir='ltr'>ab</span> <span class='ocrx_word' id='word_1_400' title='bbox 2623 4248 2910 4316; x_wconf 93' lang='lat' dir='ltr'>ineunte</span> <span class='ocrx_word' id='word_1_401' title='bbox 2966 4255 3188 4314; x_wconf 84' lang='lat' dir='ltr'>aetate</span> 
     </span>
     <span class='ocr_line' id='line_1_45' title="bbox 626 4332 3195 4437; baseline -0 -33"><span class='ocrx_word' id='word_1_402' title='bbox 626 4335 917 4426; x_wconf 90' lang='lat' dir='ltr'>pulchre</span> <span class='ocrx_word' id='word_1_403' title='bbox 975 4336 1269 4406; x_wconf 88' lang='lat' dir='ltr'>instituti</span> <span class='ocrx_word' id='word_1_404' title='bbox 1311 4339 1380 4406; x_wconf 88' lang='lat' dir='ltr'>in</span> <span class='ocrx_word' id='word_1_405' title='bbox 1430 4338 1721 4417; x_wconf 81' lang='lat' dir='ltr'>diviniS,</span> <span class='ocrx_word' id='word_1_406' title='bbox 1777 4349 2010 4437; x_wconf 87' lang='lat' dir='ltr'>utpote</span> <span class='ocrx_word' id='word_1_407' title='bbox 2067 4337 2248 4423; x_wconf 88' lang='lat' dir='ltr'>quod</span> <span class='ocrx_word' id='word_1_408' title='bbox 2305 4336 2591 4424; x_wconf 84' lang='lat' dir='ltr'>quidam</span> <span class='ocrx_word' id='word_1_409' title='bbox 2669 4336 3028 4405; x_wconf 88' lang='lat' dir='ltr'>Eunoicus</span> <span class='ocrx_word' id='word_1_410' title='bbox 3087 4332 3195 4403; x_wconf 89' lang='lat' dir='ltr'>vir</span> 
     </span>
     <span class='ocr_line' id='line_1_46' title="bbox 626 4423 3200 4518; baseline -0.001 -24"><span class='ocrx_word' id='word_1_411' title='bbox 626 4425 1059 4496; x_wconf 87' lang='lat' dir='ltr'>clarissimus</span> <span class='ocrx_word' id='word_1_412' title='bbox 1099 4426 1166 4496; x_wconf 92' lang='lat' dir='ltr'>in</span> <span class='ocrx_word' id='word_1_413' title='bbox 1221 4449 1337 4498; x_wconf 92' lang='lat' dir='ltr'>eos</span> <span class='ocrx_word' id='word_1_414' title='bbox 1386 4427 1656 4518; x_wconf 90' lang='lat' dir='ltr'>pietatis</span> <span class='ocrx_word' id='word_1_415' title='bbox 1706 4448 1971 4497; x_wconf 85' lang='lat' dir='ltr'>semma</span> <span class='ocrx_word' id='word_1_416' title='bbox 2023 4426 2509 4515; x_wconf 76' lang='lat' dir='ltr'>dejecisset‚·et</span> <span class='ocrx_word' id='word_1_417' title='bbox 2547 4438 2664 4494; x_wconf 83' lang='lat' dir='ltr'>eos</span> <span class='ocrx_word' id='word_1_418' title='bbox 2701 4423 2990 4494; x_wconf 89' lang='lat' dir='ltr'>aluisset</span> <span class='ocrx_word' id='word_1_419' title='bbox 3043 4423 3200 4511; x_wconf 86' lang='lat' dir='ltr'>pie-</span> 
     </span>
     <span class='ocr_line' id='line_1_47' title="bbox 625 4514 1300 4607; baseline 0.006 -25"><span class='ocrx_word' id='word_1_420' title='bbox 625 4514 783 4587; x_wconf 87' lang='lat' dir='ltr'>tatis</span> <span class='ocrx_word' id='word_1_421' title='bbox 833 4516 1300 4607; x_wconf 78' lang='lat' dir='ltr'>dogmatibus,</span> 
     </span>
    </p>
   </div>
  </div>
 </body>
</html>
