3357 4995
648 290 729 353 110
1264 305 1322 351 B.
1375 304 1666 353 ANnaEAE
1715 306 1794 352 ns
1841 302 1987 352 cmo
2035 304 2403 351 narramur
2794 290 3016 356 JUNII
3068 293 3091 354 1

556 402 885 460 truncum
932 409 1186 479 corpus
1234 389 1506 460 trahere
1554 389 1876 459 velociter
1921 389 2005 457 ad
2060 411 2250 457 mare
2287 402 2653 459 conantur.
2707 391 3106 463 Exclamant

557 478 951 559 Christiani,
1016 478 1139 565 qui
1200 477 1531 567 lacrymis
1588 478 1828 549 effusis
1876 476 2440 559 circumstabant,
2494 500 2795 566 quorum
2848 503 3105 571 magna

556 579 702 637 erat
750 566 1125 637 multitudo
1157 623 1172 648 ,
1226 567 1714 658 sepeliendum·
1755 588 1904 637 esse
1953 577 2330 646 mortuum,
2389 588 2526 636 non
2576 568 2648 635 in
2712 590 2901 639 mare
2951 591 3106 659 pro-

553 655 969 745 jiciendum.
1022 655 1171 726 Illis
1218 656 1723 738 resistentibus,
1762 656 2045 745 Regiam
2079 655 2272 743 ajunt
2302 656 2727 745 majestatem
2757 678 2907 726 esse
2940 680 3108 728 con-

561 744 954 825 sulendam,
1012 744 1383 833 sepelirine
1427 745 1587 814 velit
1620 744 1852 834 ipsum
1880 745 2027 832 jam
2071 757 2420 813 mortuum
2445 799 2460 825 ,
2500 767 2589 814 an
2627 744 2698 814 in
2735 747 2912 831 mari
2952 768 3108 835 pro·

548 835 726 925 jici?
774 838 915 903 Hoc
962 834 1223 912 audito,
1264 833 1669 924 ipse'Judex
1717 832 1801 902 ad
1853 837 2104 989 Regiem
2160 833 2502 922 procurrit
2529 834 2687 921 (nec
2717 835 2904 904 enim
2938 833 3097 906 licet

559 922 948 1004 Judicibus‚
984 922 1264 1008 quando
1312 928 1567 1013 Regem
1617 921 1951 992 consulen
2008 942 2126 990 um
2175 942 2326 991 esse
2373 921 2692 1004 audiunt,
2731 924 3103 1011 quicquam
3168 932 3174 938 ’

561 1011 785 1080 facere
817 1010 1136 1093 uberim,
1182 1010 1314 1081 nisi
1353 1018 1445 1080 Re
1499 1012 1521 1079 i
1556 1011 1754 1101 prius
1800 1009 2150 1099 referant).
2192 1009 2319 1079 Sed
2355 1010 2901 1081 Christianorum
2937 1034 3108 1100 quo·
3149 1046 3158 1054 ·

561 1122 695 1187 que
742 1100 1097 1181 PrimateS,
1136 1120 1346 1185 quam
1392 1122 1468 1169 ve
1500 1100 1712 1169 ociter
1759 1110 2074 1188 poterant
2123 1104 2373 1189 Regem
2425 1098 2712 1169 adeunt:
2778 1102 2896 1187 qui
2946 1123 3109 1171 cum

562 1189 1003 1279 percepisset,
1055 1188 1311 1275 quibus
1349 1188 1800 1267 cruciatibus,
1836 1200 1901 1257 et
1933 1186 2274 1274 quamdiu
2306 1201 2583 1258 vexatus
2617 1188 2745 1257 fuit
2777 1190 3104 1271 Andreas,

562 1276 966 1347 efferbuisse
1014 1277 1117 1345 ira
1165 1276 1450 1358 dicitur,
1504 1288 1569 1346 et
1619 1276 1844 1346 verbis
1893 1277 1963 1345 in
2010 1275 2334 1345 ,Iudicem
2386 1277 2484 1346 sic
2535 1277 2886 1348 atrocibus
2933 1301 3110 1349 usus

561 1366 822 1446 fuisse,
878 1378 954 1435 ut
998 1365 1338 1434 exanimis
1385 1388 1471 1435 ne
1519 1366 1801 1435 mutiret
1849 1363 2132 1451 quidem
2180 1364 2402 1434 Judex
2460 1366 2772 1453 iniquus.
2849 1367 2977 1436 Sed
3029 1389 3112 1436 ea

548 1456 689 1534 -ira,
743 1466 808 1524 et
854 1452 1014 1523 illae
1061 1454 1373 1555 ingentes
1424 1454 1672 1529 minae.
1701 1453 1909 1523 simul
1960 1476 2121 1537 cum
2156 1454 2385 1523 verbis
2424 1467 2876 1542 evanuerunt.
2916 1456 3111 1525 Chri-

502 1571 513 1582 ·
565 1543 809 1613 stianis
846 1542 1097 1612 deinde
1135 1543 1357 1633 Jubet,
1411 1555 1488 1613 ut
1535 1542 1874 1611 Andream
1922 1541 2322 1622 honorifice,
2380 1543 2587 1619 sicuti
2642 1543 2836 1614 decet
2874 1545 3102 1615 virum

565 1632 847 1712 fortem,
902 1631 1260 1721 sepeliant.
1315 1632 1444 1714 Qui
1493 1631 2081 1721 apposito‘capite
2130 1632 2403 1720 corpori
2453 1653 2602 1712 suc,
2661 1633 2748 1700 ad
2798 1633 3108 1702 Galatam

567 1720 1040 1809 deportarunt.
1093 1720 1337 1789 Aderat
1394 1733 1623 1790 autem
1675 1721 2043 1789 universus
2091 1732 2546 1806 utrarumque
2594 1721 2876 1791 urbium
2911 1777 2926 1802 ,
2975 1726 3106 1792 Ga*

568 1810 743 1878 latae
809 1821 1016 1896 atque
1062 1808 1730 1899 Constantinopolis,
1786 1807 2114 1898 populuS,
2169 1808 2298 1877 viri
2364 1808 2573 1878 simul
2625 1810 3106 1891 acmulieres,

566 1898 765 1987 pueri
814 1910 1016 1984 atque
1063 1897 1356 1988 puellae,
1408 1897 1610 1967 liberi
1674 1910 1740 1967 et
1802 1897 2002 1976 servi,
2057 1917 2182 1966 nec
2233 1896 2780 1969 Christianorum
2848 1898 3103 1980 solum,

562 2008 798 2055 verum
848 1987 1055 2056 etiam
1105 1986 1749 2057 Mahumetistarum
1801 1985 2002 2054 multi
2052 1984 2512 2056 admiratione
2560 1988 2912 2069 commoti,
2970 2010 3105 2057 non

562 2075 923 2165 pauciores
952 2096 1162 2162 quam
1199 2076 1425 2145 decies
1458 2076 1698 2145 decem
1733 2073 1978 2143 millia:
2010 2074 2131 2160 qui
2162 2095 2426 2157 omneS,
2457 2075 2576 2145 alii
2614 2076 3101 2165 lacrymanteS‚

563 2163 681 2232 alii
723 2163 964 2233 laudes
1012 2164 1163 2251 ejus
1213 2163 1712 2252 praedicantes,
1752 2175 1818 2233 et
1846 2162 1964 2231 alii
1996 2164 2451 2232 constantiam
2495 2186 2574 2233 ac
2606 2165 2820 2234 robur
2853 2165 3096 2245 animi,

563 2251 680 2321 alii
733 2252 1169 2341 prudentiam
1222 2265 1427 2339 atque
1474 2244 1904 2342 gravitatem‘,
1959 2250 2073 2320 alii
2126 2263 2603 2341 contemptum
2638 2253 3109 2323 humanarum

562 2361 821 2413 rerum:
862 2340 1062 2410 multi
1095 2340 1301 2409 fidem
1352 2342 1424 2410 in
1471 2347 1711 2410 Jesum
1754 2341 2123 2419 Christum,
2160 2339 2230 2407 in
2272 2362 2550 2410 crucem
2600 2353 2663 2411 et
2714 2343 3109 2432 passionem

562 2430 758 2519 ejus,
812 2442 878 2499 et
925 2429 996 2497 in
1047 2428 1567 2500 immaculatam
1614 2429 1964 2520 Virginem
2013 2428 2439 2499 devotionem
2493 2443 2876 2502 narrantes.
2931 2437 3108 2501 Tan-

562 2519 719 2588 dem
768 2518 839 2586 in
890 2519 1165 2588 Galatae
1213 2532 1477 2609 partem
1526 2531 1905 2588 extremam
1947 2539 2186 2586 versus
2217 2521 2454 2587 Ortum
2489 2522 2668 2589 mari
2702 2522 3103 2611 contiguam

561 2608 1006 2687 devenerunt,
1059 2608 1179 2677 ubi
1228 2621 1331 2677 est
1366 2607 1660 2677 ecclesia
1692 2606 1956 2697 Virgini
1994 2607 2265 2687 Mariae,
2312 2607 2371 2676 si
2421 2621 2601 2678 recte
2652 2610 2964 2689 memini,
3002 2609 3109 2677 di-

561 2710 713 2765 cata
738 2719 765 2766 ε.
808 2696 905 2765 ibi
955 2696 1313 2786 depositus
1356 2696 1565 2783 jacet.
1897 2713 1905 2722 ·

651 2794 687 2864 ἓ
718 2789 851 2856 11.
907 2786 1027 2854 His
1078 2786 1170 2854 ita
1218 2787 1452 2876 gestis,
1494 2806 1747 2942 magna
1787 2785 1926 2854 Rex
1975 2784 2221 2855 exarsit
2250 2785 2632 2875 cupiditate
2663 2785 3105 2876 Trapezuntii

561 2873 688 2941 viri
736 2871 951 2954 illius,
1015 2872 1102 2942 de
1165 2896 1303 2961 quo
1351 2896 1565 2965 supra
1664 2874 1942 2954 iximuS,
1999 2873 2378 2949 liberandi:
2428 2873 2547 2944 sed
2597 2876 2761 2961 quia
2827 2874 3112 2944 honeste

529 2961 629 3029 ·id
671 2959 916 3041 facere,
972 2962 1107 3031 nisi
1172 2976 1475 3054 rogatus,
1525 2984 1727 3051 posse
1776 2983 1912 3031 non
1965 2961 2368 3052 judicabat,
2425 2984 2547 3053 per
2601 2961 2968 3049 quasdam,
3029 2975 3108 3032 ut

560 3049 943 3131 dicebatur,
999 3050 1326 3121 mulieres
1364 3051 1605 3132 effecit,
1646 3063 1724 3122 ut
1769 3072 1940 3120 uxor
1989 3049 2180 3120 illius
2223 3072 2344 3140 pro
2395 3052 2641 3120 marito
2675 3051 3102 3141 supplicaret

560 3149 709 3210 suo.
769 3138 879 3208 Sic
928 3161 1114 3208 mors
1160 3139 1468 3209 Andreae
1506 3150 1722 3227 ,atque
1783 3139 2195 3227 martyrium
2262 3139 2463 3210 illum
2513 3139 2798 3296 quidem
2898 3140 3107 3222 alam,

562 3227 681 3297 sed
733 3226 987 3297 multos
1035 3245 1311 3316 quoque
1358 3228 1530 3297 alios
1579 3250 1620 3297 a
1660 3227 1967 3318 periculo
2016 3228 2352 3308 liberavit,
2410 3241 2666 3299 mutos
2715 3229 2785 3297 in
2889 3229 2974 3299 de
3007 3249 3118 3298 or-

564 3316 860 3386 thodoxa
908 3317 1365 3397 confirmavit,
1418 3338 1558 3396 eos,
1612 3313 1734 3403 qui
1782 3328 1938 3386 ante
1988 3316 2401 3406 martyrium
2450 3338 2659 3386 suum
2709 3318 2956 3405 quavis
3003 3340 3116 3388 ra-

563 3406 747 3474 tione
796 3405 1187 3475 Mahumeto
1236 3405 1749 3486 adhaeserunt,
1807 3404 2070 3495 pudore
2116 3405 2470 3484 confudit,
2526 3407 2815 3482 moestia
2862 3407 3111 3489 affecit,

563 3516 642 3563 ac
704 3494 895 3562 inani
944 3494 1245 3582 denique
1293 3494 1712 3586 poenitentia
1773 3505 1838 3563 et
1897 3493 2161 3563 vexavit
2206 3506 2272 3564 et
2321 3506 2542 3584 vexat.¹
2594 3495 2716 3565 His
2780 3495 3113 3567 omnibus

561 3605 686 3683 ego
734 3583 1650 3662 vehementer-commotus,
1720 3583 2046 3653 ardebam
2115 3582 2462 3653 desiderio
2509 3584 2792 3664 ‚videndi
2854 3607 3110 3676 corpus

562 3693 737 3761 ejus:
775 3671 894 3741 sed
933 3673 1108 3753 nive,
1162 3671 1414 3773 frigore
1461 3672 1822 3762 glacieque
1869 3672 2212 3752 detentUS,
2255 3672 2526 3762 hyemis
2553 3674 2906 3762 marisque
2944 3686 3117 3744 tem-

560 3772 841 3849 pestate,
889 3759 1033 3830 illic
1081 3761 1183 3830 fui
1231 3783 1340 3831 vix
1390 3782 1625 3830 mense
1676 3760 2073 3830 Februario:
2118 3782 2267 3829 eam
2323 3762 2495 3830 mihi
2545 3763 2769 3840 oranti
2819 3763 3116 3851 gratiam

562 3853 739 3918 Deus
789 3849 1278 3927 intercessione
1329 3849 1654 3940 martyris
1702 3849 2095 3920 concessit·e
2142 3848 2422 3935 vidique
2486 3851 2720 3940 ipsum
2765 3850 3112 3938 jacentem

557 3937 628 4006 in
679 3937 996 4027 sepulcro
1048 3939 1345 4008 nimium
1399 3937 1767 4029 profundO,
1806 3939 1945 4009 situ
1990 3937 2294 4017 horrid0,
2332 3949 2413 4007 ea
2453 3949 2680 4008 tamen
2726 3939 3117 4030 integritate

558 4028 1032 4097 membrorum
1069 4028 1412 4108 omnium,
1468 4048 1545 4097 eo
1595 4026 1805 4098 totius
1853 4027 2162 4115 corporis
2210 4024 2459 4105 colore,
2498 4039 2565 4096 et
2602 4027 2938 4116 dignitate
2984 4028 3119 4098 for-

556 4125 732 4197 mae,
788 4115 908 4186 tali
956 4116 1189 4186 vultus
1241 4115 1607 4205 splendore
1651 4127 1716 4184 et
1767 4114 2032 4195 habitu,
2072 4125 2318 4183 utnon
2369 4114 2682 4185 animum
2725 4136 2805 4184 ex
2860 4115 3099 4196 irasse,

562 4204 680 4274 sed
716 4203 1022 4274 dormire
1051 4204 1225 4276 mihi
1258 4204 1495 4274 leviter
1519 4203 1650 4274 sub
1682 4204 1935 4274 umbra
1966 4201 2336 4294 videretur,
2383 4224 2462 4271 ac
2502 4203 2622 4290 qui
2653 4204 2810 4294 jace
2863 4215 2930 4272 at
2964 4203 3121 4274 loco

561 4293 655 4362 ita
689 4293 1009 4382 humido,
1043 4307 1119 4363 ut
1150 4292 1476 4365 omnibus
1516 4294 1663 4383 jam
1716 4292 2167 4371 indumentis,
2224 4289 2483 4377 quibus
2530 4305 2674 4361 erat
2723 4293 3115 4362 involutum

559 4403 814 4472 corpus
844 4436 859 4463 ‚
913 4380 1314 4473 putrefactis
1344 4436 1367 4464 ,
1423 4381 1696 4453 nudum
1747 4393 1963 4451 totum
2013 4380 2576 4474 conspiceretur,
2628 4394 3113 4471 praeterquam
