3357 4995
711 337 837 401 5⁴8
1315 355 1392 399 nn:
1439 353 1812 400 Mum-Ara
1860 354 1915 399 s.
1968 352 2229 400 maurus
2280 352 2455 399 ssArr.
2811 311 3029 399 J'UNII
3077 334 3165 398 24

627 443 1000 526 Antequam
1030 437 1211 506 enim
1239 439 1448 507 exiret
1468 438 1552 505 de
1583 451 1834 517 ventre,
1856 437 2325 506 sanctificatus
2354 448 2490 506 est:
2528 457 2652 504 nec
2684 446 2945 524 poterat
2971 436 3167 505 nasci

626 550 762 597 non
807 539 1109 606 sanctuS,
1166 527 1288 612 qui
1335 527 1407 594 in
1457 528 1697 595 matris
1744 538 1938 595 utero
1986 537 2131 596 erat
2179 526 2672 595 sanctificatus.
2721 524 2886 592 Mira
2940 546 3068 603 res,
3102 536 3170 592 et

626 638 667 684 a
698 615 1246 685 retrotransactis
1299 614 1551 684 seculis
1608 614 1956 694 inaudita,
2016 614 2368 683 hominem
2419 625 2829 702 conceptum
2879 613 2951 681 in
3004 635 3164 702 pec-

626 705 821 786 catis,
862 704 1055 774 nasci
1087 704 1233 772 sine
1269 716 1564 803 peccato.
1600 710 1940 773 Joannem
1971 724 2128 772 vero
2161 703 2362 803 longe
2388 702 2749 793 gloriosior
2783 701 2999 769 virtus
3027 702 3168 769 im-

626 793 856 883 plevit,
909 792 1029 878 qui
1079 792 1549 861 sanctificatus
1596 806 1697 861 est
1746 815 1784 860 a
1834 805 2131 883 peccam,
2185 806 2250 861 et
2301 804 2393 860 ita
2445 791 2842 860 dominante
2906 790 3168 879 Spiritu

625 881 1058 971 superfusus,
1108 893 1185 950 ut
1208 894 1273 950 et
1298 903 1429 970 pur
1480 892 1633 950 atus
1659 895 1870 962 exeat,
1924 895 1990 950 et
2027 881 2347 970 repletus.
2396 885 2559 948 Vere
2587 901 2882 969 magnus
2930 901 3163 948 coram

626 971 937 1050 Domin0‚
992 991 1196 1056 quem
1248 977 1430 1060 Ange
1463 992 1543 1038 us
1578 971 1872 1050 nuntiat,
1929 969 2309 1039 sanctificat
2363 973 2559 1048 DeuS,
2616 980 2897 1037 sanctus
2945 966 3164 1056 replet

628 1059 945 1159 Spiritus,
982 1058 1113 1127 vita
1150 1058 1609 1127 commendat.
1649 1058 2090 1128 Ineffabiliori
2131 1071 2357 1126 autem
2415 1056 2614 1125 modo
2646 1056 3044 1145 supervenit
3093 1057 3164 1124 in

626 1148 1001 1237 Virginem,
1055 1169 1263 1232 quam
1293 1159 1429 1215 tota
1467 1147 1846 1216 divinitatis
1887 1147 2243 1236 plenitudo
2292 1147 2440 1217 sine
2491 1167 2852 1215 mensurae
2902 1143 3165 1213 discre-

630 1237 812 1305 tione
862 1235 1185 1324 perfudit‚
1240 1249 1316 1304 ut
1355 1248 1561 1304 totam
1596 1249 1890 1324 caperet,
1947 1236 2066 1323 qui
2100 1235 2255 1304 fecit
2285 1248 2537 1304 toturn:
2582 1247 2657 1303 ut
2688 1255 2821 1302 non
2865 1233 3086 1302 solum
3126 1256 3164 1301 a

626 1325 923 1414 peccatis
956 1324 1215 1402 abluta,
1264 1324 1517 1423 repleta
1551 1325 1831 1412 Spiritu,
1896 1325 2011 1392 sed
2068 1338 2131 1392 et
2178 1323 2261 1392 de
2312 1323 2568 1412 Spiritu
2620 1328 2864 1390 Sancto
2913 1343 3162 1390 conce-

627 1415 808 1503 pisse
842 1412 1196 1481 credatur:
1236 1435 1395 1498 quia
1493 1415 1621 1480 nod
1668 1416 2092 1482 incar-natum
2148 1424 2264 1491 est,
2314 1414 2393 1480 de
2444 1414 2491 1480 S
2541 1414 2704 1478 z‘re'tu
2760 1415 3002 1480 Sancto
3037 1421 3157 1478 est.

629 1502 800 1569 Inde
847 1513 969 1580 est,
1007 1501 1185 1586 quod
1241 1502 1448 1591 singu
1478 1502 1579 1569 ari
1631 1503 2101 1591 praerogativa
2149 1501 2317 1569 fides
2371 1513 2479 1569 cat
2534 1499 2707 1569 olica
2759 1499 3009 1567 Filium
3051 1500 3164 1566 Dei

626 1602 864 1659 natum
901 1589 984 1657 de
1034 1589 1329 1678 Virgine,
1369 1603 1776 1679 conceptum
1809 1591 1892 1658 de
1943 1590 2201 1679 Spiritu
2230 1590 2615 1668 confitetur,
2673 1599 2748 1657 ut
2793 1588 3070 1656 Deitatis
3096 1601 3164 1655 et

626 1677 1077 1748 humanitatis
1128 1677 1569 1747 indivisibilis
1628 1679 1928 1748 adunata
1986 1679 2341 1757 connexio,
2398 1676 2890 1746 vocabulorum
2957 1676 3166 1743 indif-

630 1767 913 1835 ferentia
963 1767 1381 1856 designetur.
1438 1768 1636 1836 Vides
1684 1790 1869 1857 ergO,
1936 1789 2146 1853 quam
2198 1767 2542 1836 remotiori
2599 1765 2956 1855 privilegio
3015 1788 3165 1855 spe·

628 1858 839 1923 ct'osus
871 1859 1091 1943 foi-md
1119 1879 1284 1944 prae
1308 1859 1471 1945 filiis
1507 1858 1847 1925 hominum.
1881 1857 2016 1944 (Ps.
2063 1855 2200 1944 44),
2237 1879 2278 1924 a
2316 1855 2479 1924 filiis
2510 1854 2872 1923 hominum
2905 1854 2974 1921 in
3004 1876 3168 1922 con-

629 1943 949 2033 cipiendo
1004 1944 1343 2014 discretus
1394 1946 1527 2014 sit‘?
1573 1945 1682 2013 Illi
1751 1946 2003 2014 etenim
2064 1945 2148 2013 de
2213 1944 2540 2033 peccatis,
2605 1955 2669 2010 et
2730 1943 2798 2010 in
2865 1942 3166 2031 peccatis

631 2033 942 2121 concepti
1002 2045 1200 2100 sunt:
1258 2032 1368 2101 hic
1418 2035 1487 2100 in
1551 2035 1830 2122 Spiritu,
1895 2046 1956 2101 et
2005 2033 2088 2102 de
2138 2033 2395 2122 Spiritu
2446 2037 2689 2099 Sancto
2744 2032 3158 2120 concipitur.

630 2127 809 2189 Haec
859 2142 1023 2190 sane
1071 2121 1248 2189 dicta
1293 2123 1430 2190 sint
1460 2122 1542 2190 de
1575 2145 1782 2191 conce
1811 2124 2017 2191 ‚tione
2054 2122 2365 2200 ‚IoanniS,
2408 2119 2576 2188 nihil
2617 2119 3161 2208 praejudicantia

632 2210 870 2278 sanius
905 2210 1221 2297 sapienti.
1286 2212 1412 2279 Sed
1460 2212 1582 2279 etsi
1635 2213 1702 2278 in
1755 2235 1795 2278 a
1828 2213 1985 2298 iquo
2041 2224 2436 2280 sanctorum
2485 2209 3011 2277 auctoritatibus
3061 2209 3160 2274 vi-

631 2298 882 2367 dentur
934 2298 1230 2378 obviare,
1286 2299 1605 2369 volumus
1653 2312 1728 2368 ut
1777 2301 1922 2368 sine
1969 2301 2160 2368 omni
2207 2299 2724 2368 excusationum
2779 2297 2877 2365 vel
2929 2297 3161 2364 defen·

631 2388 904 2455 sionum
960 2387 1337 2475 patrocinio
1386 2388 1834 2457 subruantur.

714 2478 749 2561 ἓ
797 2483 881 2548 5.
938 2476 1201 2546 Tertius
1262 2477 1480 2546 honor
1526 2491 1648 2557 est,
1703 2477 2097 2546 excellentia
2150 2477 2215 2544 in
2268 2475 2682 2544 exultatione
2723 2475 2777 2542 *.
2832 2480 2874 2542 Α
2928 2473 3157 2543 seculo

629 2587 763 2633 non
816 2577 915 2632 est
954 2566 1294 2645 auditum,
1348 2566 1530 2652 quod
1581 2567 1980 2635 exultaverit
2027 2566 2183 2652 quis
2222 2566 2290 2632 in
2335 2579 2525 2633 utero
2557 2564 2820 2643 matris,
2856 2586 3012 2631 cum
3046 2563 3160 2631 hic

627 2654 700 2721 in
735 2653 986 2743 gaudio
1019 2654 1357 2724 exultasse
1394 2654 1680 2744 legatur.
1715 2661 2000 2725 Prorsus
2031 2655 2462 2742 obstupenda
2494 2653 2827 2741 dignatio,
2867 2673 3154 2740 puerum

627 2742 736 2810 vix
786 2756 1219 2831 conceptum,
1269 2744 1335 2809 in
1381 2756 1640 2811 motum
1677 2743 2113 2812 exultationis
2161 2764 2545 2830 erumpere.
2593 2742 2792 2828 eique
2819 2752 3162 2830 gratanter

626 2853 984 2899 occurrere
1016 2831 1289 2900 servitio
1337 2831 1654 2910 dulciori,
1696 2854 1898 2918 quem
1937 2830 2264 2921 virginali
2314 2831 2738 2900 substantiae
2789 2828 3165 2918 praesensit

628 2919 963 2987 infusum.
1020 2925 1213 2987 Beata
1266 2920 1497 2989 anima
1547 2942 1723 3005 quae
1758 2921 1826 2987 in
1863 2922 1968 2988 via
2021 2932 2452 3009 peccatorum
2489 2941 2622 2987 non
2660 2919 2862 2997 stetit,
2903 2917 3013 2987 sed
3051 2938 3161 2985 se-

626 3008 895 3076 cretiori
945 3008 1187 3077 semita
1213 3008 1296 3075 de
1322 3009 1734 3077 coelestibus
1765 3009 2062 3078 officinis
2115 3007 2496 3097 egrediens,
2537 3007 2886 3075 inauditae
2926 3019 3166 3095 gratu-

514 3172 527 3187 Δ
628 3096 906 3164 lationis
958 3109 1057 3165 est
1105 3097 1340 3165 sortita
1388 3097 1850 3165 dulcedinem.
1909 3097 2085 3165 Felix
2138 3097 2502 3176 Elizabeth‚
2563 3096 2645 3163 ad
2697 3118 2904 3181 quam
2957 3100 3169 3161 Mater

627 3198 947 3272 properat
998 3186 1494 3273 Redemptoris‚
1533 3208 1738 3271 quam
1787 3185 2204 3254 salutatoriis
2242 3184 2591 3270 obsequiis
2640 3184 2986 3252 coelorum
3028 3188 3169 3249 lm-

628 3273 928 3360 peratrix
968 3273 1364 3359 alloquitur.
1419 3274 1544 3341 Sed
1600 3296 1770 3363 puer
1809 3275 2025 3342 multo
2074 3273 2356 3353 felicior,
2397 3275 2514 3358 qui
2551 3272 2914 3342 salutantis
2951 3274 3167 3356 maie-

629 3374 871 3429 statem
939 3384 1351 3451 agnoscens‚
1409 3363 1587 3430 intra
1661 3363 1999 3431 viscerum
2055 3362 2410 3432 tenebrosa
2477 3361 2828 3429 volumina
2903 3360 3164 3450 gaudio

627 3451 911 3538 gaudet:
952 3452 1114 3537 quia
1164 3452 1299 3519 vim
1345 3464 1477 3518 tam
1510 3452 1746 3520 beatae
1795 3451 2227 3521 salutationis
2258 3450 2563 3519 attendit.
2603 3455 2678 3517 Et
2725 3450 2984 3518 factum
3035 3463 3163 3528 est,

629 3538 894 3623 inquit,
950 3552 1024 3607 ut
1073 3540 1335 3608 audivit
1406 3539 1886 3609 salutationem
1959 3540 2206 3608 Mariae
2262 3539 2598 3608 Elizabetb
2633 3594 2647 3617 ,
2702 3538 3025 3607 exultavit
3092 3539 3165 3604 in

675 3627 879 3695 audio
933 3627 1158 3695 infans
1211 3628 1274 3694 in
1328 3641 1520 3696 utero
1569 3629 1742 3714 ejus.
1800 3629 2114 3697 Ascendit
2166 3629 2278 3696 Vir
2328 3650 2366 3696 o
2412 3650 2568 3696 cum
2607 3628 3040 3698 festinatione
3091 3628 3164 3693 in

675 3736 912 3784 omum
963 3717 1321 3785 Zachariae
1362 3717 1447 3783 ad
1500 3717 1936 3785 salutandam
1990 3717 2284 3785 Elizabet
2343 3771 2356 3794 ‚
2416 3729 2692 3804 portans
2725 3717 2794 3784 in
2839 3729 3033 3784 utero
3083 3714 3171 3781 si-

630 3803 800 3871 lium
858 3806 992 3885 Dei,
1051 3811 1301 3894 Regem
1353 3805 1633 3894 gloriae,
1695 3806 2059 3874 Dominum
2127 3806 2522 3893 majestatis,
2587 3805 2897 3874 Occurrit
2954 3804 3174 3871 Eliza-

626 3891 810 3971 beth,
866 3906 929 3961 et
987 3895 1309 3978 antiquae
1346 3894 1722 3962 sterilitatis
1783 3916 2024 3962 carens
2072 3893 2485 3984 opprobriis,
2541 3894 2844 3961 amicum
2899 3894 3169 3981 sponsi.

628 4002 1040 4069 praeconem
1112 3982 1305 4049 Verbi
1370 3981 1769 4051 felicissimo
1837 3996 2067 4051 ventre
2137 3982 2467 4070 deportat.
2538 3988 2947 4070 .lunguntur
3018 4003 3175 4049 am-

627 4068 892 4157 plexus,
948 4071 1217 4138 venitur
1264 4071 1348 4138 ad
1390 4071 1649 4152 oscula,
1684 4072 2101 4160 copulantur
2147 4071 2377 4140 felices
2426 4071 2623 4150 uteri,
2665 4076 3059 4169 Regemque
3107 4083 3177 4139 et

629 4157 915 4227 militem
968 4181 1102 4227 non
1142 4159 1275 4227 nisi
1310 4160 1448 4229 duo
1501 4160 1850 4229 tenerrimi
1885 4160 2175 4249 parietes
2215 4159 2625 4248 abjungunt.
2665 4158 2842 4240 Quid
2877 4160 3170 4240 mirum.

677 4357 703 4381 ³⁸
732 4358 798 4395 De
829 4356 1123 4395 VistTA'rtONE
1152 4358 1325 4396 Mariae
1355 4358 1405 4394 in
1434 4358 1568 4395 domo
1600 4356 1856 4395 Elisabeth„
1887 4357 2080 4395 Festum
2113 4356 2295 4394 Visitat.
2338 4357 2499 4395 Officio
2541 4356 2840 4395 recolendum
2876 4357 2923 4393 in
2960 4357 3182 4396 Ecclesia

624 4408 845 4449 universa
874 4408 1081 4448 instituit
1114 4411 1324 4449 Urbanus
1358 4411 1432 4452 VI.
1458 4411 1754 4458 promulgata
1785 4411 1892 4448 dein
1934 4409 2069 4448 Bulla
2089 4420 2114 4447 a
2135 4419 2403 4449 successore
2427 4411 2664 4449 Bonifacio
2681 4410 2740 4447 lx
2772 4411 2860 4448 sub
2890 4418 2973 4449 xiv
2994 4410 3183 4450 saeculi

624 4464 776 4503 finem.
800 4464 866 4502 Ad
893 4461 1036 4503 ritum
1061 4466 1084 4505 2
1113 4464 1251 4503 class.
1277 4465 1490 4503 evectum
1518 4465 1591 4501 est
1614 4464 1815 4502 Decreto
1842 4463 1951 4502 anni
1979 4472 2173 4502 noceor.
