3357 4995
180 326 397 393 JUNII
448 326 489 392 9
910 341 990 389 nn
1037 341 1094 389 s,
1149 340 1414 390 rmum
1463 309 1630 391 vinc.
1684 342 1759 391 Er
1807 344 1997 391 mar.
2512 329 2641 395 225

177 428 596 500 contulisse?
627 426 826 498 Scitis
855 427 1309 526 enim-omnes
1333 448 1474 507 vos,
1498 428 2089 515 quemadmodum
2115 431 2508 520 postmulta
2530 454 2734 522 saepe

176 541 253 590 ac
301 517 526 588 multo
575 527 878 605 tempore
922 527 1239 605 cogitata,
1278 536 1440 585 cum
1470 518 1740 589 occasio
1767 517 1918 607 ipsa
1951 517 2049 587 rei
2081 527 2407 589 conatum
2442 543 2484 589 a
2530 521 2735 592 nobis

173 608 274 678 exi
331 608 405 687 it,
462 607 522 675 si
571 604 671 674 vel
723 603 1088 694 paululum
1140 603 1406 674 timoris
1448 617 1745 676 mentem
1782 619 2086 676 nostram
2128 607 2566 698 corripuerit,
2601 610 2737 679 for-

176 696 270 765 mi
329 697 444 765 ine
479 704 754 785 repente
803 692 1126 784 perculsi,
1179 692 1469 763 consilia
1516 695 1751 764 omnia
1793 695 2243 765 effundimus.
2282 700 2358 766 At
2407 719 2564 767 vero
2615 698 2737 768 illa

174 795 527 855 momento
565 783 895 872 tem-poris
942 781 1314 852 consilium
1347 783 1439 852 ita
1471 781 1801 854 horribile
1838 806 1918 853 ac
1967 783 2493 866 formidolosum
2529 786 2730 868 inire,

178 874 549 944 decernere
595 883 659 942 et
706 871 931 961 reipsa
1004 870 1330 961 perficere
1380 872 1622 962 potuit.
1676 877 1820 942 Non
1891 875 2359 963 praesentium
2419 874 2730 945 virorum

181 976 418 1042 terror,
474 983 612 1031 non
663 960 990 1050 temporis
1049 958 1385 1042 celeritas,
1445 982 1582 1031 non
1631 982 1758 1031 sua
1806 962 2031 1051 ipsius
2062 1017 2077 1042 ,
2131 963 2246 1032 cui
2298 974 2393 1032 tot
2440 964 2736 1033 insidiae

225 1063 460 1120 aratae
507 1050 800 1128 fuerant,
859 1048 1190 1126 solitudo,
1246 1070 1382 1119 non
1432 1050 1597 1137 quia
1643 1051 1825 1120 intra
1886 1050 2173 1120 domum
2225 1050 2372 1120 sola
2419 1073 2735 1143 compre-

181 1074 399 1211 llensa
448 1139 690 1219 fuerat,
731 1159 867 1207 non
918 1137 1093 1207 aliae
1140 1137 1441 1226 denique
1489 1160 1594 1208 res
1645 1139 2143 1210 beatam-illam
2196 1141 2296 1209 vir
2349 1141 2530 1210 inem
2575 1164 2731 1231 per-

181 1230 589 1299 turbarunt:
644 1227 759 1300 sed
812 1228 905 1296 ita
953 1248 1194 1296 securo
1243 1241 1308 1296 et
1342 1227 1686 1318 praesenti
1726 1228 1960 1298 animo
2000 1229 2236 1298 omnia
2311 1230 2597 1310 aciebat,
2651 1243 2731 1299 ut

183 1317 240 1385 si
287 1318 502 1387 amici
541 1329 606 1386 et
655 1316 791 1385 noti
845 1315 1060 1402 aliqui
1110 1316 1424 1388 homines
1476 1316 1616 1385 illic
1728 1330 1951 1387 raesto
1996 1332 2255 1387 essent:
2326 1317 2534 1406 idque
2576 1319 2737 1408 jure

183 1407 486 1496 optimo:
544 1427 677 1476 non
727 1405 912 1474 enim
947 1417 1091 1474 erat
1139 1406 1326 1476 intus
1358 1404 1526 1486 sola,
1581 1340 1722 1475 sed)
1751 1406 2233 1476 consiliarium
2292 1407 2590 1478 habebat
2626 1413 2736 1476 Je-

184 1517 339 1564 sum
390 1497 648 1585 ipsum.
705 1493 827 1562 Ille
875 1493 1144 1590 virgini,
1178 1505 1445 1584 praesto
1492 1506 1659 1574 erat,
1715 1494 1831 1564 ille
1883 1495 2105 1585 ipsius
2158 1506 2452 1564 mentem
2504 1506 2570 1565 et
2617 1518 2737 1566 cor

185 1584 546 1663 excitabat,
602 1582 716 1652 ille
764 1583 1081 1653 animum
1130 1581 1630 1652 confirmabat:
1670 1583 1885 1664 soluS,
1938 1585 2250 1671 inquam,
2306 1584 2422 1653 ille
2475 1596 2735 1655 metum

187 1694 463 1743 omnem
513 1672 848 1763 ejiciebat.
886 1675 1067 1740 Haec
1115 1682 1344 1740 autem
1381 1693 1517 1741 non
1568 1671 1975 1764 simpliciter
2019 1678 2222 1744 Jesus
2264 1672 2577 1750 faciebat,
2617 1674 2738 1743 sed

185 1762 513 1847 quoniam
570 1772 829 1849 martyr
876 1760 1029 1859 ipsa
1078 1758 1266 1828 illius
1314 1760 1569 1830 auxilio
1599 1782 1669 1830 se
1711 1761 1997 1852 dignam
2048 1772 2246 1831 antea
2297 1763 2729 1852 praebuerat.

273 1858 312 1930 ἓ
360 1853 451 1921 ὅ.
507 1848 786 1919 Edomo
833 1849 1045 1939 igttur
1090 1870 1411 1939 egressa‚·
1445 1850 1637 1938 petiit
1684 1873 1745 1919 a·
1774 1849 2149 1930 militibus,
2207 1863 2282 1920 ut
2330 1850 2463 1920 sibi
2506 1851 2739 1936 liceret

188 1939 412 2009 redire
461 1939 663 2018 intr0,
703 1951 768 2008 et
795 1949 1046 2006 vestem
1106 1949 1394 2008 mutare.
1443 1942 1763 2028 Ingressa
1802 1960 1957 2008 vero
2009 1939 2209 2018 intr0,
2270 1951 2524 2009 vestem
2577 1963 2734 2010 mu-

191 2030 377 2108 tavit,
420 2028 892 2127 incorruptam
945 2048 1069 2115 pro
1117 2040 1462 2117 corrupta,
1511 2039 1575 2097 et
1625 2050 1748 2117 pro
1796 2027 2023 2117 fragili
2072 2040 2137 2097 et
2183 2028 2470 2106 caduca,
2518 2030 2733 2098 stabi-

187 2114 321 2184 lem
374 2139 454 2186 ac
503 2128 1019 2205 sempiternam.
1075 2119 1211 2205 Ego
1261 2136 1439 2194 ver0,
1493 2128 1758 2205 praeter
1814 2139 1892 2185 ea
1940 2138 2117 2203 quae
2176 2117 2357 2187 dicta
2407 2130 2610 2197 sunt,
2669 2131 2735 2187 et

187 2203 365 2274 illud
417 2206 653 2284 miror,
717 2202 1062 2291 quomodo
1124 2203 1377 2273 milites
1424 2203 1528 2274 illi
1575 2206 1902 2295 gratiam,
1958 2227 2167 2292 quam
2219 2206 2491 2295 Pelagia
2540 2208 2732 2296 virgo

188 2294 495 2382 petierat,
541 2304 1063 2363 concesserunt:
1103 2293 1448 2379 quomodo
1497 2294 1749 2364 mulier
1798 2294 1976 2363 viros
2026 2294 2328 2384 decepit:
2388 2295 2734 2381 quomodo

189 2382 364 2451 nihil
398 2404 663 2462 eorum,
716 2403 894 2469 quae
939 2380 1168 2451 futura
1217 2394 1434 2462 erant,
1474 2381 1577 2451 illi
1618 2383 1952 2472 suspicati
1987 2397 2169 2453 sunt:
2210 2383 2555 2470 quomodo
2584 2386 2736 2473 eJus

191 2470 426 2542 dolum
483 2493 616 2541 non
658 2469 1315 2540 animadverterunt.
1349 2476 1575 2559 Neque
1623 2471 1808 2541 enim
1859 2483 1982 2554 est,
2013 2471 2196 2559 quod
2233 2471 2487 2560 aliquis
2525 2472 2731 2551 dicat,

192 2561 541 2630 neminem
585 2581 898 2648 unquam
951 2559 1080 2628 tale
1154 2560 1514 2650 quippiam
1586 2560 1849 2631 fecisse.
1906 2561 2151 2630 Multae
2217 2562 2402 2629 enim
2453 2560 2739 2630 fortasse

191 2671 260 2718 se
297 2650 867 2740 praecipitarunt,
902 2660 969 2716 et
1015 2650 1084 2716 in
1139 2668 1328 2718 mane
1375 2649 1472 2719 sei
1527 2672 1639 2721 sas
1675 2650 2081 2738 injecerunt,
2121 2663 2496 2740 pectusque
2529 2673 2738 2720 suum

192 2737 422 2837 gladio
474 2740 910 2829 traJecerunt,
965 2749 1030 2806 et
1078 2737 1343 2824 laqueis
1389 2737 1565 2807 cola
1614 2738 2088 2808 inseruerunt:
2129 2760 2289 2807 nam
2343 2738 2560 2807 multa
2609 2739 2753 2837 ἰω-ί

184 2827 498 2915 jusmodi
533 2827 961 2917 temporibus
1008 2826 1149 2895 illis
1196 2826 1612 2896 acciderant.
1655 2826 1780 2895 Sed
1836 2832 2011 2895 Deus
2060 2828 2209 2917 ipse
2257 2826 2559 2896 militum
2592 2826 2741 2896 illo-

188 2937 347 2985 rum
378 2915 590 2985 corda
636 2915 1042 2994 excaecavit,
1086 2928 1161 2985 ut
1220 2917 1322 2985 vir
1373 2916 1507 2985 inis
1577 2915 1888 3006 Pelagiae
1936 2915 2174 2985 dolum
2230 2937 2363 2984 non
2424 2916 2741 2985 animad-

191 3016 551 3074 verterent.
619 3004 1076 3087 Quamobrem
1132 3026 1169 3075 e
1211 3028 1320 3075 me
1373 3005 1460 3076 iis
1510 3005 1772 3074 retibus
1820 3006 2009 3093 virgo
2058 3004 2396 3084 avolavit,
2452 3018 2518 3073 et
2566 3005 2743 3074 sicut

191 3114 410 3173 cerva,
467 3114 627 3163 cum
676 3094 901 3162 evadit
949 3106 1351 3165 venatorum
1396 3115 1668 3174 manuS,
1726 3095 1795 3163 in
1844 3115 2019 3181 quas
2069 3093 2427 3173 inciderat,
2482 3093 2566 3163 ad
2615 3094 2743 3162 ali-

190 3181 394 3271 cujus
456 3182 710 3251 montis
772 3182 1092 3251 verticem
1145 3195 1546 3253 venatorum
1599 3182 1894 3272 pedibus
1955 3195 2020 3251 et
2083 3182 2370 3252 telorum
2435 3182 2743 3271 jactibus

192 3270 631 3341 inaccessum
669 3272 897 3341 statim
947 3270 1278 3361 confugit,
1333 3294 1412 3341 ac
1446 3271 1696 3340 deinde
1729 3294 1768 3341 a
1798 3294 2011 3341 cursu
2045 3272 2334 3350 desistit,
2373 3293 2409 3340 e
2452 3272 2597 3341 loco
2626 3271 2743 3339 illo

193 3360 339 3428 sine
389 3360 636 3429 timore
681 3359 916 3448 aliquo
946 3380 1061 3428 eos
1107 3358 1522 3450 despicienS,
1563 3384 1603 3429 a
1649 3361 1907 3448 quibus
1958 3373 2156 3429 antea
2199 3360 2490 3430 insidiae
2538 3382 2742 3450 para-

193 3447 489 3518 bantur:
551 3448 655 3516 'ita
702 3460 768 3517 et
817 3449 1004 3538 virgo
1054 3446 1174 3517 illa
1220 3472 1381 3518 cum
1439 3450 1506 3518 in
1558 3450 1747 3539 ipsas
1812 3461 2211 3519 venatorum
2265 3470 2513 3519 manus
2577 3449 2744 3524 inci-

191 3535 425 3616 disset,
483 3548 549 3606 et
597 3538 974 3626 parietibus
1039 3537 1249 3627 ipsiS,
1307 3538 1493 3607 velut
1564 3538 1986 3625 quibusdam
2039 3538 2327 3607 -retibus
2365 3594 2380 3617 ,
2433 3559 2744 3627 compre-

191 3624 408 3696 hensa
456 3637 655 3706 esset,
709 3626 1017 3696 cucurrit
1044 3646 1179 3695 non
1217 3627 1287 3694 in
1338 3627 1593 3696 montis
1627 3628 1972 3705 verticem,
2028 3627 2143 3696 sed
2196 3627 2262 3694 in
2311 3627 2539 3726 ipsum
2572 3625 2743 3695 coeli

193 3712 573 3814 fastigium,
628 3736 763 3801 quo
813 3714 1006 3784 nulla
1055 3726 1198 3784 erat
1248 3716 1418 3804 ipsis
1458 3714 1829 3784 accedendi
1869 3715 2196 3785 facultas:
2252 3714 2503 3783 deinde
2552 3713 2744 3781 illinc

195 3824 432 3874 vacuis
463 3803 791 3874 manibus
839 3825 955 3893 eos
1004 3814 1413 3873 revertentes
1493 3804 1838 3894 aspiciens
1874 3859 1889 3884 ,
1944 3803 2318 3894 gaudebat,
2380 3826 2541 3873 cum
2592 3803 2747 3871 infi-

194 3890 380 3962 deles
411 3892 729 3962 homines
763 3893 1172 3983 redargutos
1218 3905 1284 3961 et
1324 3891 1541 3962 multo
1581 3894 1832 3963 rubore
1880 3913 2197 3982 aspersos
2249 3892 2524 3961 videret.

279 3982 317 4067 ξ
366 3986 461 4052 θ.
518 3982 749 4072 Cogita
793 3981 1000 4081 quale
1046 3980 1220 4051 illud
1273 3981 1422 4061 fuit,
1478 3981 1757 4051 sedente
1799 3981 2077 4069 judice,
2150 3981 2534 4050 astantibus
2594 4003 2746 4049 car-

199 4069 549 4150 nificibus,
612 4081 870 4170 paraus
919 4070 1300 4151 tormentis,
1360 4070 1685 4140 universa
1731 4069 2179 4139 multitudine
2226 4069 2532 4149 collecta,
2587 4091 2745 4139 cum

197 4157 451 4230 milites
491 4159 629 4248 ipsi
675 4169 1234 4250 expectarentur,
1288 4160 1410 4246 qui
1459 4158 1802 4248 Pelagiam
1855 4159 2316 4240 adducerent,
2371 4180 2748 4244 omnesque

195 4266 358 4333 prae
408 4247 755 4338 voluptate
824 4249 1175 4338 gestirent,
1237 4260 1302 4318 et
1350 4259 1700 4334 tamquam
1750 4247 1925 4316 ebrii
1973 4260 2223 4327 essent,
2286 4246 2611 4337 praedam
2674 4247 2742 4315 in

203 4336 529 4407 manibus
570 4358 642 4406 se
673 4336 925 4407 habere
973 4348 1350 4427 speranteS,
1399 4348 1562 4406 tunc
1609 4336 1766 4406 illos
1797 4336 2008 4427 ipsos,
2047 4338 2167 4424 qui
2216 4338 2367 4425 ejus
2407 4336 2504 4404 rei
2538 4337 2748 4405 causa

205 4424 395 4494 missi
423 4424 716 4505 fuerant,
747 4426 942 4496 vultu
970 4426 1038 4494 in
1067 4439 1314 4511 terram
1349 4425 1647 4496 demisso
1677 4425 2039 4496 redeuntes
2071 4426 2320 4511 videre,
2356 4424 2749 4509 factumque

356 4535 599 4595 Sur-ius
614 4565 639 4581 -
665 4533 828 4597 Vitae
851 4535 960 4597 SS.
983 4565 1007 4580 ·
1026 4534 1151 4596 Vol.
1195 4530 1293 4596 VI.
2514 4532 2589 4591 15
