3357 4995
186 341 381 408 JL'NII
426 344 463 406 5
835 359 912 405 1111
961 359 1016 406 s.
1073 357 1409 407 3011113610
1457 359 1658 408 Emsc.
1717 360 1792 407 111·
1840 360 2031 407 MART.
2513 345 2639 409 429

187 445 408 517 subditi,
437 451 500 506 et
527 443 756 506 subditi
784 443 1068 521 discipuli
1112 444 1364 518 fuimuS,
1388 446 1474 506 sic
1499 454 1562 506 et
1603 452 1838 508 vestrae
1882 447 2124 524 pietatis
2150 448 2312 508 servi
2346 447 2727 520 obedientes,

190 525 389 586 subditi
431 523 542 585 sub
580 525 725 600 jure
765 525 1059 586 canonico
1100 523 1236 585 fieri
1282 540 1659 599 mereamur,
1705 534 1981 605 optantes
2021 522 2393 588 Catholicam
2438 527 2621 590 fidem
2666 535 2729 590 et

197 605 462 667 unitatem
496 603 800 666 Romanae
841 602 1142 666 Ecclesiae
1190 619 1506 667 servare...
1553 604 1807 667 Necesse
1837 620 2081 683 quoque
2112 604 2406 667 babemus
2456 607 2729 670 indicare

193 682 515 746 Paternitati
550 691 814 756 vestrae,
846 685 987 761 quia
1032 698 1140 761 per
1168 682 1275 744 Dei
1310 687 1569 760 gratiam
1598 682 1967 750 Germaniae
1995 682 2238 763 populis
2275 685 2731 764 aliquantulum

189 763 445 841 perculsis
478 762 571 825 vel
603 763 917 835 correctis,
952 771 1073 825 tres
1114 762 1535 826 ordinavimus
1566 763 1915 842 Episcopos,
1959 771 2022 827 et
2063 765 2440 841 provinciam
2493 767 2578 826 in·
2607 774 2731 829 tres

187 844 469 919 parochias
512 844 931 914 discrevimus,
971 851 1032 904 et
1075 841 1171 905 illa
1218 844 1331 905 tria
1359 842 1576 922 oppida
1607 845 1739 905 sive
1782 844 1984 914 urbe5‚
2015 843 2081 904 in
2111 843 2336 922 quibus
2363 852 2424 906 et
2464 845 2729 908 ordinati

187 932 335 993 sunt,
375 923 614 1001 scriptis
656 924 1034 985 auctoritatis
1076 929 1315 984 vestrae
1348 922 1699 985 confirmari
1745 930 1808 985 et
1835 922 2098 985 stabiliri
2144 933 2455 1000 precantes
2497 924 2730 987 deside-

182 1019 386 1064 ramus.
418 1002 614 1065 Unam
646 1011 775 1064 e'sse
804 1003 1008 1064 sedem
1039 1001 1429 1079 Episcopatus
1456 1002 1845 1065 decrevimus
1889 1003 1952 1064 in
1996 1002 2239 1065 castello
2301 1003 2463 1082 quod
2507 1004 2730 1067 dicitur

183 1082 549 1161 wirtzburg:
594 1089 658 1144 et
685 1082 940 1144 alteram
986 1083 1048 1143 111
1093 1082 1313 1161 oppido
1353 1082 1516 1172 quod
1563 1083 1916 1146 nominatur
1962 1081 2305 1159 Buriburg:
2359 1083 2601 1146 tertiam
2661 1085 2724 1146 111

175 1159 292 1224 loco
330 1165 434 1239 qui
478 1162 706 1224 dicitur
734 1161 1119 1239 Erphesfurt,
1150 1161 1269 1239 qui
1301 1161 1419 1223 t'uit
1445 1161 1594 1223 olim
1625 1163 1770 1224 urbs
1812 1175 2207 1241 paganorum.
2256 1162 2413 1225 Haec
2442 1164 2553 1226 tria
2599 1164 2727 1227 loca

176 1244 399 1321 propria
456 1241 820 1304 auctoritate
864 1241 1247 1318 Apostolatus
1290 1240 1479 1302 vestri
1533 1240 1807 1303 roborari
1866 1250 1930 1304 et
1976 1241 2331 1304 confirmari
2397 1241 2757 1322 diligenter·

174 1322 552 1397 postulamus,
599 1328 666 1382 ut
694 1322 742 1381 si
790 1320 1089 1382 Dominus
1117 1319 1402 1393 voluerit,
1440 1336 1544 1398 per
1572 1323 2004 1384 auctoritatem
2047 1329 2109 1384 et
2152 1330 2538 1400 praeceptum
2585 1339 2725 1386 san·

176 1401 246 1460 cti
275 1402 427 1464 Petri
457 1400 836 1480 jussionibus
865 1399 1226 1477 Apostolicis
1255 1400 1543 1465 fundatae
1570 1409 1631 1463 et
1658 1400 1960 1464 stabilitae
1988 1401 2112 1462 sint
2143 1408 2264 1463 tres
2294 1402 2356 1463 in
2393 1401 2725 1467 Germania

177 1481 521 1558 episcopales
551 1479 737 1542 Sedes
744 1527 864 1542 .....
910 1478 1141 1542 Νο111111
1177 1479 1460 1542 similiter
1507 1481 1587 1542 sit
1643 1480 1709 1541 P.
1765 1480 1829 1543 V.
1876 1480 2039 1562 quod
2077 1479 2560 1543 carolomannus
2589 1482 2727 1545 Dux

176 1557 536 1624 Francorum
565 1575 669 1622 me
697 1562 1058 1622 accersitum
1085 1559 1157 1622 ad
1188 1576 1252 1622 se
1281 1563 1542 1638 rogavit,
1563 1567 1629 1621 111
1660 1562 1722 1622 111
1748 1568 1915 1638 parte
1937 1562 2113 1638 regni
2145 1559 2544 1635 Francorum,
2570 1579 2726 1640 quae

177 1639 231 1699 in
268 1657 368 1702 sua
396 1647 492 1702 est
520 1645 837 1718 potestate,
871 1631 1089 1702 faciam
1134 1638 1454 1718 Synodum
1501 1641 1915 1719 congregari,
1961 1649 2023 1702 et
2066 1641 2344 1719 promisit
2383 1657 2447 1703 se
2489 1641 2564 1703 de
2609 1641 2725 1703 Ec·

174 1718 484 1782 clesiastica
529 1718 857 1798 religione,
898 1734 1052 1795 quae
1089 1719 1214 1796 jam
1257 1717 1444 1796 longo
1504 1729 1804 1799 tempore,
1854 1721 1914 1782 id
1958 1726 2070 1792 est,
2121 1735 2248 1781 non
2289 1720 2497 1782 minus
2538 1737 2727 1799 quam

173 1812 270 1874 per
295 1802 609 1876 sexaginta
642 1798 740 1860 vel
783 1799 1165 1875 septuaginta
1210 1813 1408 1860 annos
1436 1798 1656 1862 calcata
1687 1807 1748 1862 et
1788 1799 2066 1877 dissipata
2113 1799 2248 1873 tuit,
2278 1799 2508 1877 aliquid
2537 1801 2728 1862 corri-

179 1892 309 1953 gere
335 1889 397 1941 et
438 1878 774 1941 emendare
818 1878 995 1940 velle.
1028 1876 1402 1956 Quapropter
1448 1880 1496 1940 si
1550 1879 1664 1939 boc
1712 1879 1830 1941 Deo
1873 1880 2235 1956 inspirante,
2270 1880 2571 1941 veraciter
2615 1882 2728 1942 im·

173 1955 323 2094 plere
367 1959 657 2031 voluerit,
689 1957 1017 2019 consilium
1049 1963 1113 2019 et
1138 1972 1353 2034 praece
1400 1964 1532 2019 tum
1563 1969 1796 2021 vestrae
1827 1959 2205 2021 auctoritatis
2247 1957 2469 2020 habere
2509 1958 2723 2025 debeo.

219 2040 376 2101 rauci
420 2040 621 2110 enim,
650 2044 718 2098 111
758 2038 1026 2099 seniores
1054 2036 1291 2108 dicunt,
1321 2052 1359 2115 p
1387 2053 1641 2116 usquam
1675 2054 1783 2117 per
1817 2045 2052 2115 tempus
2085 2038 2390 2115 octoginta
2419 2054 2726 2102 annorum

175 2113 477 2194 Synodum
525 2134 649 2179 non
701 2118 1021 2189 fecerunt,
1067 2132 1179 2178 nec
1223 2115 1768 2197 Archiepiscopum
1817 2118 2208 2192 babuerunt,
2268 2132 2381 2179 nec
2427 2116 2729 2182 Ecclesiae

174 2200 443 2260 canonica
466 2198 609 2275 jura
639 2195 862 2258 alicubi
890 2195 1115 2259 dabant
1143 2195 1239 2258 vel
1282 2196 1681 2260 renovabant.
1714 2196 1885 2259 Modo
1913 2203 2124 2259 autem
2149 2197 2417 2259 maxima
2448 2213 2516 2258 ex
2553 2205 2727 2276 parte

168 2275 433 2339 civitates
475 2285 540 2339 et
567 2275 947 2354 Episcopales
974 2275 1145 2337 sedes
1192 2275 1445 2339 traditae
1484 2283 1633 2338 suut
1684 2276 1851 2338 laicis
1892 2277 2127 2353 cupidis
2172 2277 2246 2338 ad
2289 2276 2725 2353 possidendum

174 2354 260 2416 vel
290 2357 528 2419 clericis
556 2354 988 2417 scortatoribus
1014 2361 1074 2417 et
1104 2354 1442 2433 publicanis
1470 2354 1821 2418 seculariter
1848 2355 1922 2418 ad
1963 2355 2425 2433 perfruendum.
2479 2356 2631 2418 Nam
2672 2360 2724 2420 si

174 2448 271 2510 per
299 2436 553 2499 verbum
586 2443 864 2497 vestrum
896 2434 1009 2494 hoc
1040 2435 1383 2512 negotium,
1427 2433 1591 2497 Duce
1622 2442 1875 2512 rogante
1918 2435 2286 2514 supradict0,
2334 2451 2619 2499 amovere
2660 2445 2724 2500 et

170 2517 466 2594 corrigere
510 2516 724 2589 debeo,
769 2522 1160 2593 praeceptum
1192 2520 1252 2577 et
1275 2514 1577 2593 judicium
1622 2515 1999 2593 Apostolicae
2026 2514 2199 2576 Sedis
2228 2530 2368 2576 cum
2414 2517 2725 2579 canonicis

170 2595 573 2659 ecclesiasticis
602 2603 835 2672 praesto
865 2594 1088 2656 habere
1130 2595 1330 2672 cupio.
1382 2593 1444 2654 Si
1496 2596 1790 2656 invenero
1842 2596 2005 2656 inter
2054 2593 2191 2656 illos
2236 2594 2522 2656 Diacones
2570 2610 2724 2674 quos

174 2674 506 2751 nominant,
536 2676 645 2753 qui
674 2691 706 2736 a
739 2674 1002 2753 pueritia
1023 2689 1129 2735 sua
1161 2673 1223 2735 in
1256 2673 1539 2736 omnibus
1579 2690 1823 2754 semper
1847 2674 2158 2752 spurcitiis
2186 2674 2373 2735 vitam
2407 2673 2720 2750 ducenteS,

172 2753 270 2813 sub
312 2755 412 2817 tali
445 2754 803 2816 testimonio
834 2758 1141 2815 venerunt
1182 2753 1256 2815 ad
1287 2753 1713 2826 Diaconatum,
1740 2760 1804 2816 et
1830 2754 2012 2816 modo
2042 2754 2107 2815 in
2140 2752 2473 2815 Diaconatu
2500 2769 2725 2816 concu-

174 2829 327 2895 binas
354 2839 625 2913 quatuor
668 2832 765 2895 vel
794 2833 1077 2912 quinque
1106 2832 1206 2893 vel
1241 2832 1446 2912 plures
1477 2833 1795 2908 babentes,
1823 2832 2233 2911 Evangelium
2279 2838 2482 2895 tamen
2512 2834 2722 2909 legere

177 2919 228 2971 et
265 2912 565 2976 Diaconos
605 2929 670 2974 se
702 2908 1023 2975 nominare
1053 2928 1169 2974 nec
1208 2912 1606 2984 erubescunt,
1662 2928 1778 2975 nec
1807 2919 2127 2975 metuunt:
2178 2919 2242 2975 et
2283 2913 2370 2973 sic
2402 2914 2467 2973 111
2501 2911 2724 2975 talibus

175 2988 400 3055 incestis
425 2994 503 3056 ad
535 2992 819 3055 ordinem
850 2991 1302 3070 Presbyteratus
1342 2994 1684 3067 venientes,
1718 2993 1780 3054 in
1815 2993 2031 3054 iisdem
2062 2992 2319 3069 peccatis
2354 2992 2718 3068 perdurant:

176 3077 228 3129 et
251 3080 479 3149 peccata
514 3074 776 3150 peccatis
800 3071 1174 3147 adjicientes,
1199 3071 1413 3133 dicunt
1440 3088 1503 3134 se
1533 3086 1639 3149 pro
1669 3071 1893 3151 populo
1922 3088 2087 3151 posse
2117 3072 2517 3146 intercedere,
2546 3078 2609 3133 et
2635 3089 2725 3134 sa-

178 3163 289 3212 cras
311 3153 658 3217 oblationes
685 3150 925 3213 offerre.
959 3150 1323 3225 Novissime,
1366 3150 1528 3229 quod
1568 3150 1740 3228 pejus
1786 3159 1897 3225 est,
1927 3152 2040 3214 sub
2088 3152 2308 3214 talibus
2362 3153 2724 3213 testimoniis

178 3242 270 3303 per
306 3232 532 3311 gradus
561 3231 841 3307 singulos
868 3230 1284 3303 ascendenteS,
1328 3230 1698 3292 ordinantur
1740 3238 1802 3292 et
1845 3232 2248 3293 nominantur
2281 3230 2594 3310 Episcopi:
2639 3231 2717 3306 si,

179 3306 431 3388 inquam,
465 3313 617 3375 tales
664 3310 960 3371 invenero
1010 3311 1175 3371 inter
1222 3308 1378 3382 illos,
1409 3325 1562 3388 rogo
1608 3315 1678 3371 ut
1725 3310 1980 3373 habeam
2022 3316 2414 3389 praeceptum
2457 3312 2724 3372 conscri-

181 3395 330 3462 ptum
370 3391 758 3454 auctoritatis
799 3397 1056 3461 vestrae,
1085 3388 1297 3467 quide
1341 3388 1563 3451 talibus
1591 3389 1925 3464 definiatis,
1947 3396 2009 3452 et
2038 3407 2146 3469 per
2188 3405 2550 3469 responsum
2583 3405 2722 3468 apo-

178 3467 435 3533 stolicum
466 3471 922 3534 convincantur
950 3474 1013 3531 et
1042 3475 1387 3546 arguantur
1412 3475 1778 3547 peccatores,
1812 3468 2228 3532 Inveniuntur
2256 3470 2441 3532 etiam
2471 3469 2722 3549 quidam

181 3544 323 3609 inter
350 3567 455 3613 eos
484 3549 788 3629 Episcopi,
818 3550 923 3628 qui
947 3547 1091 3611 licet
1118 3564 1182 3610 se
1204 3547 1560 3610 fornicarios
1588 3555 1650 3610 et
1676 3548 1984 3611 adulteros
2012 3549 2218 3612 dicant
2244 3564 2367 3611 non
2396 3565 2551 3621 esse,
2575 3556 2724 3612 sunt

182 3633 359 3690 tamen
404 3630 656 3702 ebriosi,
702 3628 799 3690 vel
831 3634 1178 3701 venatores,
1210 3633 1273 3689 et
1301 3636 1574 3706 pugnant
1602 3630 1669 3691 in
1712 3629 1990 3691 exercitu
2016 3629 2256 3699 armati,
2298 3635 2359 3690 et
2389 3628 2718 3691 effundunt

179 3711 395 3843 ἓ100113
425 3725 618 3772 11131111
645 3723 755 3770 san
802 3709 1013 3769 uinem
1058 3708 1404 3781 hominum,
1436 3710 1565 3769 sive
1590 3723 1992 3787 paganorum,
2035 3709 2166 3770 sive
2210 3706 2720 3771 Christianorum.

222 3790 396 3865 tquia
425 3804 643 3852 servus
673 3792 736 3848 31
786 3794 993 3865 egatus
1021 3785 1396 3865 Apostolicae
1438 3787 1610 3850 Sedis
1637 3803 1769 3851 esse
1798 3788 2102 3862 dinoscor,
2133 3803 2328 3850 unum
2357 3790 2436 3850 sit
2461 3789 2722 3851 verbum

180 3868 232 3922 et
266 3882 467 3930 meum
514 3868 640 3942 hic,
668 3873 730 3929 et
773 3874 1049 3929 vestrum
1079 3866 1186 3940 ibi,
1219 3867 1269 3928 si
1298 3867 1637 3945 contingat,
1668 3874 1738 3930 ut
1766 3868 1837 3931 ad
1864 3868 2166 3944 judicium
2203 3868 2584 3931 auctoritatis
2625 3884 2722 3930 ve-

183 3950 320 4009 strae
350 3949 587 4027 pariter
615 3948 829 4009 missos
858 3947 1219 4025 dirigamus,

247 4023 553 4090 Praeterea
581 4026 657 4089 de
690 4041 813 4089 una
855 4042 923 4090 re
950 4042 1195 4090 necesse
1238 4025 1429 4089 1131130
1462 4033 1526 4088 31
1566 4026 1896 4089 consilium
1941 4043 2261 4107 quaerere,
2307 4034 2370 4090 et
2412 4027 2726 4090 licentiam

178 4113 385 4179 petere,
414 4123 488 4169 eo
519 4105 686 4186 quod
728 4106 1111 4169 venerandae
1151 4106 1483 4169 memoriae
1509 4120 1854 4183 praecessor
1895 4115 2111 4181 vester,
2155 4108 2315 4170 sicut
2354 4107 2625 4176 audistis,
2660 4106 2725 4168 iu

181 4188 499 4257 praesentia
544 4191 745 4248 vestra
776 4186 937 4253 1111111,
976 4185 1294 4264 praecepit,
1330 4193 1397 4247 ut
1421 4185 1852 4326 presbyterum
1889 4194 2030 4251 ante
2059 4188 2292 4251 obitum
2335 4202 2567 4259 meum,
2605 4185 2728 4248 Deo

182 4260 430 4341 volente,
473 4268 539 4328 in
570 4264 991 4328 Ecclesiastico
1032 4265 1380 4328 ministerio
1465 4265 1749 4328 aeredem
1793 4272 1855 4329 et
1896 4281 2303 4330 successorem
2349 4267 2728 4328 constituere

182 4337 473 4406 deberem.
506 4345 583 4407 Et
612 4345 728 4406 hoc
774 4345 956 4418 mihi,
988 4345 1038 4406 si
1085 4345 1197 4407 Dei
1239 4344 1517 4408 voluntas
1550 4352 1670 4420 est,
1716 4345 1930 4424 placet.
1977 4345 2094 4410 Sed
2140 4347 2322 4410 modo
2369 4345 2612 4416 dubito,
2664 4349 2729 4406 et

189 4423 372 4484 nescio
399 4425 449 4486 si
491 4424 627 4488 fieri
655 4425 871 4505 possit:
904 4425 1048 4505 quia
1089 4430 1293 4506 postea
1321 4424 1508 4491 frater
1544 4424 1711 4491 illius
1743 4426 2112 4491 avunculum
2140 4425 2320 4492 Ducis
2347 4425 2724 4491 Francorum

333 4551 571 4610 surius
602 4584 619 4595 ·
655 4549 818 4610 Vitae.
847 4550 955 4612 SS.
984 4582 1007 4595 ·
1033 4549 1164 4616 Vol.
1194 4550 1297 4615 v1.
2531 4552 2568 4611 9
