3357 4995
206 326 412 393 JUNII
461 327 517 405 2,
752 342 1097 391 masur.
1152 343 1245 393 ss.
1298 343 1414 390 im.
1469 342 1653 390 rimu
1699 342 1775 389 m:
1821 338 2200 389 maenum
2581 322 2666 386 57

208 428 319 499 sed
364 449 447 497 ne
497 426 706 516 talem
753 426 1061 516 quidem,
1099 428 1215 498 cui
1264 426 1432 498 haec
1480 426 1701 509 animi
1747 425 1860 495 sui
1907 437 2169 501 secreta
2201 422 2489 494 auderet
2518 436 2748 494 osten-

206 516 377 587 dere.
426 521 515 587 In
560 516 695 587 hac
740 515 974 587 cordis
1017 516 1355 587 anxietate
1403 513 1844 597 constitutus,
1898 512 2151 605 reperit
2196 511 2571 600 quemdam
2605 533 2750 582 mo·

200 606 500 677 nachum
550 626 714 696 pere
766 605 1042 687 rinum,
1096 605 1380 675 nomine
1427 602 1763 676 Basilium
1793 657 1809 684 ‚
1860 601 1982 690 qui
2031 611 2189 672 ante
2236 600 2600 671 biennium
2661 600 2748 669 de

200 694 733 785 Constantinopo
767 694 798 764 i'
815 698 1102 764 Romam
1131 704 1430 774 venerat,
1481 704 1687 780 atque
1719 691 1820 761 ibi
1848 691 1920 760 in
1953 699 2185 760 monte
2216 689 2526 759 Palatino
2557 687 2751 780 apud

193 783 365 856 alios
412 787 733 864 Graecos,
785 783 906 870 qui
952 781 1265 871 ejusdem
1315 780 1762 872 professionis
1809 784 2029 860 erant',
2081 799 2244 849 cum
2291 788 2593 866 quatuor
2641 776 2751 847 di-

189 873 284 942 sci
342 871 488 942 ulis
533 872 684 942 suis
727 870 1108 960 hospitium
1158 871 1479 942 habebat.
1533 875 1736 941 Hunc
1768 867 1962 949 adiit,
2005 878 2212 955 atque
2258 867 2324 936 ei
2371 886 2584 954 quam
2631 886 2754 956 pa-

187 960 272 1031 tie
325 971 495 1030 atur
538 959 1055 1031 solicitudinem
1102 959 1396 1051 aperuit.
1459 963 1630 1029 Tum
1681 956 1995 1029 consiliis
2041 956 2195 1047 ejus
2232 955 2586 1025 animatus
2617 1007 2633 1035 ,
2687 964 2756 1023 et

182 1049 627 1120 orationibus
673 1047 913 1130 fretuS,
960 1059 1217 1118 tantam
1269 1049 1536 1149 accepit
1581 1048 1653 1117 in
1704 1045 1912 1117 corde
1958 1067 2085 1116 suo
2134 1043 2621 1123 constantiam,
2675 1052 2753 1111 ut

181 1148 526 1209 statueret
555 1158 701 1207 rem
749 1136 1068 1225 quamvis
1114 1158 1273 1207 cum
1323 1135 1630 1227 periculo
1684 1135 1934 1226 capitis
1982 1136 2093 1205 sui
2140 1131 2500 1203 celerrime
2549 1152 2754 1221 expe·
2875 1167 2886 1177 ·

179 1228 337 1297 riri.
382 1231 769 1319 vocatoque
814 1225 898 1295 ad
949 1246 1023 1295 se
1058 1224 1308 1296 comite
1347 1246 1473 1295 suo
1512 1224 1821 1295 Hildoini
1851 1222 2276 1324 presbytero,
2328 1220 2557 1310 coepit
2584 1240 2750 1288 cum

179 1338 263 1387 eo
313 1327 637 1394 tractare,
691 1325 773 1384 ut
817 1313 1067 1384 iterum
1126 1313 1214 1384 ad
1276 1314 1637 1384 basilicam
1688 1314 1869 1383 beati
1917 1311 2250 1392 Tiburni,
2313 1310 2495 1380 sicut
2552 1308 2752 1398 prius

180 1404 519 1486 fecerant,
572 1402 894 1473 clanculo
940 1415 1323 1494 pergerent,
1376 1424 1456 1472 ac
1525 1401 1864 1481 tumbam,
1917 1422 2059 1488 qua
2107 1398 2433 1489 martyris
2486 1418 2744 1488 corpus

180 1490 629 1565 reconditum
679 1490 1107 1571 credebatur,
1151 1491 1418 1582 aperire
1464 1490 1694 1560 denuo
1727 1488 2160 1560 molirentur.

272 1583 315 1668 ξ
369 1584 466 1650 9.
518 1580 786 1652 Placuit
816 1579 1211 1663 consilium,
1248 1580 1787 1672 assumptisque,
1822 1599 1999 1666 quos
2021 1598 2283 1647 secum
2335 1574 2740 1655 adduxerat,

180 1670 458 1762 pueriS‚
512 1668 782 1760 hospite
827 1690 1067 1740 eorum
1117 1668 1392 1759 penitus
1440 1667 1801 1759 ignorante
1846 1688 1985 1755 quo
2043 1666 2245 1746 irent,
2300 1664 2481 1734 clam
2535 1673 2747 1733 noctu

181 1757 485 1851 profecti
506 1770 705 1828 sunt.
741 1762 1043 1845 Cumque
1074 1757 1161 1827 ad
1210 1756 1443 1827 locum
1490 1768 1771 1827 ventum
1819 1766 2021 1836 esset,
2066 1754 2241 1829 votis
2289 1774 2414 1844 pro
2464 1774 2538 1822 re
2586 1772 2750 1841 pro-

181 1848 543 1939 speranda
569 1859 728 1917 ante
753 1844 943 1918 aedis
977 1846 1272 1936 januam
1320 1844 1519 1916 factis
1565 1846 1635 1915 in
1696 1843 2092 1914 rediuntur:
2126 1842 2507 1929 divisisque
2539 1838 2751 1910 sociis

179 1937 374 2008 inter
422 1956 519 2018 se,
573 1934 778 2025 presb
834 1946 930 2003 ter
953 1934 1038 2005 ad
1069 1956 1325 2026 corpus
1349 1934 1530 2004 beati
1573 1935 1648 2003 Ti
1701 1933 1863 2003 urtii
1912 1931 2390 2020 quaerendum
2417 1929 2541 1998 ini
2597 1928 2747 1998 sius

182 2025 486 2105 basilica
515 2046 675 2095 cum
727 2046 763 2094 a
798 2023 1081 2110 iquibus
1107 2023 1462 2103 remansit,
1499 2022 1848 2093 Ratleicus
1872 2043 2034 2092 cum
2070 2020 2354 2107 reliquis
2382 2019 2449 2088 in
2488 2040 2522 2088 a
2583 2017 2750 2086 hae-

181 2126 462 2186 rentem
508 2112 735 2183 eidem
782 2111 1110 2181 ecclesiae
1157 2134 1232 2182 cr
1280 2114 1465 2201 ptam
1514 2110 1599 2181 ad
1652 2110 1833 2181 beati
1881 2109 2061 2179 Petri
2112 2129 2367 2200 corpus
2417 2105 2743 2177 accessit:

140 2214 573 2295 *apertoque
620 2203 771 2272 sine
815 2199 961 2270 ulla
1007 2200 1247 2271 difficu
1277 2212 1410 2270 tate
1458 2199 1817 2291 sepulerO,
1872 2220 2069 2268 sacra
2133 2196 2355 2268 sancti
2419 2193 2748 2284 martyris

185 2289 515 2373 membra
562 2288 755 2359 nullo
802 2286 1209 2379 prohibente
1253 2287 1579 2368 sustulit,
1632 2300 1701 2358 et
1747 2286 1965 2358 serico
2013 2286 2343 2377 pulvino,
2399 2306 2603 2372 quem
2656 2281 2746 2352 ad

184 2379 325 2450 hoc
370 2393 752 2468 paraverat,
795 2389 1065 2479 recepta
1110 2376 1476 2468 diligenter
1520 2377 1830 2447 inclusit.
1882 2381 2149 2446 Interea
2180 2375 2566 2464 presbyter,
2623 2370 2748 2458 qui

187 2490 454 2559 corpus
496 2466 677 2537 beati
708 2466 1001 2537 Tiburni
1030 2465 1423 2555 quaerebat,
1462 2487 1716 2557 magno
1747 2465 1981 2536 labore
2012 2463 2272 2538 frustra
2298 2472 2740 2551 consumptO,

186 2570 569 2649 postquam
617 2577 690 2626 se
729 2555 898 2625 vidit
927 2555 1102 2625 nihil
1153 2577 1352 2646 posse
1390 2555 1746 2645 proficere,
1786 2554 2022 2624 relicto
2053 2575 2284 2643 opere,
2322 2552 2394 2622 in
2428 2562 2744 2640 cryptam

188 2645 280 2717 ad
332 2644 721 2716 Ratleicum
769 2644 1146 2724 descendit,
1185 2643 1446 2731 etquid
1478 2643 1612 2714 sibi
1637 2642 2032 2714 faciendum
2070 2654 2271 2722 esset,
2317 2639 2405 2710 ab
2435 2660 2516 2708 eo
2540 2657 2748 2724 quae·

188 2757 347 2805 rere
394 2734 644 2825 coepit.
699 2733 821 2803 Cui
885 2754 1045 2804 cum
1095 2732 1212 2803 ille
1258 2732 1580 2803 arbitrari
1629 2753 1705 2803 se
1748 2731 2030 2813 diceret,
2095 2729 2282 2817 quod
2334 2733 2400 2797 S.
2454 2724 2749 2796 Tiburtii

190 2823 535 2910 reliquiae
594 2833 825 2892 essent
866 2821 1205 2903 inventae,
1260 2821 1462 2908 eique
1518 2821 1589 2890 id
1648 2820 1736 2890 de
1781 2841 1920 2908 quo
1967 2819 2241 2896 dicebat
2309 2814 2740 2887 ostenderet:

193 2933 358 2982 nam
396 2910 610 3001 paulo
658 2922 838 2993 ante,
890 2932 1101 2999 quam
1151 2909 1332 2979 idem
1380 2909 1738 3000 presbyter
1786 2907 1872 2978 ad
1924 2929 2081 2977 eum
2146 2907 2217 2976 in
2269 2916 2584 2996 cryptam
2636 2924 2750 2972 ve-

196 3001 439 3079 nisset,
496 2999 753 3090 reperit
802 2999 873 3068 in
924 2997 1164 3069 eodem
1222 2998 1565 3088 sepulcro,
1619 2998 1693 3067 in
1742 3018 1881 3085 quo
1928 3007 2328 3067 sanctorum
2370 2990 2752 3064 Marcellini

199 3102 266 3159 et
314 3090 496 3158 Petri
539 3109 736 3159 sacra
761 3108 1052 3178 corpora
1075 3086 1469 3172 jacuerunt,
1514 3086 1822 3157 foramen
1849 3084 2199 3173 quoddam
2248 3082 2527 3155 rotundi
2558 3080 2754 3151 sche-

200 3177 411 3247 matis
459 3177 671 3248 trium
719 3177 934 3246 ferme
981 3174 1236 3266 pedum
1273 3174 1711 3266 longitudine
1758 3175 2104 3245 introrsus
2152 3184 2585 3251 excavatum,
2631 3190 2748 3259 pe-

200 3264 343 3334 dali
392 3264 854 3362 amplitudine
904 3278 1168 3354 patens,
1202 3274 1267 3333 et
1297 3264 1368 3333 in
1404 3285 1496 3342 ‚eo
1536 3263 1791 3333 minuti
1845 3262 2153 3354 pulveris
2212 3282 2350 3331 non
2403 3257 2751 3329 modicam

204 3354 593 3443 portionem
642 3353 1038 3445 repositam.
1088 3352 1328 3422 Visum
1388 3363 1490 3422 est
1541 3352 1923 3432 ambobuS,
1988 3350 2175 3439 quod
2225 3350 2339 3420 hic
2390 3347 2620 3439 pulvis
2666 3344 2751 3415 de
2871 3337 2930 3394 ·‘

204 3463 493 3532 corpore
537 3443 722 3513 beati
767 3441 1061 3512 Tiburtii
1108 3441 1383 3512 ossibus
1431 3440 1593 3510 inde
1639 3440 1936 3511 sublatis
1984 3459 2339 3509 remanere
2376 3435 2747 3529 potuisset:

208 3543 271 3600 et
316 3531 407 3601 ob
469 3531 625 3613 hoc,
676 3542 754 3601 ut
800 3529 1157 3600 difficilius
1218 3529 1682 3612 inveniretur,
1737 3527 1964 3599 medio
2029 3527 2179 3598 loco
2236 3527 2415 3597 inter
2472 3527 2752 3596 beatum

211 3619 689 3690 Marcellinum
746 3630 814 3690 et
848 3624 1126 3690 Petrum
1175 3616 1248 3687 in
1296 3617 1535 3691 eadem
1582 3618 1826 3688 tumba
1864 3616 2108 3694 fuisset
2153 3614 2533 3706 repositus:
2586 3632 2754 3682 con-

118 3709 129 3720 ’
206 3708 529 3796 venitque
568 3708 756 3798 linter
811 3728 966 3789 eos,
1018 3718 1096 3777 ut
1140 3727 1300 3776 eum
1352 3707 1713 3796 presbyter
1759 3716 2085 3787 sumeret,
2155 3716 2220 3774 et
2268 3725 2393 3795 pro
2440 3699 2756 3788 reliquiis

207 3794 388 3866 beati
436 3796 731 3868 Tiburtii
778 3817 1016 3868 secum
1065 3793 1377 3865 deferret.
1624 3807 1627 3812 ·

291 3887 329 3973 ξ
374 3889 538 3958 io.
590 3885 715 3956 His
778 3885 875 3955 ita
923 3883 1289 3955 transactis
1351 3895 1555 3970 atque
1618 3880 2008 3974 dispositis,
2061 3903 2222 3951 cum
2286 3880 2531 3961 rebuS,
2583 3899 2758 3967 quas

209 3988 634 4063 repererunt,
686 3972 773 4043 ad
823 3972 1123 4064 hospitia
1147 3994 1275 4042 sua
1300 3972 1552 4042 reversi
1587 3971 1775 4041 sunt.
1811 3977 1969 4042 Post
2016 3970 2186 4040 haec
2215 3970 2564 4041 Ratleicus
2592 3987 2755 4038 cum

212 4060 483 4152 hospite
530 4085 658 4134 suo
689 4061 985 4143 locutuS,
1039 4073 1233 4152 rogat
1259 4071 1339 4131 ut
1368 4059 1504 4131 sibi
1552 4081 1787 4131 sacros
1828 4059 2008 4130 beati
2045 4057 2424 4129 Marcellini
2462 4058 2753 4136 cinereS,

210 4170 381 4238 quos
413 4150 478 4221 ei
523 4150 611 4221 ad
660 4149 1078 4220 servandum
1125 4146 1749 4229 commendaverat,
1805 4148 2071 4230 reddat,
2119 4169 2330 4240 seque
2360 4147 2432 4218 in
2460 4146 2757 4238 patriam

213 4238 434 4310 redire
466 4239 804 4310 volentem
855 4237 1051 4308 nulla
1098 4260 1239 4307 non
1288 4236 1677 4307 necessaria
1723 4236 2053 4307 dilatione
2085 4236 2408 4308 detineat.
2474 4234 2596 4306 Cui
2644 4231 2762 4303 ille

215 4345 347 4396 non
398 4326 625 4398 solum
674 4326 859 4414 quod
911 4326 1258 4418 repetebat
1306 4325 1458 4396 sine
1505 4346 1700 4395 mora
1747 4326 2085 4403 restituit,
2137 4347 2377 4395 verum
2418 4325 2623 4395 etiarn
2657 4320 2760 4401 ,de

218 4430 611 4487 sanctorum
660 4415 976 4504 reliquiis
1012 4415 1115 4485 ‘in
1186 4436 1330 4486 una
1401 4414 1701 4505 ligatura
1741 4413 2082 4486 ,collectis
2113 4467 2128 4496 ,
2215 4413 2406 4483 haud
2476 4431 2758 4502 parvam
