3357 4995
621 297 751 363 240
1251 314 1330 361 na
1377 314 1432 361 s.
1485 312 1774 371 musmo
1822 314 1962 361 Anu.
2016 315 2092 361 m*
2138 314 2328 362 mar.
2725 297 2945 364 JUNII
2995 299 3078 362 10

535 398 859 489 populus:
912 418 1086 485 quos
1132 418 1374 468 omnes
1422 399 1493 467 in
1535 397 1884 487 judicium
1937 400 2071 467 mei
2120 399 2271 468 sine
2319 396 2548 469 fructu
2595 397 2874 480 laboris,
2928 401 3080 483 sine

531 487 996 558 exhortatione
1042 486 1404 568 sermonis,
1459 487 1609 556 sine
1659 487 1901 557 viatico
1951 487 2447 558 benedictionis
2482 487 2552 555 in
2602 510 2731 558 sua
2777 488 3071 559 dimitto.

530 577 845 646 Nascitur
894 588 1119 644 tamen
1171 576 1344 644 mihi
1410 575 1751 663 quaedam
1811 578 2168 657 securitas,
2220 575 2404 663 quod
2454 576 2510 644 si
2558 577 2727 664 quid
2797 576 2883 646 de
2931 600 3077 649 me—

532 665 751 734 moria
779 664 812 697 *
859 665 1081 734 sancti
1130 665 1423 734 Maurini
1451 664 1534 734 ad
1571 687 1681 733 me
1727 664 2034 735 delatum
2067 665 2291 745 fuerit,
2324 664 2496 734 mihi
2545 687 2821 753 quoque
2865 687 3123 753 quam·

528 753 857 823 omnibus
905 752 1277 843 impendit,
1344 753 1886 823 misericordiam
1948 776 2081 823 non
2137 753 2524 844 denegabit.
2589 759 2759 823 Tum
2815 753 3077 828 disces-

528 864 684 911 sum
733 854 858 911 est.

617 933 653 1017 ξ
699 935 856 1004 10.
917 931 1027 999 Die
1075 942 1303 1000 autem
1339 929 1538 1011 facto,
1592 931 1711 1017 qui
1764 932 2117 1001 Dominica
2139 931 2461 1001 Passione
2507 929 2860 1000 colebatur
2909 931 3075 1002 illu-

528 1019 709 1098 stris,
766 1019 1037 1089 dentem
1090 1019 1269 1090 beati
1341 1021 1657 1108 martyris
1708 1021 2089 1110 aegrotanti
2157 1019 2503 1109 praefatus
2565 1019 2789 1089 Abbas
2838 1020 2943 1089 ad·
2976 1021 3073 1090 le-

528 1121 714 1177 ctum
771 1108 974 1176 mittit
1021 1108 1376 1177 Antistitis.
1455 1109 1831 1177 comitatur
1879 1122 2193 1178 sanctum
2246 1109 2500 1208 pignus
2570 1107 2886 1179 coelestis
2936 1130 3079 1178 me-

531 1195 725 1265 delae
760 1217 1040 1266 munus.
1073 1197 1415 1266 Nuntiatis
1443 1197 1626 1266 enim
1660 1198 2043 1276 monachis,
2083 1210 2382 1287 assurgit
2409 1195 2727 1266 sacerdos
2776 1198 3078 1268 venienti

533 1285 602 1353 in
655 1306 779 1355 suo
816 1286 1103 1375 pignore
1153 1299 1327 1355 mart
1380 1285 1460 1366 ri,
1515 1285 1716 1372 quasi
1765 1285 2078 1365 audienS,
2112 1288 2328 1376 Sur-qe
2360 1297 2424 1354 ct
2449 1287 2749 1355 ambula.
2794 1290 3079 1376 Depres-

535 1375 629 1445 sis
678 1373 813 1442 alta
875 1374 1248 1444 reverentia
1354 1373 1714 1444 uminibus
1778 1374 2050 1443 dentem
2101 1373 2427 1455 admovit,
2481 1386 2545 1442 et
2591 1373 2776 1460 quod
2829 1375 3079 1444 mulier

528 1462 921 1552 evangelica
983 1474 1166 1532 tactu
1213 1462 1646 1532 fimbriarum
1702 1463 1973 1533 Domini
2022 1463 2306 1551 accepit,
2361 1485 2433 1531 se
2481 1464 2830 1553 accepisse
2874 1463 3074 1533 exul-

532 1551 719 1618 tavit.
778 1551 1013 1620 Subito
1061 1553 1245 1620 enim
1278 1550 1473 1620 dolor
1519 1551 1747 1620 omnis
1795 1551 2121 1643 fugiebat,
2153 1564 2310 1621 ante
2360 1556 2687 1621 Sanctum
2731 1566 2908 1622 stare
2936 1575 3074 1622 non

534 1652 815 1729 poterat.
873 1641 980 1708 Sic
1030 1639 1279 1729 inclyte
1337 1652 1618 1730 martyr,
1676 1640 2005 1710 ecclesiae
2054 1640 2468 1730 Episcopum
2536 1640 2956 1729 perdonasti‚
3010 1653 3077 1709 et

533 1728 714 1817 regis
765 1728 862 1796 tui
914 1728 1170 1797 Pascha
1220 1728 1593 1800 honorasti.
1650 1729 1766 1798 Die
1812 1741 2039 1799 autem
2075 1730 2294 1798 sancti
2343 1729 2642 1798 Paschae
2689 1750 2849 1798 cum
2901 1728 3079 1799 inter

533 1817 892 1886 Missarum
931 1817 1265 1886 solemnia
1315 1839 1436 1907 pro
1466 1817 1905 1906 jucunditate
1938 1817 2128 1897 festi,
2169 1817 2441 1907 praesul
2481 1817 2761 1887 verbum
2797 1817 3069 1899 faceret,

531 1905 1132 1975 sermonis'ductu
1179 1905 1262 1974 ad
1316 1906 1557 1975 salutis
1606 1928 1771 1976 suae
1821 1907 2140 1997 migravit
2188 1907 2563 1997 auspicem.
2625 1907 3074 1995 Stupentibus

534 1994 828 2070 cunctis,
871 1994 1288 2082 quibusdam
1345 2016 1497 2064 vero
1545 1993 2034 2086 gaudentibuS,
2082 1995 2471 2064 Maurinum
2523 2016 2676 2063 vere
2723 2008 3067 2077 sanctum,

533 2087 663 2152 Deo
711 2082 1048 2164 charum,
1100 2104 1577 2171 quaecumque
1629 2083 1919 2153 voluerit
1965 2085 2333 2174 impetrare
2380 2107 2416 2152 a
2468 2087 2599 2152 Deo
2645 2094 3080 2173 compotem‚

538 2171 751 2240 libera
812 2194 969 2241 voce
1018 2173 1526 2272 pronuntiavit:
1583 2172 1808 2242 morbi
1869 2174 1976 2242 sui
2049 2171 2559 2241 inclementiam
2600 2200 2625 2252 ,·
2670 2171 2786 2241 sed
2836 2173 2906 2240 in
2959 2173 3075 2242 ad-

534 2274 737 2330 ventu
808 2265 1037 2330 Sancti
1094 2260 1392 2331 subitam
1444 2261 1680 2330 edocet
1748 2261 2009 2352 fugam.
2065 2260 2443 2331 Pontificali
2516 2260 2764 2329 deinde
2836 2262 3073 2331 statuit

531 2349 776 2431 edicto,
831 2363 907 2419 ut
976 2349 1123 2419 dies
1166 2349 1506 2440 passionis
1553 2351 1703 2440 ejus
1752 2350 2177 2419 honorabilis
2235 2349 2661 2437 celebrisque
2727 2350 2905 2419 inter
2954 2372 3077 2420 no-

532 2437 704 2509 biles
730 2439 894 2507 anni
926 2438 1321 2509 festivitates
1348 2451 1770 2509 numeretur.
1819 2439 2210 2509 Similitudo
2241 2450 2468 2509 autem
2500 2436 2838 2526 quaedam
2876 2438 3075 2508 dubii

532 2529 748 2596 animi
821 2528 1117 2598 Thomae
1165 2528 1582 2598 sanctissimi
1634 2529 2024 2618 Meginhero
2072 2528 2349 2598 cuidam
2413 2526 2689 2596 nomine
2735 2539 2799 2596 et
2850 2527 3075 2598 officio

531 2629 689 2685 noto
728 2616 963 2686 oborta
997 2631 1119 2697 est,
1176 2617 1359 2703 quod
1411 2617 1669 2687 scilicet
1728 2628 1988 2706 martyr
2041 2629 2106 2685 et
2157 2616 2437 2685 nomine
2483 2629 2658 2685 esset
2704 2616 3067 2696 obscurus,

527 2718 592 2773 et
639 2717 916 2795 excepto
942 2706 1275 2796 epitaphii
1325 2707 1549 2786 verbo,
1590 2707 1972 2795 scripturae
2005 2705 2393 2775 testimonio
2432 2705 2712 2773 careret.
2769 2704 3075 2774 Pontifex

531 2806 756 2862 autem
813 2795 998 2863 testis
1031 2795 1140 2865 sui
1188 2794 1596 2865 sententiam
1648 2795 1819 2874 fixit,
1869 2796 2125 2882 quique
2174 2795 2447 2864 dentem
2498 2804 2812 2863 sanctum
2863 2816 3072 2863 cura-

534 2896 744 2951 torem
797 2905 1001 2952 suum
1052 2884 1218 2952 dum
1253 2883 1507 2954 advixit
1533 2884 1625 2952 ita
1672 2883 1908 2963 coluit,
1966 2896 2042 2952 ut
2076 2884 2147 2951 in
2199 2882 2464 2953 modico
2519 2883 2804 2977 pignore
2858 2894 3073 2951 totum

531 2993 602 3039 se
654 2984 1023 3060 martyrem
1075 2972 1326 3041 habere
1373 2971 1770 3041 confideret.

620 3062 657 3145 ἓ
704 3065 835 3132 11.
909 3065 1173 3129 Interea
1205 3061 1531 3130 siccitatis
1593 3060 1866 3151 flagello
1936 3062 2259 3132 universa
2317 3060 2669 3130 laborabat
2711 3059 2923 3149 regio.
2979 3060 3076 3129 Ad

533 3161 690 3215 nota
736 3168 898 3237 ergo
949 3148 1289 3238 praesidia
1339 3162 1572 3218 sancta
1620 3149 1930 3239 confugit
1977 3150 2275 3230 Colonia,
2335 3149 2795 3239 precibusque
2841 3160 2906 3217 et
2964 3171 3076 3219 sa-

531 3235 813 3305 crificiis
870 3236 1168 3306 instabat
1229 3238 1450 3325 iniqui
1511 3238 1736 3306 sereni
1785 3238 2119 3309 redimere
2180 3238 2539 3308 malitiam.
2613 3236 3078 3307 Procedebant

531 3324 830 3404 litaniae,
883 3325 1108 3395 exibat
1133 3326 1383 3405 clerus,
1422 3326 1739 3415 prodibat
1774 3327 2405 3397 sanctimonialium
2442 3326 2720 3407 choruS,
2752 3338 2817 3395 et
2866 3326 3077 3417 longa

535 3435 622 3501 po
677 3412 949 3483 ulorum
988 3415 1301 3483 examina
1337 3427 1610 3484 sanctae
1640 3415 1875 3485 Crucis
1909 3415 2151 3485 vexilla
2181 3429 2246 3486 et
2267 3428 2656 3487 sanctorum
2691 3426 3077 3504 martyrum

529 3501 613 3569 de
667 3501 960 3570 ucebant
1008 3504 1359 3593 suffragia.
1417 3503 1543 3573 Sed
1593 3503 1829 3572 divina
1877 3506 2236 3585 sententia,
2305 3505 2474 3574 forte
2572 3504 2686 3573 uia
2736 3503 2939 3573 fidem
3003 3515 3070 3573 et

532 3590 925 3678 patientiam
961 3591 1029 3659 in
1071 3613 1156 3681 po
1210 3592 1325 3661 ulo
1372 3613 1496 3661 suo
1530 3593 1887 3679 quaesivit,
1937 3594 2156 3683 spatio
2196 3593 2490 3673 duorum
2558 3614 2671 3661 ere
2722 3591 3072 3662 mensium

534 3678 836 3768 pluviam
891 3702 1144 3771 suspen
1203 3681 1272 3750 it.
1329 3685 1484 3751 Erat
1513 3693 1743 3751 autem
1779 3681 2005 3752 videre
2042 3683 2213 3751 mori
2251 3704 2372 3772 pro
2402 3692 2684 3752 ventura
2724 3703 2846 3772 spe
2878 3680 3067 3749 anni.

528 3766 946 3853 Squalebant
990 3791 1150 3837 arva
1201 3768 1500 3859 pulvere,
1552 3782 1617 3839 et
1647 3769 1805 3839 ssavi
1856 3770 2034 3841 sulci
2071 3771 2157 3841 ad
2208 3792 2424 3859 aquas
2454 3770 2773 3840 hiabant.
2818 3774 3076 3858 Super-

526 3856 839 3926 veniente
886 3871 1112 3927 autem
1178 3859 1643 3928 sacratissima
1682 3859 1862 3929 beati
1912 3862 2203 3930 Maurini
2259 3859 2600 3949 passionis
2662 3857 3079 3950 die,·eccle-

528 3944 670 4015 siae
719 3945 953 4014 beatae
1009 3947 1380 4017 memoriae
1435 3947 1549 4017 Dei
1587 3948 1950 4020 Genitricis
1997 3963 2062 4018 et
2110 3970 2383 4038 semper
2443 3948 2753 4039 virginis,
2807 3957 2872 4015 et
2920 3968 3078 4015 san-

526 4033 819 4102 ctissimi
869 4034 1215 4105 coelorum
1256 4035 1580 4127 clavigeri
1631 4038 2017 4108 senatorius
2067 4038 2295 4107 clerus
2323 4038 2413 4117 ⁴³³¹,
2458 4051 2523 4107 et
2560 4037 2869 4107 diversae
2917 4056 3079 4104 con-

528 4120 811 4193 ditionis
876 4123 1178 4213 populus
1247 4124 1423 4195 duce
1473 4126 1867 4216 Meginhero
1929 4127 2151 4215 (nam
2204 4127 2584 4217 Episcopus
2644 4123 2942 4213 aberat)
2992 4123 3078 4193 ad

581 4322 604 4345 ,,
729 4322 737 4329 .
831 4323 838 4332 .

527 4321 944 4467 ωζῖῗὲἕὲίῖίιζῗῖιω
978 4376 1365 4424 metropolitanae
1396 4379 1624 4417 ecclesiae
1657 4378 1952 4419 coloniensis
1990 4388 2106 4426 quae
2141 4379 2368 4427 Deiparae
2406 4379 2528 4428 virg.
2565 4380 2611 4419 et
2650 4379 2693 4419 S.
2728 4379 2866 4418 Petro
2913 4374 3073 4424 apost.

582 4454 593 4465 .
754 4438 793 4469 a.
