3357 4995
660 327 788 392 286
899 275 908 284 ·
1190 343 1269 388 nn
1316 343 1370 388 s.
1427 339 1714 388 ormano
1753 339 2051 388 uoNAcno
2098 338 2477 387 cLAnAvALL.
2761 321 2981 388 JUNII
3033 321 3118 386 ⁴3

459 501 464 506 ,
573 427 1012 499 sermonibus
1060 425 1272 496 seculi
1315 425 1871 512 frequentissime
1920 424 2356 505 vendicaba.S‚
2411 436 2476 493 et
2522 425 3120 495 amicoreddebas

574 518 891 586 silentio?
940 516 1270 585 Dominus
1299 514 1580 584 dederat
1609 512 1710 582 illi
1747 513 2059 603 linguam
2092 513 2459 594 eruditam,
2487 526 2565 582 ut
2605 513 2809 585 sciret
2836 514 3121 602 quando

572 607 846 675 deberet
894 604 1195 694 proferre
1244 625 1662 673 sermonem.
1941 635 1961 650 ν
2328 650 2332 654 -

660 697 696 781 ξ
741 702 828 766 ὅ.
883 699 982 764 Ita
1015 693 1312 778 denique
1343 693 1410 760 in
1446 691 1819 782 prudentia
1850 711 2341 781 responsorum
2377 712 2695 773 suorum,
2749 702 2815 762 et
2850 693 2922 760 in
2953 713 3116 782 gra-

573 784 665 852 tia
690 782 849 852 data
883 783 1015 854 sibi
1042 782 1364 871 desuper,
1394 794 1458 850 et
1497 779 1895 850 domesticis
1921 779 2404 861 satisfaciebat,
2440 792 2506 850 et
2535 780 2804 860 exteris,
2836 792 2913 850 ut
2944 801 3122 870 pene

573 894 681 941 me
721 893 923 941 nemo
963 871 1362 959 requireret,
1416 870 1529 939 cui
1579 870 1769 958 prior
1793 868 1963 938 forte
1997 867 2353 944 Gerardus
2388 869 2824 940 occurrisset.
2864 873 3120 940 Occur-

571 960 762 1031 rebat
790 972 1018 1030 autem
1068 958 1620 1038 adventantibuS,
1674 978 2031 1048 opponens
2079 979 2174 1038 se,
2217 979 2302 1026 ne
2336 957 2566 1028 subito
2615 979 2850 1028 meum
2898 959 3119 1027 otium

570 1051 1029 1120 incursarent.
1085 1049 1154 1117 Si
1202 1047 1459 1134 quibus
1493 1055 1670 1115 'sane
1720 1067 1841 1137 per
1889 1068 1962 1115 se
2028 1045 2419 1117 satisfacere
2468 1067 2606 1120 non
2655 1046 2919 1134 quibat.
2990 1047 3119 1117 hos

569 1139 993 1228 perducebat
1026 1136 1109 1206 ad
1146 1159 1276 1216 me,
1314 1147 1616 1205 caeteros
1644 1135 1997 1206 emittebat
2030 1139 2103 1205 ,Ο
2129 1135 2351 1204 virum
2387 1135 2837 1217 industrium,
2874 1158 2914 1206 o
2939 1137 3119 1205 ami-

571 1250 731 1297 cum
783 1226 1083 1306 fidelem,
1136 1239 1200 1293 et
1248 1226 1470 1293 amico
1513 1224 1792 1314 gerebat
1840 1246 2125 1305 morem,
2179 1236 2243 1294 et
2290 1223 2535 1295 officiis
2573 1224 2929 1294 charitatis
2979 1245 3117 1293 non

570 1316 825 1386 deerat.
881 1315 1047 1397 Quis
1097 1336 1312 1383 vacua
1343 1315 1430 1383 ab
1464 1335 1542 1381 eo
1589 1314 1870 1383 recessit
1918 1317 2178 1383 manu?
2227 1313 2295 1382 Si
2343 1312 2557 1394 diveS,
2595 1313 3005 1384 consilium:
3056 1313 3119 1381 si

570 1427 859 1495 pauper,
914 1402 1307 1476 subsidium
1360 1403 1770 1491 reportabat.
1808 1407 1939 1471 Nec
1972 1402 2347 1489 quaerebat
2392 1423 2571 1488 quae
2616 1424 2742 1472 sua
2777 1413 2961 1482 sunt,
2989 1402 3117 1489 qui

571 1516 643 1563 se
692 1493 940 1563 mediis
980 1492 1334 1581 ingerebat
1380 1491 1591 1565 curis.
1637 1505 1714 1558 ut
1749 1512 1875 1581 ego
1926 1512 2260 1560 vacarem.
2302 1495 2343 1561 S
2395 1492 2632 1572 erahat
2665 1492 2850 1559 enim
2899 1491 3114 1579 (sicut

571 1594 715 1651 erat
759 1580 1235 1668 humillimus)
1282 1580 1611 1669 majorem
1661 1579 1746 1648 de
1780 1593 2009 1649 nostra
2057 1580 2287 1666 quiete
2364 1591 2587 1659 ructu,
2682 1601 2842 1649 uam
2891 1579 2950 1647 si
2997 1602 3115 1647 va-

571 1683 756 1740 caret
805 1671 972 1760 ipse.
1031 1669 1385 1738 Interdum
1436 1681 1662 1737 tamen
1697 1669 2087 1757 postulabat
2134 1668 2419 1749 absolvi,
2484 1681 2549 1736 et
2606 1691 2645 1737 a
2679 1668 2803 1738 teri
2843 1666 3107 1747 cedere,

571 1760 768 1846 quasi
803 1759 924 1845 qui
976 1758 1223 1827 mel-ius
1255 1758 1661 1847 provideret.
1717 1757 1843 1826 Sed
1899 1759 2019 1827 ubi
2072 1757 2186 1826 ille
2227 1756 2696 1826 inveniretur?
2743 1762 2873 1828 Nec
2923 1769 3120 1846 petu—

573 1848 741 1917 lanti
778 1847 1012 1935 aliquo
1056 1847 1163 1935 (ut
1193 1846 1472 1946 assolet)
1510 1847 1578 1913 in
1615 1868 1693 1915 eo
1741 1845 1946 1914 officii
1998 1845 2433 1915 detinebatur
2465 1845 2734 1926 affectu,
2798 1845 2917 1917 sed
2966 1846 3112 1916 solo

572 1937 819 2006 intuito
853 1936 1231 2005 charitatis.
1267 1934 1620 2021 Siquidem
1651 1934 1811 2023 plus
1842 1935 2168 2005 omnibus
2196 1934 2573 2014 laborabat,
2608 1949 2673 2003 et
2707 1934 2944 2002 minus
2968 1956 3115 2003 om-

571 2026 779 2095 nibus
828 2025 1248 2113 accipiebat:
1294 2025 1388 2092 ita
1436 2036 1512 2092 ut
1560 2045 1762 2113 saepe
1809 2046 1968 2092 cum
2020 2023 2179 2092 aliis
2228 2024 2616 2093 necessaria
2666 2023 3109 2102 ministraret,

571 2127 797 2203 egeret
844 2115 990 2203 ipse
1038 2115 1107 2180 in
1146 2113 1469 2203 pluribus
1499 2112 1720 2200 (verbi
1767 2111 2009 2200 causa)
2038 2113 2215 2191 cibo,
2253 2125 2371 2181 aut
2422 2125 2621 2180 veste.

660 2206 695 2289 ξ
744 2208 837 2274 6.
895 2203 1195 2288 Denique
1243 2222 1403 2270 cum
1437 2222 1508 2269 se
1549 2202 1829 2270 sentiret
1869 2200 2183 2271 decessui
2224 2202 2725 2291 propinquare:
2768 2206 2965 2281 DeuS,
3009 2201 3116 2268 in-

571 2292 744 2378 quit,
791 2305 865 2361 tu
914 2292 1071 2370 scis,
1110 2291 1290 2376 quod
1343 2303 1678 2376 quantum
1717 2290 1786 2357 in
1817 2312 1927 2358 me
1979 2289 2132 2370 fuit,
2188 2312 2459 2380 semper
2507 2291 2735 2380 optavi
2783 2290 3107 2376 quietem:

570 2381 744 2449 mihi
786 2380 1160 2458 intendere,
1216 2379 1341 2448 tibi
1390 2400 1650 2447 vacare.
1710 2378 1835 2446 Sed
1874 2378 2290 2467 implicitum
2344 2380 2563 2448 tenuit
2588 2380 2794 2446 timor
2824 2391 3009 2458 tuus,
3047 2389 3114 2447 et

570 2469 887 2539 voluntas
925 2468 1240 2547 fratrum,
1295 2480 1359 2537 et
1407 2467 1718 2537 studium
1762 2467 2149 2547 obediendi,
2183 2467 2654 2557 superomnia
2680 2466 2959 2537 Abbatis
2990 2489 3111 2557 pa-

574 2561 736 2628 riter
764 2573 829 2628 et
858 2558 1087 2627 fratris
1117 2579 1446 2649 germana
1476 2557 1773 2626 dilectio.
1807 2563 1905 2625 lta
1931 2569 2054 2626 est.
2080 2557 2343 2626 Gratias
2377 2558 2525 2638 tibi,
2552 2558 2780 2636 frater,
2806 2556 2891 2626 de
2919 2558 3112 2624 omni

568 2648 796 2718 fructu
828 2669 1139 2716 meorum
1186 2647 1278 2736 (si
1326 2647 1486 2732 quis
1532 2646 1663 2734 est)
1711 2646 1780 2714 in
1832 2647 2120 2735 Domino
2185 2645 2598 2716 studiorum.
2670 2646 2820 2714 Tibi
2867 2645 3103 2725 debeo,

571 2738 628 2806 si
713 2736 944 2817 rofeci,
1000 2737 1058 2804 si
1107 2735 1356 2824 profui.
1392 2741 1491 2803 Tu
1522 2734 1983 2814 intricabariS,
2036 2746 2101 2803 et
2132 2756 2258 2824 ego
2307 2746 2422 2805 tuo
2465 2734 2798 2804 beneficio
2829 2733 3114 2803 feriatus

571 2760 889 2895 sedebam
947 2825 1140 2904 mihi,
1186 2836 1303 2893 aut
1329 2836 1507 2892 certe
1537 2823 1791 2891 divinis
1822 2823 2170 2911 obsequiis
2199 2824 2507 2893 sanctius
2554 2822 2969 2913 occupabar,
2996 2834 3118 2893 aut

569 2914 921 2983 doctrinae
970 2913 1272 2982 filiorum
1335 2912 1578 2981 utilius
1637 2911 2103 2981 intendebam.
2160 2917 2292 2981 Cur
2337 2912 2522 2980 enim
2589 2933 2874 2982 securus
2922 2912 3113 2981 intus

571 3024 706 3071 non
759 3024 1006 3079 essem,
1043 3024 1205 3070 cum
1239 3014 1301 3070 te
1335 3002 1580 3070 scirem
1610 3014 1922 3090 agentem
1961 3000 2126 3071 foris
2160 3022 2447 3070 manum
2484 3000 3111 3082 dexterammeam,

569 3091 803 3159 lumen
853 3090 1211 3160 oculorum
1263 3111 1597 3169 meorum,
1643 3102 1883 3178 pectus
1946 3112 2175 3159 meum
2226 3101 2291 3159 et
2340 3090 2653 3179 linguam
2714 3092 2984 3158 meam?
3033 3092 3114 3159 Et

569 3179 850 3265 quidem
903 3177 1243 3249 indefessa
1275 3200 1547 3255 manus,
1602 3179 1848 3248 oculus
1883 3179 2197 3269 simplex,
2246 3190 2485 3267 pectus
2534 3178 2828 3258 consilii,
2868 3177 3113 3266 lingua

571 3268 861 3354 loquens
881 3267 1254 3357 Judicium,
1295 3269 1474 3335 sicut
1500 3266 1836 3355 scriptum
1874 3279 2008 3337 est:
2042 3290 2118 3338 os
2143 3268 2314 3356 justi
2354 3266 2799 3336 meditabitur
2839 3266 3117 3356 sapien-

535 3357 763 3436 ·tiam,
802 3371 865 3425 et
914 3356 1154 3446 lingua
1201 3357 1351 3445 ejus
1402 3356 1719 3442 loquetur
1756 3356 2133 3444 Judicium.

658 3447 695 3531 ξ
741 3450 818 3516 ’1.
865 3444 992 3515 Sed
1028 3444 1195 3532 quid
1229 3445 1371 3513 dixi
1411 3443 1575 3514 foris
1610 3457 1924 3534 agentem
1959 3444 2184 3526 illum,
2220 3443 2421 3531 quasi
2454 3443 2721 3513 interna
2770 3442 3115 3512 Gerardus

572 3536 886 3613 nesciret,
943 3555 1020 3603 ac
1061 3534 1530 3634 spiritualium
1562 3555 1802 3624 expers
1850 3545 2027 3604 esset
2062 3534 2737 3603 donorum?Norunt
2767 3532 2886 3621 qui
2911 3531 3113 3600 illum

571 3635 911 3693 noverunt
942 3622 1360 3711 spirltualeS,
1399 3644 1606 3709 quam
1643 3623 1850 3691 verba
1874 3622 2025 3711 eJus
2054 3622 2372 3713 spiritum
2410 3621 2814 3691 redolerent.
2854 3626 3118 3692 Norunt

570 3712 1119 3792 contubernales,
1156 3733 1365 3798 quam
1416 3733 1640 3781 mores
1697 3712 1847 3780 e'us
1881 3725 1945 3780 et
1974 3710 2203 3781 studia
2253 3732 2387 3779 non
2431 3732 2708 3780 carnem
2764 3721 3105 3800 saperent,

573 3800 689 3870 sed
740 3800 1076 3875 ferverent
1132 3801 1404 3889 spiritu.
1465 3801 1631 3882 Quis
1685 3734 1804 3869 islo
1852 3790 2141 3901 ri'gidior
2180 3801 2248 3868 in
2300 3799 2613 3870 custodia
2670 3798 3105 3890 disciplinae,

569 3890 727 3975 quis
760 3891 831 3958 in
880 3889 1280 3979 castigando
1314 3910 1566 3978 corpus
1615 3912 1822 3959 suum
1873 3889 2269 3969 dlstrictior,
2326 3888 2750 3978 suspensior,
2792 3887 2897 3956 vel
2946 3887 3111 3959 sub-

570 3977 802 4046 limior
832 3979 900 4046 in
935 3977 1490 4068 contemplando,
1545 3978 1862 4047 subtilior
1910 3980 1979 4046 in
2030 3977 2484 4049 disserendo?
2523 3977 2798 4059 Quoties
2827 3997 2989 4047 cum
3032 3996 3114 4045 eo

571 4066 918 4136 disserens
950 4089 1031 4136 ea
1077 4066 1291 4137 didici
1323 4088 1499 4154 quae
1539 4067 1954 4147 nesciebam,
2007 4079 2071 4135 et
2125 4067 2247 4153 qui
2297 4066 2628 4137 docturus
2667 4065 3104 4143 adveneram,

571 4155 812 4226 doctus
847 4156 1069 4246 magis
1108 4156 1456 4227 abscessi?
1494 4161 1624 4226 Nec
1674 4155 1930 4225 mirum
1965 4155 2051 4223 de
2080 4177 2212 4234 me,
2251 4177 2410 4223 cum
2447 4155 2683 4245 magni
2712 4176 2790 4224 ac
2840 4154 3114 4243 sapien·
3182 4210 3195 4227 .

573 4256 669 4313 tes
696 4246 823 4313 viri
865 4245 1171 4335 idipsum
1225 4245 1683 4315 nihilominus
1714 4268 1794 4315 ex
1844 4243 1960 4313 illo
2010 4243 2145 4313 sibi
2193 4244 2526 4314 accidisse
2566 4254 2919 4313 testentur.
2965 4246 3111 4312 Non

572 4333 887 4433 cognovit
918 4336 1366 4416 literaturam,
1406 4334 1526 4404 sed
1552 4333 1796 4404 habuit
1822 4333 2175 4403 literarum
2205 4334 2626 4402 inventorem
2652 4353 2957 4409 sensum,
2988 4332 3117 4398 ha-

572 4424 721 4495 bult
751 4436 816 4493 et
846 4423 1361 4496 illuminantem
1412 4423 1758 4514 spiritum.
1795 4427 1925 4493 Nec
1961 4423 2030 4491 in
2074 4422 2394 4492 maximis
2422 4433 2715 4503 tantum,
2771 4420 2887 4490 sed
2923 4431 2987 4488 et
3034 4420 3104 4487 in
