3357 4995
249 313 471 379 JUNII
523 311 607 377 ⁴7
868 329 951 375 nr.
987 329 1079 378 ss.
1131 329 1247 377 un.
1298 328 1576 387 uanum,
1631 328 1826 376 saum.
1873 328 1947 377 ΕΤ
1993 328 2223 376 mmm.
2589 311 2721 378 439

252 415 624 485 nobiscum
674 412 745 482 in
794 411 1017 503 gloria
1047 425 1112 483 et
1146 417 1521 504 potestate?
1551 417 1684 483 Nos
1713 411 1901 483 enim
1940 412 2245 503 populus
2281 412 2455 503 ejuS,
2507 424 2574 483 et
2601 436 2813 506 opera

254 524 597 574 manuum
644 501 819 593 ejus,
871 512 937 571 et
983 523 1140 572 eum
1187 515 1517 593 perpetuo
1549 500 2052 573 invocabimus,

343 595 382 680 ξ
427 596 506 664 S.
562 595 726 661 Cum
784 603 1016 662 autem
1074 591 1186 660 die
1257 591 1568 679 sequenti
1633 613 1837 661 mane
1899 590 2357 681 praesedisset
2411 597 2807 682 TyrannuS,

248 681 449 770 jubet
496 679 645 750 sisti
678 691 857 750 mart
906 702 1039 750 res:
1090 680 1214 768 qui
1261 701 1379 751 eos
1418 680 1724 771 primum
1773 679 2052 749 blandis
2092 680 2316 750 verbis
2363 693 2655 751 conatur
2702 683 2810 753 in-

258 769 529 851 ducere,
566 769 668 839 sic
706 769 839 838 cali
893 792 930 839 e
960 769 1364 839 existimans
1395 791 1467 839 se
1496 790 1698 859 posse
1728 768 1989 840 solvere
2021 771 2234 840 robur
2261 769 2503 852 animi,
2542 771 2816 842 etiamsi

257 871 532 950 propter
578 879 729 928 eam
779 879 956 946 quae
1004 856 1108 927 illi
1178 858 1527 928 coaluerat
1582 856 2083 928 immanitatem
2117 914 2133 940 ‚
2186 858 2625 949 asperitatem
2677 860 2812 931 mi-

257 948 443 1016 nime
489 947 872 1017 remiserat.
909 952 1321 1034 «Tanquam
1373 947 1607 1028 nobis,
1665 946 1916 1035 inquit,
1967 946 2334 1018 benevolos
2381 959 2447 1017 et
2492 949 2809 1039 ejusdem

256 1036 620 1107 nobiscum
670 1036 743 1105 in
791 1036 1120 1107 omnibus
1167 1036 1567 1118 sententiae,
1613 1058 1733 1107 vos
1764 1047 1984 1105 vester
2031 1041 2169 1107 Rex
2215 1036 2301 1105 ad
2348 1059 2455 1106 me
2489 1038 2701 1120 misit,
2735 1050 2813 1109 ut

252 1125 487 1195 bacin
540 1146 611 1193 re
659 1124 932 1195 fidelem
983 1137 1283 1196 vestrum
1326 1138 1392 1196 et
1438 1138 1715 1216 gratum
1765 1125 2079 1194 animum
2133 1147 2242 1194 ma
2296 1126 2355 1194 is
2417 1128 2808 1198 ostendere-

252 1214 362 1296 tis,
407 1213 592 1301 quod
642 1212 792 1283 dies
823 1213 1029 1284 festos
1062 1212 1424 1284 nobiscum
1458 1213 1924 1295 celebraretis,
1972 1226 2037 1283 et
2085 1214 2268 1284 simu
2346 1213 2802 1299 laetaremini,

252 1315 320 1372 et
364 1302 548 1390 quod
598 1303 874 1373 eosdem
926 1303 1090 1373 deos
1139 1302 1501 1373 nobiscum
1534 1302 1870 1384 coleretis,
1924 1303 2097 1372 etin
2150 1303 2344 1373 nulla
2399 1326 2472 1372 re
2519 1327 2559 1374 a
2609 1306 2811 1378 nobis

250 1391 699 1462 dissideretis.
754 1392 864 1463 Sic
912 1392 1097 1462 enim
1147 1405 1214 1461 et
1260 1390 1532 1461 foedera
1579 1414 1830 1462 sumus
1864 1391 2167 1462 habituri
2198 1391 2576 1475 stabiliora,
2630 1407 2695 1464 et
2728 1395 2810 1464 in

250 1481 338 1551 iis
368 1503 547 1569 quae
576 1494 882 1572 aguntur
929 1480 1388 1561 confidemus,
1443 1480 1500 1551 si
1548 1480 1790 1550 eadem
1842 1493 2070 1550 mente
2112 1495 2177 1549 et
2214 1481 2409 1552 cultu
2460 1483 2638 1552 inter
2687 1505 2812 1555 nos

249 1570 684 1660 colligemur.
712 1569 907 1652 Quod
950 1570 1010 1640 si
1043 1591 1163 1642 vos
1201 1568 1541 1657 quaedam
1574 1569 1712 1638 alia
1758 1580 1825 1639 et
1847 1569 2116 1639 sentitis
2140 1581 2206 1638 et
2244 1569 2546 1651 creditis,
2578 1571 2813 1643 sciatis

254 1682 376 1729 vos
427 1681 563 1729 non
599 1670 736 1729 tam
787 1659 1020 1728 venire
1068 1658 1325 1748 legatos
1350 1670 1415 1727 et
1440 1657 2016 1738 reconciliatores,
2063 1680 2273 1745 quam
2316 1659 2546 1729 hostes
2576 1672 2641 1729 et
2688 1660 2812 1730 ad-

257 1748 620 1819 versarios.
673 1752 842 1818 Nam
892 1748 951 1817 si
1000 1747 1068 1816 id
1102 1769 1237 1816 non
1294 1746 1482 1828 estiS,
1536 1748 1847 1827 omninO,
1887 1747 1945 1817 si
1981 1746 2154 1815 nihil
2213 1747 2429 1828 aliud,
2474 1751 2814 1838 oporteret

257 1860 374 1908 vos
424 1849 646 1906 vestra
686 1836 1001 1906 revereri.
1057 1840 1299 1907 Persae
1332 1835 1515 1904 enim
1569 1841 1709 1905 una
1758 1835 2119 1905 nobiscum
2170 1849 2235 1905 et
2282 1836 2530 1918 Solem,
2584 1850 2649 1907 et
2681 1843 2814 1909 Lu-

262 1948 449 2007 nam,
502 1937 568 1995 et
614 1924 882 2012 reliqua
929 1937 1113 1995 astra
1152 1924 1412 2005 colunt,
1468 1937 1534 1994 et
1581 1936 1930 2015 praeterea
1987 1924 2490 1997 lucidissimam
2538 1949 2815 2015 quoque

260 2014 443 2105 ignis
474 2014 873 2105 potentiam,
929 2036 1014 2084 ne
1068 2014 1241 2084 alios
1287 2035 1562 2102 quoque
1609 2014 1774 2084 deos
1833 2035 2257 2095 enumerem,
2311 2035 2485 2102 quos
2530 2017 2618 2085 ab
2680 2016 2815 2087 alte

256 2107 463 2193 petito
527 2117 942 2174 venerantur
990 2104 1356 2194 principi0,
1414 2125 1456 2171 a
1501 2103 1761 2191 quibus
1810 2102 2010 2172 nobis
2083 2126 2358 2191 quoque
2406 2103 2800 2188 donantur,

252 2213 731 2279 quaecumque
778 2203 943 2263 sunt
978 2193 1262 2291 optima,
1316 2204 1380 2262 et
1413 2214 1453 2260 a
1499 2192 1759 2280 quibus
1816 2192 2066 2283 pendet
2114 2192 2597 2264 universorum
2650 2216 2806 2284 pro-

257 2279 627 2349 videntia.»
678 2281 797 2350 Cui
828 2294 1049 2351 sancti
1083 2281 1294 2351 simul
1334 2294 1399 2351 et
1445 2279 1709 2350 fortiter
1747 2281 2290 2370 responderunt:

341 2370 379 2455 ξ
426 2372 521 2438 9.
580 2374 790 2450 «NoS,
844 2392 885 2439 o
934 2375 1336 2459 Imperator,
1374 2370 1495 2457 qui
1544 2369 1631 2439 ab
1682 2369 1880 2438 initio
1912 2369 2279 2439 Christiani
2313 2381 2378 2440 et
2411 2392 2684 2451 sumus,
2736 2383 2805 2441 et

256 2457 475 2529 vocati
524 2481 772 2529 sumus
793 2458 1007 2549 (hanc
1036 2459 1224 2529 enim
1259 2480 1427 2541 rem,
1481 2474 1547 2529 et
1592 2458 1723 2528 hoc
1756 2479 2004 2529 nomen
2057 2458 2353 2528 maxime
2389 2458 2801 2543 venerabile,

252 2569 380 2618 nos
431 2560 660 2618 noster
706 2548 942 2619 docuit
988 2548 1456 2639 paedagoguS,
1499 2548 1600 2616 vir
1646 2546 1763 2616 ille
1802 2548 1871 2616 in
1926 2549 2133 2617 rebus
2182 2547 2436 2618 divinis
2472 2548 2797 2641 insignis,

252 2648 318 2706 et
348 2637 594 2711 virtute
643 2636 1232 2728 incomparabiliS,
1287 2635 1408 2724 qui
1442 2636 1646 2706 etiam
1687 2648 1964 2726 propter
2010 2658 2161 2705 earn
2216 2636 2474 2728 dignus
2521 2652 2625 2707 est
2681 2638 2806 2708 ha·

250 2726 439 2796 bitus
486 2724 911 2797 sacerdotio:
954 2726 1042 2795 iis
1071 2738 1325 2805 autem,
1361 2726 1673 2812 quicum
1715 2747 1796 2794 eo
1847 2726 2319 2806 versabantur,
2378 2738 2638 2796 tantam
2693 2727 2806 2797 sui

250 2814 586 2885 excitabat
632 2813 1203 2895 benevolentiam,
1240 2826 1501 2902 quanta
1549 2835 1635 2883 ne
1664 2813 1806 2883 dici
1836 2814 2118 2901 quidem
2154 2826 2407 2905 potest:
2447 2837 2608 2884 nam
2657 2816 2811 2906 ejus

252 2925 527 3060 guoque
573 2924 825 2973 nomen
864 2917 1010 2973 erat
1044 2904 1391 2973 Eunoicus
1463 2904 1615 2983 hoc,
1654 2903 1967 2990 inquam,
2005 2902 2147 2972 viro
2172 2904 2441 2973 virtutis
2472 2903 2805 2986 studioso,

306 3014 431 3062 uce
463 3005 529 3061 et
577 2992 906 3082 magistro
936 2993 1044 3063 usi
1078 2993 1148 3062 in
1198 2992 1387 3062 omni
1441 3015 1549 3073 uS,
1604 2991 1905 3062 maxime
1954 3015 2114 3062 cum
2170 2992 2476 3063 sciamus
2517 3004 2807 3062 matrem

253 3103 531 3167 quoque
570 3079 786 3152 fuisse
820 3084 906 3153 ab
944 3082 1124 3152 eoin
1156 3082 1403 3171 pietate
1428 3080 1794 3161 initiatam,
1832 3091 1899 3150 et
1944 3102 2217 3151 summe
2257 3081 2343 3151 ab
2392 3103 2471 3150 eo
2502 3094 2802 3173 captam,

257 3191 647 3258 nunquam,
685 3192 862 3256 quae
921 3182 1084 3240 sunt
1131 3172 1218 3240 ab
1271 3192 1350 3240 eo
1386 3169 1585 3240 nobis
1634 3169 1923 3250 tradita,
1987 3180 2125 3239 tam
2184 3171 2482 3259 pretiosa
2526 3183 2591 3240 et
2639 3171 2810 3240 tanti

253 3256 592 3339 facienda,
645 3272 764 3328 aut
804 3259 1387 3350 praeterierimuS,
1435 3272 1555 3329 aut
1600 3256 1931 3328 oblivioni
1973 3256 2558 3329 mandaverimus:
2603 3260 2812 3330 rebus

255 3359 486 3417 autem
536 3348 780 3417 vestris
828 3347 1333 3418 inconsiderate
1365 3348 1681 3418 animum
1733 3345 2285 3429 adhibuerimus,
2330 3369 2506 3436 quae
2554 3347 2815 3418 habent

254 3435 532 3506 fraudes
579 3435 1151 3518 innumerabileS,
1192 3449 1490 3538 suntque
1572 3434 1730 3505 lane
1766 3435 1936 3507 viles
1979 3448 2044 3506 et
2091 3437 2420 3528 abjectae,
2478 3437 2814 3525 quoniam

254 3546 379 3594 nec
415 3525 543 3594 hae
570 3525 850 3613 quidem
904 3525 1161 3596 fuerint
1186 3525 1450 3613 aliquid
1483 3458 1702 3606 aliud,
1735 3547 1946 3613 quam
1987 3546 2178 3595 error
2206 3538 2272 3595 et
2306 3547 2534 3596 merae
2555 3547 2805 3616 nugae.

254 3614 601 3696 Quidnam
644 3627 873 3685 autem
927 3615 1054 3685 hoc
1086 3614 1452 3685 fecerimus
1498 3635 1810 3700 unquam
1843 3613 2310 3703 insipientius,
2349 3614 2409 3684 si
2457 3613 2816 3702 coeliqui-

256 3700 412 3772 dem
446 3702 770 3773 factorem
808 3703 1319 3791 reliquerimus.
1361 3702 1564 3772 malis
1604 3724 1762 3772 vero
1807 3703 2265 3774 daemonibus
2298 3703 2612 3773 divinum
2663 3702 2815 3773 cul-

251 3804 398 3861 tum
444 3791 942 3863 tribuerimus?
990 3798 1130 3863 Hoc
1162 3804 1339 3864 esset
1394 3792 1681 3861 insanae
1728 3804 1796 3861 et
1844 3790 2046 3881 plane
2092 3804 2356 3862 emotae
2409 3792 2683 3861 mentis.
2743 3791 2815 3861 Si

254 3893 479 3977 autem
524 3881 742 3951 nostri
795 3882 1088 3971 majores
1138 3893 1545 3951 manserunt
1575 3879 1644 3948 in
1692 3880 1897 3951 veteri
1931 3902 2182 3960 errore,
2219 3903 2303 3951 ne
2341 3880 2569 3950 dicam
2625 3879 2813 3968 quod

256 3988 404 4057 ipse
449 3990 725 4126 guoque
774 3984 967 4060 pater
1012 3968 1278 4051 eadem,
1331 3991 1511 4056 quae
1559 3967 1689 4049 illi,
1741 3982 2013 4040 errante
2065 3969 2299 4039 animo
2337 3982 2438 4040 est
2486 3983 2810 4050 sectatuS,

258 4057 449 4125 noni
504 4079 583 4128 eo
616 4080 657 4129 a
704 4060 905 4129 nobis
939 4058 1113 4129 fides
1157 4058 1617 4148 abjurabitur,
1669 4080 1881 4146 quam
1935 4057 2226 4149 professi
2286 4081 2535 4129 sumus
2582 4079 2815 4128 coram

260 4147 397 4212 Deo
443 4156 509 4214 et
553 4148 852 4247 Angelis.
884 4153 1052 4220 Nam
1091 4147 1293 4218 multi
1324 4146 1608 4236 quidem
1641 4169 1723 4217 ex
1756 4147 1843 4218 iis
1888 4147 2010 4235 qui
2058 4160 2220 4217 sunt
2258 4148 2440 4238 apud
2481 4169 2631 4229 nos,
2664 4151 2817 4216 Per-

257 4231 379 4314 sis,
415 4233 543 4303 hoc
571 4235 852 4322 quidem
905 4248 1359 4318 tentaverunt,
1415 4258 1552 4307 non
1606 4247 1979 4327 potuerunt
2018 4249 2243 4306 tamen
2305 4247 2610 4306 nostram
2663 4257 2817 4304 mu-

262 4334 408 4391 tare
449 4325 884 4396 sententiam.
938 4331 1018 4396 Et
1064 4326 1147 4406 si,
1205 4338 1484 4417 propter
1514 4347 1693 4413 quae
1744 4324 2086 4400 venimus,
2146 4345 2285 4395 non
2334 4323 2591 4396 fuerint
2642 4323 2816 4392 inita

259 4409 561 4493 foedera,
616 4412 738 4483 tibi
768 4413 1052 4502 quidem
1095 4414 1165 4484 id
1213 4414 1344 4487 erit
1372 4414 1659 4485 omnino
1708 4413 2224 4505 imputandum,
2258 4412 2380 4501 qui
2427 4412 2703 4482 mittens
2734 4432 2817 4481 ea
