3357 4995
248 280 285 343 J
301 279 473 343 UNII
526 278 608 340 ’16
967 293 1042 338 DE
1091 293 1148 338 s.
1204 289 1490 337 amnone
1538 289 1833 335 msNENffl
1885 288 2080 335 emsc.
2393 271 2410 288 '
2588 270 2703 335 391

251 383 385 453 soli
460 386 588 448 er
657 379 906 448 servire
992 388 1248 466 posset:
1304 389 1506 462 atque
1579 374 1834 443 idcirco
1908 375 2113 442 rebus
2171 373 2358 463 apud
2433 372 2806 443 Ecclesiam

255 493 454 543 suam
517 481 834 537 accurate
885 464 1307 556 compositiS,
1365 464 1509 552 ipse
1554 462 1985 531 Occidentem
2042 484 2279 531 versus
2336 462 2418 530 ad
2472 473 2810 532 extremos

262 562 649 629 dioeceseos
715 578 880 626 suae
945 556 1155 632 fines,
1241 553 1472 621 villam
1548 551 1806 620 scilicet
1871 552 2300 650 Naumborg,
2381 553 2622 641 paucis
2694 552 2817 620 ad-

261 648 543 716 modum
621 647 764 713 viae
836 666 1000 713 suae
1067 642 1363 712 consciis
1412 642 1734 711 secessit:
1791 640 2023 726 ibique
2092 640 2477 709 aediculam
2544 642 2609 708 in
2689 642 2812 710 ho-

262 758 425 804 nore
471 737 666 803 divae
717 733 1150 818 Parthenices
1197 745 1263 806 et
1310 730 1620 799 omnium
1683 728 1852 797 coeli
1923 729 2301 818 indigetum
2360 751 2807 808 consecranS,

264 824 781 914 pretiosissimis
818 844 969 890 eam
1026 821 1304 888 donavit
1353 819 1661 905 reliquiis
1697 841 1774 886 ac
1827 818 2300 907 indulgentiiS,
2366 840 2539 903 quas
2590 840 2814 908 nuper

263 919 479 982 Roma
512 934 741 983 secum
808 923 1291 998 asportaverat.
1345 909 1542 977 Juxta
1600 907 1837 975 aedem
1894 929 2069 988 vero,
2123 906 2365 975 cellam
2419 929 2628 976 unam
2683 907 2813 976 hu-

262 1002 499 1071 milem
556 1023 676 1090 pro
728 1022 797 1070 se
846 1013 910 1067 et
958 997 1306 1066 sacerdote
1353 1019 1557 1083 quem
1609 1018 1841 1065 secum
1910 996 2223 1069 habebat,
2295 1018 2373 1064 eo
2421 996 2812 1065 aedificavit

262 1092 519 1169 animo,
566 1104 641 1158 ut
691 1088 1039 1178 deincepS,
1095 1087 1229 1155 nisi
1277 1084 1690 1175 episcopalis
1729 1107 1935 1152 curae
2001 1105 2284 1153 munere
2332 1086 2666 1175 exigente,
2727 1086 2813 1153 ab

261 1203 341 1248 ea
379 1201 721 1264 nusquam
759 1177 1156 1246 discederet.
1194 1181 1439 1244 Verum
1475 1188 1733 1262 quanto
1769 1175 1990 1262 magis
2023 1172 2233 1242 latere
2261 1173 2472 1241 voluit
2522 1173 2811 1242 humilis

265 1270 511 1337 Christi
564 1289 825 1345 servus,
883 1278 1066 1334 tanto
1105 1287 1263 1334 eum
1326 1264 1772 1352 magnificare
1821 1263 2103 1352 dignata
2141 1274 2241 1330 est
2284 1262 2578 1352 propitia
2632 1262 2810 1330 divi-

261 1359 465 1435 nitas,
515 1358 582 1424 in
620 1356 1029 1424 hodiernum
1066 1375 1285 1439 usque
1331 1353 1511 1420 diem
1551 1365 1826 1424 testans,
1861 1374 2068 1437 quam
2121 1363 2391 1450 gratum
2433 1351 2621 1419 coelo
2664 1350 2808 1421 sue-

266 1447 356 1513 rit
414 1447 623 1535 liujus
672 1445 900 1513 dilecti
953 1444 1126 1512 servi
1178 1443 1287 1510 sui
1339 1441 1774 1527 obsequium.
1847 1447 1919 1508 In
1988 1452 2188 1509 certis
2237 1440 2419 1507 enim
2481 1459 2808 1530 agrorum

268 1536 556 1612 semitis,
629 1556 801 1620 quas
868 1532 979 1600 ille
1039 1531 1294 1601 ibidem
1357 1552 1541 1599 more
1590 1551 1715 1598 suo
1757 1542 1906 1618 post
1966 1529 2180 1596 divini
2249 1527 2453 1597 oflicii
2515 1550 2806 1618 pensum

262 1622 775 1692 deambulando
838 1621 1367 1705 meditandoque
1427 1618 1719 1709 pedibus
1766 1618 1914 1687 suis
1965 1618 2422 1708 sanctissimis
2471 1618 2802 1696 calcavit,

267 1712 691 1780 frumentum
744 1710 971 1779 adhuc
1023 1710 1224 1777 hodie
1272 1708 1477 1777 citius
1526 1708 1829 1776 flavescit
1878 1707 2434 1791 maturescitque,
2478 1707 2646 1791 quin
2677 1705 2815 1775 ser—

264 1801 448 1869 tilior
494 1802 696 1869 etiam
755 1800 953 1888 longe
993 1821 1187 1888 seges
1222 1799 1287 1865 in
1341 1797 1575 1865 eodem
1623 1796 1770 1864 loco
1817 1818 2023 1882 quam
2080 1818 2199 1885 per
2235 1796 2457 1862 vicina
2505 1797 2811 1864 circum-

265 1913 538 1976 quaque
580 1912 740 1957 rura
777 1889 1105 1956 nascitur.
1145 1886 1215 1954 ld
1253 1887 1437 1973 quod
1472 1907 1597 1974 ego
1628 1907 1760 1953 non
1796 1884 2019 1955 solum
2061 1907 2139 1952 ex
2174 1883 2467 1952 aliorum
2502 1884 2804 1974 scriptis,

266 1980 757 2047 verum-retiam
817 1976 1038 2046 oculis
1100 1975 1270 2044 meis
1328 1988 1754 2064 compertum
1808 1974 2070 2042 habeo:
2125 1986 2190 2041 et
2238 1972 2374 2040 vidi
2445 1973 2606 2059 quia
2659 1994 2812 2042 vere

267 2073 445 2136 Deus
477 2066 816 2136 mirabilis
868 2067 933 2156 in
987 2064 1242 2134 sanctis
1282 2065 1451 2133 suis.
1492 2063 1743 2131 Eadem
1775 2074 2002 2130 autem
2061 2083 2345 2146 praecox
2380 2062 2528 2151 agri
2576 2063 2811 2151 cujus-

267 2157 426 2223 dam
480 2156 789 2223 fertilitas
842 2154 911 2221 in
953 2155 1209 2234 Gedau,
1265 2154 1384 2222 ubi
1423 2153 1675 2241 pariter
1714 2152 2089 2237 aliquando
2129 2150 2810 2238 contemplabundus

269 2244 756 2317 deambulavit.
810 2266 848 2311 a
890 2242 1182 2312 Plebano
1222 2240 1531 2311 e'usdem
1586 2240 1715 2308 loci
1763 2240 1992 2309 medio
2030 2262 2249 2329 nuper
2291 2240 2688 2328 juramento
2741 2240 2808 2305 in

274 2332 586 2400 examine
621 2333 892 2401 testium
936 2354 1229 2418 quorum
1286 2353 1423 2410 am,
1459 2330 1770 2418 deposita
1801 2342 1925 2398 est.
2671 2364 2682 2376 2

359 2423 394 2507 ξ
441 2424 587 2492 31.
644 2420 1003 2488 Memoriae
1035 2442 1308 2508 quoque
1343 2419 1704 2488 hominum
1745 2418 2091 2508 proditum
2126 2431 2226 2485 est
2258 2416 2616 2485 communi
2652 2437 2812 2485 voce

272 2534 350 2579 ac
419 2510 640 2578 sama:
698 2509 877 2595 quod
929 2533 1087 2578 cum
1156 2509 1595 2579 beatissimus
1664 2514 1893 2577 Benno
1943 2507 2331 2595 frequenter
2384 2519 2534 2595 post
2581 2528 2815 2576 sacra-

276 2613 663 2667 mentorum
719 2599 1184 2667 tractationem
1243 2621 1321 2667 ex
1389 2597 1608 2667 oculis
1682 2595 2027 2686 Capeliani
2097 2596 2207 2663 sui
2266 2616 2694 2674 evanescere,
2753 2607 2820 2663 et

270 2688 599 2775 agilitatis
639 2709 922 2756 munere
973 2688 1037 2754 in
1090 2687 1376 2756 ecclesia
1426 2709 1551 2755 sua
1603 2686 1965 2755 Missnensi
2015 2685 2243 2754 subito
2290 2684 2641 2764 constitui,
2714 2683 2817 2750 in-

271 2778 492 2863 deque
543 2777 758 2846 sacris
784 2775 1109 2845 omnibus
1134 2775 1459 2845 confectis
1488 2776 1572 2844 ad
1605 2788 2003 2844 consuetam
2059 2773 2332 2863 prandii
2385 2773 2621 2840 horam
2651 2794 2812 2841 cum

275 2864 642 2955 capellano
692 2886 817 2935 suo
860 2866 1102 2933 iterum
1158 2865 1224 2931 in
1259 2864 1436 2933 dicta
1508 2863 1665 2931 villa
1720 2885 2040 2952 praesens
2081 2862 2318 2931 adesse
2369 2860 2650 2952 soleret:
2705 2883 2817 2928 ca-

275 2968 471 3043 ptum
536 2953 909 3040 aliquando
960 2953 1337 3022 vehementi
1412 2952 1856 3042 Capellanum
1909 2951 2389 3029 admiratione,
2444 2950 2814 3018 abeuntem

277 3064 481 3111 mane
511 3044 749 3111 lterum
783 3042 1308 3131 diligentissime
1341 3041 1762 3117 observasse,
1802 3063 2093 3127 moxque
2125 3041 2514 3109 insecutum
2550 3051 2821 3127 praeter

276 3153 491 3219 pauca
547 3133 613 3198 in
658 3131 911 3199 recenti
964 3131 1211 3219 pruina
1264 3130 1547 3219 vestigia
1597 3129 1769 3197 nihil
1810 3130 2141 3219 reperisse
2184 3127 2447 3196 indicii.
2508 3128 2635 3195 Sed
2679 3140 2816 3197 sta-

276 3220 397 3286 tim
453 3221 656 3287 veluti
707 3220 980 3288 turbine
1006 3233 1382 3307 arreptum,
1439 3220 1506 3287 in
1559 3218 1743 3287 dicta
1779 3218 2140 3287 Missnensi
2172 3216 2460 3286 ecclesia
2505 3227 2655 3305 post
2685 3228 2819 3283 ter-

275 3331 438 3399 gum
492 3308 754 3376 domini
821 3308 925 3376 sui
990 3306 1451 3407 geniculantis
1501 3308 1568 3375 in
1626 3308 1831 3397 pedes
1902 3306 2313 3375 constitisse.
2369 3311 2584 3387 Quem
2656 3326 2817 3372 cum

273 3398 476 3465 divus
520 3410 708 3486 pater
748 3398 816 3465 in
853 3397 1101 3495 spiritu
1127 3396 1365 3465 adesse
1389 3396 1692 3471 sentiret,
1735 3395 2018 3485 ipseque
2066 3394 2570 3463 consummatis
2604 3394 2822 3461 sacris

275 3507 463 3553 inore
514 3507 638 3555 suo
690 3507 841 3553 mox
884 3498 1130 3553 iterum
1186 3486 1250 3552 in
1288 3484 1534 3553 cellam
1564 3507 1788 3558 suam.
1844 3483 2253 3572 Capellanus
2284 3503 2437 3550 vero
2473 3482 2578 3550 vix
2606 3482 2820 3549 altero

275 3573 386 3641 die
438 3586 883 3643 reverteretur
940 3576 1094 3661 (est
1162 3574 1345 3641 enim
1407 3574 1733 3642 distantia
1785 3572 2090 3640 locorum
2155 3577 2237 3639 23
2289 3570 2592 3639 millium
2669 3591 2825 3659 pas—

274 3664 514 3749 suum)
543 3663 838 3749 graviter
862 3683 1018 3730 eum
1057 3662 1525 3751 increpitasse,
1555 3673 1621 3729 et
1647 3660 1777 3729 sub
1804 3660 2263 3729 anathematis
2293 3682 2468 3727 nexu
2498 3658 2821 3737 vetuisse,

274 3773 359 3818 ne
418 3774 495 3819 eo
565 3752 824 3819 vivente
894 3751 1221 3838 cuiquam
1287 3750 1647 3819 hominum
1708 3750 1896 3835 quod
1941 3749 2195 3818 factum
2253 3763 2396 3817 erat
2470 3747 2821 3836 proderet:

277 3839 446 3907 adeo
487 3841 707 3909 abluit
736 3863 775 3908 a
805 3839 997 3909 beato
1035 3840 1199 3919 viro,
1257 3839 1442 3926 quod
1491 3838 1783 3929 gloriam
1821 3862 2018 3909 suam
2055 3850 2431 3924 quaereret.
2467 3842 2825 3906 Caeterum

276 3949 402 3996 nos
442 3951 663 4015 neque
695 3929 824 3997 ista
863 3941 1115 3998 temere
1140 3930 1540 4005 asserimuS,
1589 3949 1809 4013 neque
1845 3939 2153 4017 proterve
2184 3926 2588 3995 abnuimus.
2627 3930 2827 3993 Prae-

279 4029 451 4084 terea
494 4017 561 4085 in
600 4018 1004 4086 memoriam
1040 4018 1182 4086 divi
1216 4016 1562 4086 Bennonis
1608 4016 1838 4085 adhuc
1875 4015 2076 4083 hodie
2114 4015 2487 4101 quotannis
2519 4013 2830 4082 celebra-

277 4118 390 4173 tur
438 4106 683 4195 ingens
733 4106 973 4197 populi
1013 4128 1397 4177 concursus
1446 4106 1514 4173 in
1548 4105 1734 4175 dicta
1780 4103 1943 4173 villa
1981 4103 2376 4193 Naumborg
2411 4102 2637 4171 tribus
2683 4102 2832 4169 die-

274 4193 406 4262 bus
456 4195 1029 4284 praecedentibus
1087 4207 1154 4264 et
1201 4194 1650 4282 sequentibus
1692 4193 1938 4262 festum
1996 4192 2310 4262 omnium
2387 4195 2826 4267 Sanctorum,

224 4348 228 4351 ,
278 4304 574 4380 quorum
644 4285 912 4353 nomini
968 4285 1077 4373 (ut
1125 4284 1623 4374 praediximus)
1746 4282 1856 4353 ius
1903 4281 2206 4371 pontifex
2261 4278 2628 4376 ecclesiam
2683 4277 2836 4346 suis

278 4370 440 4439 olim
468 4372 821 4441 manibus
870 4372 1142 4442 dicavit.
1197 4378 1371 4443 Sunt
1415 4370 1682 4442 etiami
1738 4371 1917 4440 idem
1953 4371 2196 4441 ruinae
2243 4367 2457 4437 cellae
2498 4367 2727 4456 ipsms
2765 4376 2834 4433 et
