3357 4995
236 313 273 376 J
286 311 459 378 UNII
512 312 592 374 ‘¹6
710 389 715 394 .
962 330 1041 375 nr.
1089 330 1144 375 s,
1200 328 1488 377 ammom:
1537 327 1832 376 MISNENSI
1865 319 2079 375 muse.
2571 311 2700 375 385

237 415 384 483 viro
433 416 740 484 Bennoni
779 434 916 482 non
954 435 1203 505 parum
1240 413 1578 483 succrevit
1612 411 1868 482 laboris
1899 422 1965 481 et
2014 412 2327 502 periculi.
2382 414 2789 483 Discordan-

241 503 429 572 tibus
476 503 659 572 enirn
704 505 883 573 inter
915 524 988 571 se
1039 503 1332 573 summis
1380 503 1568 572 orbis
1601 500 2032 582 cardinibuS,
2094 500 2271 571 facta
2327 516 2429 571 est
2476 502 2793 572 confusio

237 592 766 673 elementorum,
822 591 950 661 hoc
998 603 1121 673 est,
1162 590 1624 661 Praelatorum
1681 589 2127 660 inferiorum:
2180 605 2246 659 et
2295 613 2623 680 percusso
2673 614 2795 680 pa—

239 693 443 761 store,
508 680 859 771 dispersae
912 692 1074 749 sunt
1121 702 1278 749 oves
1348 680 1599 770 gregis,
1654 684 1821 750 Nam
1871 700 1953 748 ex
2000 680 2326 748 omnibus
2388 680 2790 749 Germaniae

241 769 602 859 Episcopis
641 769 972 861 perpauci
1007 769 1266 858 inventi
1316 783 1501 846 sunt,
1554 768 1674 854 qui
1712 773 2020 837 Romano
2055 768 2365 837 Pontifici
2412 781 2574 838 tunc
2622 770 2794 838 inte-

238 880 438 948 gram
488 871 837 929 servarent
886 857 1117 926 fidem.
1159 862 1206 925 E
1240 857 1497 944 quibus
1546 857 1735 926 fuere
1791 862 1981 926 Anno
2038 856 2485 937 Coloniensis,
2546 858 2796 928 Wecilo

240 946 890 1039 MagdeburgensiS,
969 952 1187 1016 Bucco
1247 958 1311 1015 et
1371 945 1865 1015 Burckhardus
1923 945 2539 1026 HalberstatensiS‚
2607 951 2791 1016 Wer-
2867 999 2880 1012 .

244 1037 503 1126 nherus
541 1036 1148 1126 Met-seburgensiS,
1202 1048 1267 1104 et
1303 1040 1529 1105 Benno
1580 1047 1810 1105 noster
1858 1034 2296 1104 Missnensis:
2351 1035 2602 1105 caeteri
2658 1035 2797 1105 fere

243 1146 486 1193 omnes
523 1127 747 1214 regias
782 1138 1007 1214 partes
1049 1124 1264 1193 secuti
1298 1137 1481 1192 sunt.
1523 1124 1734 1213 Cujus
1771 1136 1907 1192 tam
1953 1123 2377 1212 perniciosae
2426 1124 2797 1193 dissensio—

246 1214 358 1281 nis
406 1236 655 1283 causas
703 1214 996 1282 breviter
1045 1234 1399 1303 reponam.
1456 1212 1785 1282 Defuncto
1835 1211 2212 1281 Alexandro
2246 1218 2305 1281 ΙΙ
2342 1214 2670 1283 suffectus
2697 1228 2798 1283 est

242 1302 302 1369 ei
354 1303 568 1390 (anno
644 1302 914 1391 irnxxtn)
975 1302 1351 1391 Gregorius
1453 1302 1817 1380 medietas,
1893 1303 2007 1370 cui
2065 1300 2532 1370 Hildebrando
2597 1314 2797 1373 antea

244 1413 494 1459 nomen
534 1390 694 1461 fuit:
750 1403 814 1460 et
860 1391 1024 1477 quia
1098 1390 1391 1460 inconsu
1426 1405 1489 1459 to
1561 1396 1866 1468 Caesare,
1920 1389 2087 1459 solis
2136 1389 2398 1459 scilicet
2469 1392 2799 1461 Romanis

246 1479 661 1559 faventibus,
724 1479 811 1549 ad
876 1478 1305 1570 Apostolatus
1353 1481 1621 1568 apicem
1687 1479 2201 1558 conscenderat,
2260 1479 2423 1548 hinc
2494 1480 2794 1569 primum

248 1582 489 1637 contra
528 1591 687 1637 eum
732 1568 1192 1638 accusationis
1217 1591 1294 1636 ca
1349 1581 1426 1638 ut
1455 1581 1813 1657 sumptum
1857 1567 1978 1636 e‘st.
2028 1573 2167 1637 Mos
2201 1569 2386 1636 enim
2429 1580 2595 1637 tunc
2627 1581 2794 1637 erat:

254 1679 339 1725 ne
386 1656 545 1742 quis
582 1680 702 1747 pro
751 1663 1060 1726 Romano
1096 1657 1285 1726 Ponti
1318 1679 1421 1726 tce
1446 1656 1898 1736 salutaretur„
1923 1657 2056 1727 nisi
2093 1679 2301 1743 quem
2355 1659 2805 1748 Imperatoria

248 1745 663 1816 destinasset
694 1747 1128 1836 probassetve
1168 1746 1561 1816 auctoritas.
1602 1744 1917 1816 Secundo
1950 1745 2284 1814 invidiam
2316 1746 2524 1815 etiam
2576 1748 2804 1816 Ponti-

242 1834 364 1902 ·fici
451 1835 711 1934 peperit
785 1836 1153 1904 maximam
1227 1834 1410 1921 quod
1470 1834 1746 1905 duobus
1809 1835 2127 1903 maximis
2184 1835 2631 1904 Sacerdotum
2707 1836 2803 1904 vi-

250 1923 369 1991 tiis
417 1924 865 2013 extirpandiS,
922 1921 1348 1994 Simoniacae
1400 1924 1711 1992 videlicet
1763 1924 2077 2012 pravitati
2140 1938 2204 1992 et
2254 1922 2602 2002 lasciviae,
2664 1937 2798 1992 tam

253 2025 683 2082 constantem
713 2012 1005 2081 navabat
1054 2034 1358 2101 operam,
1400 2012 2034 2082 Concubinarios'et
2084 2013 2511 2088 Simoniacos
2562 2034 2802 2082 omnes

258 2102 535 2189 passim·
572 2102 1008 2170 anathemate
1055 2100 1329 2171 feriens.
2783 2129 2794 2140 ·

343 2193 378 2276 ἓ
431 2194 599 2261 20.
655 2190 781 2259 Sed
836 2202 900 2259 et
948 2195 1302 2259 Caesarem
1353 2189 1582 2279 ipsum
1636 2188 2005 2279 Gregorius
2053 2191 2140 2259 ob
2193 2190 2470 2259 easdem
2521 2212 2796 2271 causaS,

253 2277 342 2346 ad
393 2278 747 2366 synodalia
797 2300 1125 2370 responsa
1175 2300 1376 2368 saepe
1424 2277 1681 2347 frustra
1724 2290 2062 2359 vocatum,
2112 2278 2385 2347 tandem
2422 2300 2579 2346 cum
2633 2302 2801 2379 pur-

245 2375 419 2457 'gare
450 2389 520 2437 se
548 2367 780 2448 nollet,
817 2368 903 2436 ab
932 2367 1232 2436 Ecclesia
1261 2367 1590 2456 primum,
1624 2365 1802 2437 Petri
1833 2367 2215 2456 amputavit
2249 2366 2513 2456 gladio:
2550 2366 2802 2435 deinde

253 2477 466 2546 regno
499 2457 702 2526 etiam
754 2456 1232 2536 exauctoravit,
1295 2456 1617 2546 adempta
1663 2456 1854 2525 omni
1926 2457 2111 2545 regia
2161 2454 2794 2537 administratione,

251 2559 318 2614 et
358 2545 694 2615 absolutis
744 2546 1093 2615 fidelitatis
1144 2559 1571 2615 sacramento
1619 2543 1940 2614 subditis,
2009 2551 2231 2628 Quare
2281 2544 2615 2614 confusus
2659 2551 2801 2615 im-

248 2647 549 2724 perator,
595 2635 829 2704 habito
861 2634 1045 2723 apud
1088 2636 1528 2704 Wormatiam
1564 2632 1858 2703 concilio
1891 2655 2125 2703 secum
2155 2633 2600 2702 sentientium
2643 2634 2804 2723 Epi-

251 2745 650 2813 scoporum,
705 2723 1104 2793 Pontificem
1159 2724 1301 2793 vice
1336 2745 1525 2792 versa
1574 2723 1915 2813 deposuit.
1949 2727 2288 2809 Dataeque
2318 2734 2482 2791 sunt
2521 2722 2802 2806 adeum

251 2812 496 2881 literae
544 2812 875 2883 conviciis
924 2812 1202 2902 plenae:
1257 2812 1516 2898 quibus
1547 2825 1621 2880 ut
1663 2812 1968 2901 seipsum
2020 2811 2450 2890 PontificatU‚
2497 2833 2699 2897 quem
2737 2812 2803 2879 vi

254 2900 641 2987 fraudeque
684 2901 1047 2991 rapuisset,
1099 2900 1282 2971 ultro
1321 2900 1694 2981 abdicaret,
1741 2913 2048 2991 proterve
2075 2900 2500 2969 *mandatum
2551 2911 2675 2969 est.
2713 2904 2803 2968 Eo

249 2991 571 3059 vesaniae
618 2996 718 3058 Im
776 3000 1105 3060 eratorem
1157 2990 1522 3059 induxerat
1567 3010 1770 3059 caeca
1809 2989 2244 3059 sacerdotum
2278 2988 2429 3078 (qui
2468 3001 2628 3057 tunc
2671 2988 2805 3057 sre-

249 3092 540 3164 quentes
572 3101 712 3168 apu
800 3100 956 3147 eum
989 3080 1213 3168 erant)
1260 3077 1498 3147 libido.
1538 3079 1895 3147 Timebant
1923 3080 2135 3159 enim,
2192 3079 2247 3149 si
2285 3099 2445 3147 cum
2475 3077 2803 3146 Pontifice

250 3167 325 3234 in
377 3166 671 3256 gratiam
723 3166 995 3247 rediret,
1035 3180 1265 3237 actum
1289 3190 1439 3237 esse
1468 3167 1553 3236 de
1581 3167 1991 3238 concubinis
2013 3168 2183 3247 suis,
2219 3189 2393 3254 quas
2444 3165 2548 3233 illi
2582 3166 2804 3255 pluris

249 3277 464 3342 quam
517 3254 617 3324 vel
670 3256 1015 3346 propriam
1092 3256 1409 3336 salutem,
1465 3254 1567 3324 vel
1621 3255 1969 3347 publicam
2023 3256 2415 3345 pendebant
2487 3255 2803 3324 honesta-

251 3357 415 3413 tem.
452 3350 806 3414 Caeterum
837 3367 1045 3431 quam
1097 3345 1384 3435 indigne
1409 3350 1537 3414 Gre
1588 3344 1813 3414 orium
1844 3344 2344 3434 sugillaverint,
2384 3343 2802 3413 documento

250 3455 404 3502 esse
437 3433 1055 3523 potest.etectionis
1105 3456 1272 3505 suae
1319 3433 1545 3503 formu
1576 3456 1637 3513 a,
1674 3455 1884 3520 quam
1918 3433 2183 3503 l‘latina
2230 3447 2293 3501 et
2323 3432 2626 3501 Blondus
2660 3432 2804 3501 Fla-

254 3522 409 3591 vius
465 3522 831 3612 Apostolici
882 3522 1251 3613 scriptores
1309 3522 1809 3591 adnotaverunt
1856 3521 1966 3590 his
2017 3522 2278 3591 verbis:
2335 3526 2466 3590 Nos
2517 3525 2804 3589 Sanctae

253 3615 606 3680 Romanae
640 3611 981 3683 Ecclesiae
1032 3610 1450 3690 Cardinales,
1489 3625 1589 3679 etc
1605 3665 1736 3685 .....
1781 3611 2259 3700 praesentibus
2285 3610 2655 3709 episcopis,
2687 3611 2805 3679 ab·

252 3699 558 3781 batibus,
592 3699 969 3786 multisque
993 3711 1139 3769 tum
1174 3699 1643 3777 ecclesiastici,
1684 3716 1825 3767 turn
1869 3698 2024 3767 laici
2054 3698 2341 3778 ordiniS,
2388 3698 2796 3788 eligimus...

252 3789 325 3856 in
380 3810 615 3858 verum
666 3788 915 3858 Christi
986 3788 1332 3858 Vicarium
1406 3786 1954 3857 Hildebrandum
2029 3787 2600 3856 Archidiaconum
2637 3843 2652 3869 ‚
2708 3788 2805 3855 vi-

254 3900 418 3947 rum
452 3877 707 3947 multae
740 3877 1114 3959 doctrinae,
1160 3897 1455 3966 magnae
1492 3877 1786 3966 pietatis,
1820 3875 2248 3965 prudentiae,
2286 3876 2619 3966 justitiae,
2646 3896 2808 3946 con-

255 3966 574 4047 stantiae,
633 3965 1027 4057 religionisz
1101 3965 1515 4047 modestum,
1571 3959 1910 4044 sobrium,
1968 3966 2456 4042 continentem,
2519 3964 2804 4035 domum

257 4075 462 4124 suam
516 4055 796 4125 honeste
843 4102 849 4107 -
953 4055 1384 4137 bernantem,
1453 4054 1876 4144 pauperibus
1925 4053 2360 4145 hospitalem,
2425 4055 2494 4122 in
2545 4054 2806 4144 gremio

257 4156 539 4214 sanctae
574 4142 814 4213 matris
918 4143 1207 4215 cclesiae
1240 4143 1452 4212 libere
1500 4165 1539 4211 a
1589 4142 1841 4225 teneris
1889 4143 2093 4214 annis
2142 4143 2535 4213 educatum.
2590 4148 2803 4225 Quem

258 4232 543 4320 quidem
594 4253 755 4303 cum
798 4253 877 4301 ea
992 4243 1273 4303 otestate
1318 4230 1663 4302 Ecclesiae
1729 4232 1846 4301 Dei
1896 4253 2210 4321 praeesse
2258 4232 2603 4313 volumuS,
2669 4255 2808 4319 qua

258 4327 501 4391 Petrus
550 4320 875 4390 mandato
976 4319 1039 4392 ei
1085 4319 1439 4410 quondam
1477 4319 1797 4411 praefuit.
1857 4325 2036 4390 Haec
2085 4320 2208 4390 illi.
2250 4326 2468 4404 Quam
2574 4319 2805 4391 uidem

263 4410 601 4500 optimam
649 4409 734 4480 de
782 4430 855 4481 se
901 4408 1474 4482 existimationem
1529 4408 1689 4500 pius
1735 4409 2038 4480 Pontifex
2069 4431 2504 4499 nequaquam
2568 4406 2801 4492 efellit,

422 4527 703 4585 surius-
729 4523 891 4588 Vitae
914 4525 1024 4589 SS-
1045 4554 1073 4573 ·
1090 4524 1216 4586 Vol.
1260 4522 1359 4587 VI.
1478 4618 1487 4629 ε
2570 4528 2645 4584 25
