3357 4995
2233 158 2258 187 0

668 320 751 385 42
1240 330 1322 382 nn
1371 334 1561 383 vam
1611 332 2006 382 annnnnns.
2060 330 2461 380 uam-ramus
2815 315 2855 380 J
2863 314 3038 381 UNII
3086 315 3130 380 2

584 419 761 490 nihil
804 417 994 491 aliud
1042 417 1289 489 elicere
1335 428 1671 510 poterant,
1718 430 1989 509 praeter
2039 416 2228 486 illam
2277 436 2536 498 vocem,
2571 437 2782 504 quam
2812 418 2901 489 ab
2932 417 3136 488 initio

583 509 669 579 de
702 507 864 579 fidei
912 530 1078 579 suae
1122 508 1555 581 confessione
1600 507 1904 598 proferre
1950 506 2441 577 consuevisset.
2501 507 2624 577 Isti
2660 519 2890 576 autem
2940 528 3135 577 mar-

587 611 794 688 tyreS,
845 597 1177 685 quoniam
1210 597 1283 665 in
1319 596 1448 667 hoc
1498 596 1766 687 ingenti
1811 595 2186 677 certamine
2223 594 2361 665 vita
2407 594 2638 665 adhuc
2683 596 2757 664 in
2805 594 2979 685 ipsis
3031 617 3137 666 re-

585 686 875 769 sidebat,
931 685 1415 777 singularium·
1443 686 1906 756 certaminum
1942 683 2114 763 loco,
2166 704 2344 772 quae
2392 705 2647 775 magna
2690 705 2852 754 cum
2912 685 3137 754 varie-

586 787 721 845 tate
754 775 851 845 ibi
896 774 1049 846 fieri
1097 774 1434 856 solebant,
1474 774 1594 844 illo
1632 773 1747 844 die
1784 772 2255 865 spectaculum
2292 771 2615 843 universo
2645 771 2902 863 populo
2933 794 3138 863 prae-

586 866 849 946 benteS,
885 864 971 933 ad
1020 875 1405 934 extremum
1445 863 1672 933 securi
1722 861 2230 954 percutiuntur.

672 954 709 1041 §
746 958 881 1026 11.
924 951 1361 1023 AtBlandina
1392 952 1570 1022 trabi
1595 951 1865 1043 ligneae
1888 949 2214 1021 sublimis
2235 948 2460 1031 affixa,
2483 949 2739 1040 praeda
2765 950 3007 1021 bestiis
3032 950 3140 1019 in·

587 1041 1032 1113 cursantibus
1078 1041 1443 1132 objicitur:
1497 1062 1672 1129 quae
1728 1040 2056 1129 quoniam
2089 1051 2156 1108 et
2179 1038 2250 1108 in
2284 1039 2512 1109 crucis
2542 1039 2772 1129 specie
2796 1060 3142 1129 suspensa

588 1130 1023 1210 cernebatur,
1057 1142 1123 1199 et
1154 1129 1475 1200 ardenter
1524 1151 1760 1221 preces
1806 1127 2162 1209 fundebat,
2217 1148 2543 1219 magnam
2587 1128 3140 1199 concertantium

590 1218 944 1289 mentibus
990 1217 1416 1290 alacritatem
1466 1218 1742 1309 injecit;
1793 1218 2055 1308 quippe
2111 1216 2182 1285 in
2245 1217 2397 1306 ipso
2443 1216 2844 1296 certamine,
2895 1238 2976 1289 ex
3024 1238 3141 1286 so-
3207 1254 3212 1257 ν

591 1329 743 1378 rore
790 1307 983 1378 cruci
1030 1306 1302 1388 suffixa,
1358 1307 1590 1398 ipsum
1624 1306 1994 1386 Christum,
2031 1307 2153 1393 qui
2188 1327 2312 1396 pro
2359 1305 2560 1376 nobis
2606 1304 2981 1376 crucifixus
3005 1317 3136 1386 est,

590 1395 812 1467 oculis
859 1396 1207 1486 corporeis
1245 1395 1760 1484 quodammodo
1806 1395 2151 1475 videbant,
2202 1395 2305 1464 uti
2352 1393 2796 1465 credentibus
2827 1394 2901 1469 in
2933 1393 3142 1464 illum
3255 1390 3268 1407 ⁰

594 1506 717 1575 pro
750 1497 933 1555 certo
968 1485 1520 1642 persuaderetur,
1575 1485 1758 1574 quod
1794 1485 1916 1572 qui
1950 1504 2073 1574 pro
2104 1483 2257 1573 ejus
2300 1483 2520 1574 gloria
2565 1484 2942 1571 quicquam
2978 1504 3141 1573 per-

641 1574 915 1654 etiamr,
1021 1573 1413 1645 aereditatis
1461 1574 1549 1644 sit
1617 1595 1780 1643 cum
1836 1578 1963 1642 Deo
2031 1571 2297 1641 vivente
2348 1593 2633 1642 consors
2678 1586 2746 1642 et
2792 1571 3145 1730 particeps

615 1675 893 1733 uturus.
936 1667 1013 1732 At
1059 1684 1221 1733 cum
1262 1662 1458 1733 nulla
1495 1662 1716 1734 bestia
1748 1662 1900 1752 ejus
1932 1681 2212 1731 carnem
2261 1674 2544 1752 tangere
2582 1659 2805 1740 vellet,
2861 1682 2902 1729 a
2951 1673 3054 1732 tra
3107 1673 3150 1730 e

590 1772 749 1820 mox
796 1750 1103 1841 abrepta,
1155 1752 1225 1820 in
1276 1772 1620 1822 carcerem
1663 1751 1914 1821 iterum
1965 1749 2288 1831 truditur,
2342 1762 2409 1820 et
2454 1750 2542 1820 ad
2590 1748 2782 1819 aliud
2830 1770 3145 1819 reserva-

592 1851 706 1909 tur
741 1851 1126 1909 certamen:
1192 1853 1270 1910 ut
1317 1861 1440 1931 per
1482 1840 1674 1910 varia
1720 1839 2308 1909 concertationum
2375 1859 2627 1931 genera
2675 1838 2915 1908 victrix
2963 1837 3146 1908 facta

592 1941 738 1998 tum
813 1939 1199 1999 tortuosum
1249 1950 1360 1999 ser
1410 1940 1636 1999 entem
1685 1927 2271 2009 condemnationi,
2323 1949 2535 2015 quam
2583 1928 2672 1997 ab
2721 1949 2793 1997 se
2838 1939 3147 1998 avertere

591 2038 730 2087 non
780 2029 1030 2107 posset,
1073 2018 1234 2107 jure
1298 2040 1337 2088 a
1391 2018 1669 2097 diceret,
1739 2031 1883 2087 tum
1942 2014 2185 2086 fratres
2234 2017 2487 2106 pariter
2541 2016 2627 2085 ad
2678 2015 3144 2087 constantiam

591 2105 945 2186 incitaret;
1009 2128 1187 2194 quae
1235 2106 1393 2178 licet
1439 2107 1750 2187 humilis,
1824 2105 2190 2175 imbecillis
2237 2118 2304 2175 et
2353 2126 2563 2195 prope
2626 2106 2888 2196 abjecta
2945 2104 3145 2196 virgo

592 2207 792 2275 esset,
847 2199 1201 2267 armatura
1249 2207 1477 2265 tamen
1526 2194 1775 2266 Christi
1823 2193 2018 2266 fortis
2065 2194 2360 2264 athletae
2405 2194 2673 2275 induta,
2722 2215 2859 2264 non
2908 2192 3144 2265 solum

593 2305 718 2373 per
755 2283 1010 2354 multas
1056 2284 1686 2355 cruciamentorum
1726 2284 1909 2353 vices
1955 2283 2430 2354 adversarium
2481 2283 2854 2373 superavit,
2900 2304 3147 2353 verum

596 2372 803 2442 etiam
838 2393 963 2462 per
998 2372 1268 2444 illustre
1303 2372 1477 2444 illud
1510 2386 1881 2454 certamen,
1919 2394 2246 2442 coronam
2286 2370 2825 2445 immortalitatis
2862 2370 3146 2442 tandem

596 2475 912 2532 assecuta
958 2473 1081 2533 est.
1877 2492 1894 2506 ·
2241 2488 2250 2493 ·

680 2554 717 2639 ἓ
763 2555 913 2624 12.
966 2551 1228 2622 Attalus
1275 2550 1461 2632 item,
1514 2550 1747 2621 clarus
1792 2563 1858 2621 et
1905 2552 2141 2641 magni
2212 2550 2516 2620 nominis
2564 2550 2689 2631 vir,
2744 2550 3148 2640 importuno

592 2640 1065 2711 multitudinis
1112 2652 1359 2740 rogatu
1405 2640 1491 2709 ad
1542 2639 1971 2730 supplicium
2020 2651 2366 2720 evocatuS,
2427 2640 2514 2709 ob
2562 2651 2743 2709 recte
2800 2638 3152 2709 factorum

593 2729 1088 2799 conscientiam
1136 2729 1513 2818 (Siquidem
1564 2729 1868 2820 ingenue
1912 2729 1983 2798 in
2021 2729 2407 2798 Christiana
2448 2728 2882 2799 institutione
2928 2740 2996 2798 et
3041 2728 3153 2797 di-

592 2818 891 2908 sciplina
921 2818 1354 2900 exercitatus,
1398 2817 1627 2889 fidelis
1660 2838 1935 2908 semper
1980 2817 2165 2908 apud
2216 2839 2344 2889 nos
2375 2827 2441 2886 et
2479 2829 2808 2886 constans
2838 2817 3151 2887 veritatis

593 2906 785 2976 testis
832 2906 1193 2995 extitisset)
1237 2906 1453 2976 alacri
1500 2906 1737 2976 animo
1783 2919 2129 2977 certamen
2178 2905 2589 2996 ingreditur.
2661 2911 2748 2975 Ac
2797 2927 2960 2976 cum
3009 2927 3151 2975 un-

594 2994 805 3082 dique
863 3016 986 3082 per
1032 2994 1621 3084 amphitheatrum
1671 2994 2335 3076 circumduceretur,
2390 2994 2647 3076 tabula,
2708 2995 2778 3063 in
2839 3015 2977 3082 qua
3020 2999 3154 3064 La-

595 3084 760 3153 tinis
810 3082 1025 3154 literis
1095 3083 1263 3153 haec
1292 3084 1538 3154 inerat
1608 3084 1993 3173 inscripti0‚
2048 3084 2173 3153 Hic
2218 3096 2323 3152 est
2369 3083 2630 3153 Attalus
2679 3084 3143 3164 ChristianuS,

510 3234 515 3238 ,
594 3169 797 3241 illum
829 3171 1309 3263 praecedente:
1364 3194 1666 3261 cumque
1697 3174 1769 3241 in
1799 3194 1962 3242 eum
2002 3172 2384 3242 admodum
2420 3171 2809 3274 petulanter
2889 3171 3153 3262 opulus

591 3259 995 3342 insultaret,
1049 3266 1352 3341 PraeseS,
1404 3261 1527 3330 ubi
1594 3266 1985 3330 Romanum
2034 3282 2185 3331 esse
2232 3260 2613 3342 didicisset,
2669 3282 2827 3331 man
2884 3261 3021 3331 avit
3069 3274 3154 3332 ut

593 3349 666 3417 in
717 3370 1063 3420 carcerem
1111 3349 1341 3420 denuo
1387 3370 1547 3419 cum
1600 3349 1910 3437 reliquis,
1963 3350 2084 3436 qui
2115 3350 2187 3418 in
2223 3349 2462 3419 eodem
2511 3364 2732 3431 erant,
2770 3349 3150 3420 conclude-

595 3450 820 3508 retur:
873 3438 959 3508 de
990 3439 1247 3527 quibus
1297 3438 1529 3509 literas
1561 3437 1648 3507 ad
1690 3441 2046 3507 Caesarem
2095 3438 2397 3529 scripsit,
2445 3439 2736 3539 ejusque
2767 3439 3156 3530 expectavit

596 3527 682 3596 de
728 3526 870 3597 illis
910 3527 1344 3598 sententiam.
1398 3533 1700 3617 Tempus
1733 3547 1912 3609 ver0,
1948 3527 2132 3615 quod
2167 3528 2427 3597 interea
2473 3527 2962 3607 intercedebat,
3005 3527 3153 3597 illis

593 3614 877 3702 quidem
929 3639 1150 3706 neque
1196 3617 1529 3697 otiosum,
1584 3636 1809 3703 neque
1856 3613 2344 3706 infrugiferam
2393 3615 2566 3686 fuit:
2621 3616 2740 3687 sed
2790 3638 2914 3707 per
2960 3638 3152 3687 mor-

596 3716 731 3774 tem
789 3727 1027 3776 eorum
1095 3705 1416 3788 dilatam,
1470 3705 1814 3774 immensa
1879 3705 2128 3774 Christi
2175 3704 2584 3787 clementia,
2634 3705 2836 3794 quasi
2906 3705 3150 3776 lumen

596 3814 804 3862 suum
835 3797 957 3884 pro
1009 3793 1191 3864 alam
1219 3793 1547 3885 profudit.
1580 3798 1750 3863 Nam
1787 3794 2242 3864 intermortua
2275 3794 2619 3866 Ecclesiae
2668 3794 3005 3875 membra,
3045 3795 3152 3863 vi·

593 3902 839 3952 vorum
880 3906 963 3954 su
1017 3883 1217 3954 sidiis
1250 3883 1533 3953 suerunt
1561 3881 1649 3951 ad
1681 3882 1890 3952 vitam
1939 3895 2275 3964 revocata,
2330 3895 2397 3952 et
2433 3883 2555 3971 qui
2603 3882 2813 3953 fidem
2847 3881 3152 3955 confessi

592 3969 907 4054 fuissent,
963 3973 1072 4054 iis,
1125 3972 1248 4059 qui
1296 3969 1611 4042 eamdem
1710 3979 2177 4062 ernegassent,
2224 3992 2477 4062 magna
2525 3971 2858 4044 beneficia
2885 3970 3155 4044 detule-

589 4074 776 4130 runt:
817 4075 1024 4150 atque
1059 4060 1211 4131 ideo
1248 4080 1626 4150 permagna
1684 4059 1917 4130 aetitia
1948 4061 2150 4130 matri
2174 4072 2241 4129 et
2276 4060 2526 4151 virgini
2551 4060 2894 4130 Ecclesiae
2917 4073 3158 4132 exorta

591 4161 717 4229 est,
770 4171 932 4220 cum
981 4172 1098 4220 eos
1146 4170 1327 4238 quos
1370 4149 1459 4220 ab
1514 4162 1672 4219 ortu
1720 4160 2050 4236 tanquam
2102 4160 2410 4219 mortuos
2456 4150 2794 4240 ejecisset,
2848 4148 3038 4220 vivos
3085 4162 3156 4220 et

591 4236 982 4311 incolumes
1030 4248 1526 4329 recuperasset.
1583 4236 2108 4308 Illorum-enim
2159 4238 2436 4308 hortatu
2482 4250 2548 4308 et
2592 4236 2909 4330 exemplo
2955 4260 3156 4310 com-

596 4325 858 4416 plureS,
911 4326 1034 4415 qui
1078 4326 1286 4397 fidem
1323 4339 1714 4418 negassent,
1766 4337 1962 4397 erant
2017 4338 2345 4414 tanquam
2382 4326 2452 4395 in
2490 4339 2686 4398 utero
2735 4327 2976 4399 matris
3024 4332 3157 4398 Ec-

599 4414 850 4487 clesiae
897 4417 1148 4487 iterum
1198 4415 1534 4507 concepti,
1585 4416 1839 4486 iterum
1889 4415 1961 4485 in
2014 4415 2327 4486 membra
2374 4413 2673 4497 formati,
2745 4416 2994 4488 iterum
3061 4416 3153 4486 ad
