3357 4995
672 344 798 409 ⁴52
1392 307 1471 408 mi
1520 362 1575 410 s.
1630 357 1943 410 cunWALo
1991 305 2330 424 must-„oro
2821 341 3036 412 JUNII
3092 347 3142 412 6

579 444 935 516 oculorum
990 445 1221 514 lumen
1256 445 1605 527 amittunt,
1644 445 1988 517 frontibus
2029 446 2101 515 in
2150 446 2430 516 arbores
2464 447 2816 536 oppositas
2864 448 3142 540 impin-

580 547 775 625 gunt,
814 546 877 604 et
909 533 1206 621 quadam
1257 535 1561 605 amentia
1594 534 2010 615 laborantes,
2067 533 2458 605 inconditos
2503 534 2840 605 clamores
2878 537 3134 608 edunt.

579 628 843 694 Poterat
888 644 963 692 ea
996 645 1105 692 res
1137 622 1238 692 eis
1285 637 1550 693 certum
1582 623 1807 693 accire
1843 623 2222 704 interitum,
2262 621 2377 693 sed
2430 622 2674 695 fratres
2707 623 2967 695 malum
3001 650 3142 717 pro
3247 639 3254 648 ’

580 713 759 782 bono
798 711 1175 802 rependere
1207 711 1530 793 volenteS,
1586 734 1709 803 pro
1745 712 1885 782 illis
1918 712 2262 782 Christum
2304 725 2569 803 rogant,
2604 724 2670 781 et
2702 715 2800 784 sic
2835 714 3147 787 redeunt

579 801 665 871 ad
700 802 1095 870 sanitatem:
1149 822 1450 887 cumque
1499 806 1632 871 Deo
1677 812 1908 872 votum
1943 815 2491 891 nuncupassent,
2526 801 2731 871 etiam
2782 803 3142 875 amissum

580 888 720 959 illis
761 889 994 962 lumen
1059 888 1406 959 redditum
1446 901 1570 961 est.
1607 895 1872 960 Fratres
1920 900 2148 959 autem
2201 888 2476 966 tandem
2519 890 2805 962 veniunt
2865 894 3145 962 Cormi-

580 978 793 1060 niam,
863 978 1370 1065 admonentque
1410 984 1756 1049 Mevorum
1820 991 1885 1048 et
1931 979 2085 1068 ejus
2128 978 2497 1069 conjugem
2559 979 2695 1048 voti
2755 980 2937 1067 quod
2992 987 3142 1052 Deo

580 1068 1081 1169 praestiterant.
1122 1065 1230 1136 Illi
1276 1088 1392 1136 eos
1441 1068 1628 1138 lauto
1691 1067 2059 1159 accipiunt.
2091 1067 2426 1149 conviviO,
2466 1067 2740 1138 Simeon
2792 1071 3143 1161 parvulus

582 1178 652 1225 m
685 1155 912 1225 medio
961 1156 1309 1237 statuitur,
1351 1155 1615 1227 Christo
1663 1155 1905 1226 laudes
1952 1167 2316 1246 gratesque
2364 1168 2692 1247 aguntur.

669 1247 705 1332 ξ
750 1249 900 1317 12.
955 1245 1268 1314 Proxima
1314 1243 1477 1315 «luce
1538 1250 1848 1338 Mevorus
1916 1266 2077 1315 cum
2140 1243 2281 1316 illis
2335 1243 2841 1336 proficiscitur,
2895 1247 3141 1320 iturus

583 1333 669 1403 ad
720 1346 978 1423 patrem
1021 1333 1449 1415 Gudwalum,
1503 1333 1681 1404 sicut
1716 1333 2141 1424 jampridem
2190 1345 2479 1423 optarat.
2517 1339 2684 1404 Ecce
2723 1348 2952 1406 autem
2989 1358 3136 1405 nu-

583 1423 704 1493 bes
753 1422 983 1492 subito
1037 1422 1437 1502 densantur,
1493 1422 1762 1492 'coelum
1811 1442 2017 1492 omne
2064 1421 2414 1512 nigrescit,
2479 1422 2760 1492 horrida
2808 1424 3143 1496 imminet

585 1523 975 1601 tempestaS,
1019 1510 1277 1579 imbres
1313 1511 1457 1601 jarn
1500 1511 1788 1601 jamque
1835 1510 2085 1580 ruituri
2131 1510 2219 1581 ab
2252 1512 2409 1580 aere
2437 1511 2790 1582 timentur.
2824 1512 2952 1582 Sed
2985 1512 3144 1583 fra-

585 1612 720 1670 tres
767 1621 807 1668 a
837 1620 961 1669 suo
995 1600 1322 1690 magistro
1351 1599 1572 1669 edocti
1603 1600 1672 1678 in
1706 1599 1913 1669 rebus
1935 1599 2244 1669 adversis
2272 1599 2574 1670 clamare
2599 1600 2686 1670 ad
2720 1601 3130 1684 Dominum,

584 1701 651 1759 et
695 1687 780 1757 de
827 1688 977 1778 ejus
1020 1687 1492 1758 misericordia
1521 1688 1696 1758 bene
1744 1708 2041 1778 sperare,
2084 1689 2277 1759 tertio
2308 1689 2381 1757 in
2430 1710 2659 1779 genua
2707 1710 2777 1759 se
2821 1691 3144 1761 submit-—

585 1789 761 1854 tunt,
886 1799 1069 1846 reces
1116 1776 1440 1858 fundunt,
1496 1785 2004 1848 sacrosanctam
2056 1777 2502 1858 Trinitatem,
2568 1789 2644 1847 ut
2711 1800 2833 1868 per
2881 1780 3145 1851 merita

585 1871 651 1936 S.
716 1870 820 1935 Gu
873 1865 1022 1934 wali
1072 1865 1202 1935 sibi
1251 1865 1649 1955 opituletur,
1703 1877 1924 1936 orant.
1972 1871 2125 1936 Jam
2175 1887 2344 1936 cum
2389 1866 2653 1956 impetu
2699 1888 2736 1936 e
2784 1866 2973 1936 coelo
3022 1867 3140 1938 la-

581 1954 925 2025 bebantur
970 1955 1367 2034 imbres„et
1415 1955 1646 2024 omnia
1680 1953 2221 2042 circumquaque
2260 1953 2738 2025 inundabant:
2782 1956 2966 2026 solos
2993 1957 3137 2028 hos

587 2044 705 2114 Dei
752 2041 1048 2114 famulos
1096 2042 1373 2134 publica
1421 2042 1813 2133 gradientes
1859 2043 1967 2112 via
1995 2098 2010 2124 ‚
2079 2065 2216 2113 non
2281 2043 2473 2113 fuere
2534 2044 2685 2114 ausi
2733 2045 3076 2136 attingere
3105 2087 3144 2127 ,-

588 2132 805 2201 donec
853 2131 936 2201 ad
1003 2131 1372 2201 venerandi
1436 2133 1650 2221 patris
1712 2132 1823 2201 sui
1872 2132 2327 2222 praesentiam
2379 2132 2710 2202 venirent.
2770 2132 2866 2202 Ad
2915 2139 3166 2220 quem'

589 2243 753 2291 sane
787 2219 1079 2292 illustris
1108 2226 1417 2291 Mevorus
1467 2233 1849 2291 reverenter
1895 2220 2252 2302 accedens,
2295 2220 2636 2291 Christum
2689 2221 2759 2291 in
2809 2221 2930 2292 illo
2977 2245 3140 2293 ma-

588 2322 862 2379 nentem
912 2309 1109 2378 humi
1144 2320 1528 2400 prostratus
1573 2309 1835 2379 adorat.
1873 2308 1996 2379 Ille
2045 2331 2198 2380 vero
2241 2308 2749 2380 officiosissime
2795 2332 2958 2380 eum
3004 2332 3138 2382 ex-

587 2399 874 2489 cipiens,
909 2398 1030 2467 diu
1063 2410 1364 2488 optatam
1413 2397 1960 2468 benedictionem
2009 2412 2075 2467 et
2120 2397 2608 2470 allocutionem
2665 2398 2728 2467 ei
2784 2400 3127 2490 impertit.

588 2492 772 2558 Inter
804 2487 970 2557 haec
1019 2486 1388 2558 Gudwalus
1437 2487 1595 2577 pius
1634 2497 1826 2578 pater
1873 2492 2219 2558 Mevorum
2254 2486 2439 2559 haud
2491 2487 2689 2557 aliter
2743 2501 2946 2576 atque
2993 2511 3136 2559 an-

587 2578 816 2667 gelum
860 2577 1156 2667 hospitio
1184 2587 1542 2668 exceptum
1576 2576 2054 2667 amplectitur:
2111 2583 2420 2647 Mevorus
2447 2577 2522 2646 in
2546 2575 2877 2647 Gudwalo
2930 2577 3136 2648 Chri-

588 2680 767 2737 stum
821 2679 1204 2746 veneratur‚
1260 2665 1642 2735 Simeonem
1707 2664 1930 2735 filium
1971 2687 2210 2747 suum,
2250 2666 2470 2736 bonae
2517 2665 2773 2737 indolis
2824 2664 3135 2756 puerur'n

586 2756 779 2825 offert
840 2754 1127 2836 christo,
1193 2775 1424 2824 coram
1489 2754 1779 2837 testibus
1832 2775 2108 2825 omnem
2157 2755 2309 2844 ejus
2358 2754 2848 2825 haereditatem
2908 2755 3158 2827 simul-

583 2844 689 2913 illi
737 2844 1224 2914 transcribens.
1279 2848 1542 2912 Poterat
1606 2854 1773 2912 tunc
1834 2841 2061 2912 dicere
2130 2848 2442 2915 Mevorus
2500 2842 2825 2914 Domino:
2893 2850 2991 2913 Tu
3051 2866 3137 2918 es

585 2954 742 3023 spes
790 2954 963 3012 mea,
1020 2931 1241 3021 portio
1290 2952 1440 3000 mea
1488 2932 1557 3000 in
1624 2944 1804 3002 terra
1850 2931 2248 3002 viventium.
2321 2937 2421 3002 Tu
2483 2954 2558 3019 es
2616 2932 2772 3018 qui.
2809 2933 3136 3004 restitues

584 3020 1070 3090 haereditatem
1123 3042 1341 3090 meam
1396 3020 1590 3089 mihi.
1646 3020 1954 3091 Christus
2000 3020 2185 3091 enim
2244 3021 2316 3089 in
2384 3032 2561 3090 terra
2611 3021 2982 3091 viventium
3039 3022 3134 3091 il-

582 3110 809 3179 lorum
860 3109 936 3177 fit
984 3109 1367 3179 haereditas
1421 3109 1542 3195 qui
1591 3109 1660 3177 in
1713 3109 1843 3179 hac
1900 3121 2079 3180 terra
2129 3109 2575 3181 morientium
2625 3109 2825 3179 illurn
2878 3109 3130 3182 volunt

583 3198 835 3267 habere
884 3197 1268 3267 haeredem.
1769 3232 1780 3239 ·

673 3289 710 3375 ξ
755 3291 903 3359 13.
956 3286 1413 3357 Confirmatus
1451 3296 1554 3355 est
1582 3297 1813 3356 autem
1853 3286 2085 3377 regius
2123 3284 2239 3355 ille
2266 3286 2479 3356 fiscus
2505 3286 2872 3368 Ecclesiae,
2907 3308 3130 3375 quam

583 3376 655 3444 in
714 3397 840 3445 sua
892 3375 1438 3466 peregrinatione
1485 3374 1598 3443 hic
1660 3375 1962 3464 inclytus
2009 3374 2334 3457 Pontifex,
2392 3376 2789 3466 praeclarus
2835 3377 3132 3446 eremita

584 3477 649 3534 et
688 3465 1202 3534 coenobitarum
1253 3463 1393 3533 dux
1438 3464 1759 3555 egregius
1805 3463 2143 3553 fundavit,
2200 3463 2271 3532 in
2321 3484 2459 3551 qua
2506 3464 2714 3534 etiam
2761 3485 2987 3552 usque
3035 3466 3130 3535 ad

586 3574 991 3643 supremum
1042 3553 1216 3622 vitae
1262 3551 1446 3622 diem
1473 3559 1606 3622 Deo
1653 3552 1906 3622 servire
1935 3551 2255 3624 decrevit.
2314 3552 2441 3623 Ubi
2470 3575 2637 3623 sane
2663 3551 2947 3644 degenS‚
2983 3575 3132 3623 ma-

585 3664 718 3731 gna
769 3641 853 3711 de
901 3663 973 3711 se
1004 3641 1320 3733 praebuit
1350 3640 1681 3711 Virtutum
1730 3640 2060 3732 exempla·
2081 3641 2585 3732 praesentibuS‚
2638 3640 2922 3712 odorem
2963 3664 3130 3712 sua-

582 3730 945 3800 vissimum
988 3742 1261 3801 sanctae
1292 3730 1821 3800 existimationis
1871 3742 1938 3800 et
1992 3729 2215 3799 famae
2262 3730 2692 3801 absentibus,
2747 3730 2916 3813 Quis
2965 3752 3129 3801 vero

579 3819 892 3910 explicet,
924 3830 1227 3907 quantus
1260 3818 1465 3888 fuerit
1488 3840 1720 3889 coram
1757 3823 1890 3889 Deo
1920 3819 1990 3887 in
2026 3818 2198 3910 ipsis
2223 3817 2441 3887 animi
2472 3819 2582 3889 sui
2621 3818 3132 3909 penetralibus?
3193 3834 3208 3849 ·

506 3912 518 3923 “
579 3913 784 3980 Totus
831 3908 1170 3999 flagrabat
1198 3908 1414 3978 divini
1461 3907 1721 3978 amoris
1746 3906 1929 3998 igne,
1968 3928 2106 3995 quo
2136 3928 2208 3978 se
2235 3907 2424 3976 intus
2453 3928 2578 3978 ceu
2611 3906 2873 3998 pingue
2900 3908 3133 3995 quod-

576 3996 735 4067 dam
784 4010 850 4067 et
897 3996 1353 4067 medullatum
1404 3994 1827 4068 sacrificium
1862 3996 2215 4066 cremabat
2264 4001 2435 4066 Deo.·

667 4087 703 4172 ξ
752 4091 894 4160 14.
949 4090 1115 4156 Cum
1147 4086 1292 4176 jam
1344 4097 1573 4155 autem
1610 4085 1751 4154 fere
1781 4084 2188 4156 absolvisset
2233 4096 2656 4155 structuram
2707 4084 2972 4176 templi,
3009 4087 3129 4156 Dei

574 4185 641 4243 et
684 4175 1066 4245 multorum
1116 4174 1373 4247 auxilio
1421 4173 1659 4258 fretu3‚
1701 4194 1838 4244 non
1893 4173 2127 4244 deerat
2181 4183 2415 4244 satanz
2480 4172 2610 4244 sed·
2699 4174 3130 4245 raesentiens

478 4264 527 4316 ⁰
575 4284 753 4350 quae
786 4263 927 4333 illic
975 4263 1234 4332 damna
1269 4275 1449 4335 esset
1484 4274 1925 4353 accepturuS‚
1960 4261 2047 4332 ad
2097 4284 2263 4333 suas
2301 4261 2478 4331 redit
2527 4283 2640 4331 ma
2672 4262 2988 4353 ignitatis
3018 4284 3134 4333 ar-

578 4364 701 4432 teS‚
755 4351 872 4423 dat
919 4373 1199 4443 operam
1235 4406 1250 4431 ,
1326 4350 1542 4442 possit
1588 4364 1665 4421 ut
1712 4364 2032 4421 sanctum
2080 4349 2420 4441 impedire
2466 4371 2666 4441 opus.
2722 4355 2910 4421 Inter
2958 4351 3134 4422 haec

578 4463 795 4512 unum
846 4463 927 4512 ex
966 4440 1353 4512 artificibus
1382 4461 1420 4510 e
1453 4440 1668 4531 pinna
1707 4440 1956 4544 ‘templi
2004 4439 2148 4531 agit
2177 4439 2663 4531 praecipitem:
2716 4439 2835 4527 qui
2870 4439 3130 4512 misere
