3357 4995
215 342 264 412 J
269 346 443 412 UNII
489 347 575 412 25
898 364 975 411 nri
1022 364 1079 411 s.
1131 364 1443 412 mancum
1490 365 1660 414 viiie.
1714 367 1790 414 ΕΤ
1835 366 2025 414 iiAnr.
2535 348 2664 414 537

214 461 463 550 patruo
532 469 680 518 meo
726 448 1067 518 cruciatos
1113 448 1326 551 impie
1374 450 1626 520 necari.
1682 452 2141 534 Quamobrem
2212 449 2493 522 animus
2552 473 2749 524 meus

212 536 492 608 illorum
526 538 739 607 causa
784 536 982 607 valde
1020 536 1370 629 affligitur.
1412 537 1855 630 Volo-igitur,
1909 550 1987 609 ut
2050 538 2595 610 Christianorum
2642 540 2753 610 in-

209 625 595 697 columitati
642 624 822 697 clam
856 625 1183 717 deinceps
1228 626 1702 712 consulamus,
1758 628 2166 719 priusquam
2214 650 2257 698 a
2305 627 2546 698 Seleno
2594 628 2614 696 i
2670 651 2748 698 so

207 714 508 806 pessime
567 734 807 786 omnes
845 714 1371 785 interficiantur.
1410 738 1447 782 »
1484 720 1664 788 Haec
1710 739 1872 787 cum
1923 714 2233 788 audisset
2279 716 2555 787 Primus
2601 717 2743 799 ile,

209 803 560 874 neminem
624 802 1168 874 Christianorum
1237 804 1733 894 comprehendi
1786 804 2102 893 jubebat:
2165 804 2283 876 sed
2355 804 2518 887 illis,
2572 827 2748 894 quos

206 902 510 974 noverat,
570 901 637 962 et
684 892 1118 962 monasteriis
1177 892 1379 962 etiam
1431 893 1893 985 significabat,
1946 905 2023 964 ut
2093 893 2451 965 vastatoris
2526 894 2747 964 Seleni

210 1002 464 1052 manus
511 979 944 1072 aufugerent.

295 1072 335 1227 Ῠ
383 1075 468 1143 4.
524 1073 689 1139 Cum
742 1091 897 1140 vero
935 1069 1163 1140 adhuc
1193 1070 1263 1138 in
1312 1069 1454 1140 illis
1487 1070 1656 1140 locis
1686 1080 2145 1152 versarentur,
2191 1070 2510 1141 volebant
2557 1071 2750 1143 Siba-

209 1180 297 1250 po
334 1158 426 1227 im
458 1158 497 1196 ⁵
530 1158 883 1248 pervenire
927 1179 1106 1246 quae
1153 1158 1284 1229 sita
1329 1171 1475 1229 erat
1520 1159 1589 1227 iii
1643 1159 1905 1230 finibus
1965 1159 2428 1249 Assyriorum.
2489 1182 2569 1230 ac
2617 1160 2748 1232 sub

210 1252 683 1318 Romanorum
733 1246 993 1318 ditione
1039 1247 1431 1319 constituta.
1486 1253 1643 1317 Erat
1680 1259 1909 1319 autem
1946 1247 2017 1316 in
2048 1248 2219 1318 urbe
2247 1247 2368 1318 illa
2403 1261 2750 1319 monaste-

204 1336 392 1407 rium
427 1334 794 1405 mulierum
817 1335 1348 1426 quinquaginta,
1382 1357 1560 1422 quae
1589 1335 2008 1408 monasticae
2029 1335 2204 1407 vitae
2228 1336 2457 1406 studio
2483 1339 2747 1430 seipsas

205 1423 638 1495 exercebant.
678 1424 799 1493 His
859 1435 1169 1516 praeerat
1214 1425 1469 1495 mulier
1512 1425 1853 1512 quaedam
1903 1425 2184 1496 nomine
2231 1425 2527 1496 Brienna
2622 1448 2750 1497 uae

205 1512 615 1604 magistram
649 1512 983 1582 habuerat
1012 1512 1416 1595 Platoniam‚
1452 1512 1860 1585 diaconatus
1899 1513 2123 1584 officio
2150 1513 2221 1550 *¹⁶
2267 1527 2425 1584 ante
2462 1536 2536 1585 se
2619 1537 2750 1584 un-

203 1613 416 1682 ctam,
469 1600 672 1691 cujus
721 1601 1156 1672 traditionem
1205 1611 1271 1671 et
1316 1623 1646 1673 canonem
1681 1602 1766 1672 ad
1807 1602 2015 1673 finem
2066 1624 2288 1691 usque
2315 1603 2573 1694 optIme
2603 1625 2745 1673 ser-

202 1689 409 1761 vavit.
449 1688 794 1760 Platoniae
840 1702 1066 1760 autem
1118 1711 1338 1760 canon
1381 1689 1537 1760 talis
1584 1690 1828 1761 fuerat.
1868 1697 1944 1761 In
1975 1690 2087 1760 die
2134 1697 2538 1762 Parasceves
2571 1691 2751 1763 nulli

203 1799 285 1848 ex
336 1799 649 1849 sororum
702 1799 990 1849 numero
1061 1778 1266 1849 licere
1332 1800 1510 1869 opus
1556 1779 1834 1867 aliquod
1894 1780 2138 1861 facere,
2193 1780 2309 1850 sed
2362 1780 2433 1849 in
2495 1780 2748 1851 sacello

202 1888 446 1938 omnes
494 1868 882 1937 convenire.
936 1872 1174 1955 Itaque
1221 1867 1424 1938 modo
1465 1868 1888 1957 psalmorum
1923 1868 2396 1939 canendorum
2434 1869 2747 1960 regulam

199 1955 740 2041 exequebantur,
796 1955 998 2027 modo
1036 1955 1343 2025 Platonia
1393 1955 1643 2026 librum
1710 1970 1971 2039 tenenS,
2027 1958 2259 2028 literas
2305 1957 2542 2027 divino
2591 1957 2745 2048 Spi-

200 2044 345 2114 ritu
395 2043 682 2126 afflataS,
735 2045 1087 2116 sororibus
1138 2043 1400 2136 legebat
1427 2066 1649 2132 usque
1683 2045 1768 2115 ad
1803 2046 2041 2116 horam
2078 2046 2373 2116 tertiam.
2429 2051 2586 2116 Post
2613 2060 2745 2117 ter-

199 2132 369 2202 tiam
421 2145 648 2202 autem
698 2133 937 2204 horam
988 2133 1196 2204 dabat
1243 2133 1497 2204 librum
1548 2134 1620 2202 in
1672 2157 1923 2205 manus
1956 2134 2312 2214 Briennae,
2360 2133 2620 2223 jubens
2668 2157 2750 2207 ex

193 2219 441 2292 eodem
475 2220 651 2291 libro
688 2221 779 2292 ali
830 2221 948 2292 uid
1002 2222 1356 2294 sororibus
1407 2222 1627 2324 legere
1659 2244 1882 2311 usque
1928 2222 2015 2292 ad
2063 2244 2444 2313 vesperam.
2483 2228 2584 2293 Ita
2620 2223 2750 2325 igi-

193 2321 310 2380 tur
356 2320 430 2378 et
466 2311 759 2380 Brienna
815 2310 1101 2394 aciebat,
1155 2310 1288 2382 tale
1337 2311 1798 2382 ministerium
1847 2310 2189 2382 obeundo.
2236 2311 2353 2381 Cui
2385 2310 2564 2381 duae
2611 2334 2748 2381 vir-

190 2397 395 2490 gines
449 2397 915 2470 adolescentes
962 2399 1270 2482 aderant,
1324 2401 1495 2470 bene
1541 2399 1724 2491 apud
1762 2399 1953 2469 illam
2003 2397 2332 2471 educatae
2379 2412 2445 2469 et
2490 2401 2745 2471 exerci-

191 2485 487 2559 tationis
533 2488 953 2559 monasticae
1019 2487 1429 2591 palaestram
1478 2487 1848 2560 obeuntes:
1900 2511 2197 2577 quarum
2246 2511 2388 2559 una
2457 2488 2692 2560 Procla
2723 2545 2740 2572 ,

195 2575 417 2647 altera
461 2576 800 2648 ·Febronia
848 2578 1375 2659 nominabatur;
1425 2589 1706 2665 eratque
1741 2577 1977 2649 Procla
2023 2599 2244 2648 annos
2282 2590 2442 2648 nata
2472 2578 2749 2669 viginti-

190 2666 535 2754 quinque,
593 2666 926 2737 Febronia
971 2688 1128 2737 vero
1168 2665 1434 2757 viginti,
1465 2687 1642 2754 quae
1674 2666 2008 2736 Briennae
2038 2679 2183 2736 erat
2213 2666 2462 2757 neptis.
2490 2665 2740 2738 Eadem

191 2752 725 2846 pulchritudine
770 2768 835 2825 et
880 2755 1191 2846 corporis
1232 2759 1492 2827 statura
1552 2769 1699 2825 erat
1747 2755 1941 2825 valde
1995 2755 2293 2847 insignis
2352 2766 2417 2825 et
2463 2768 2746 2846 aspectu

191 2842 399 2913 valde
446 2842 716 2924 hilaris,
772 2843 868 2913 ita
913 2854 991 2914 ut
1039 2854 1360 2915 venustas
1407 2844 1478 2913 in
1513 2843 1882 2935 oreipsius
1927 2843 2384 2926 efflorescens,
2438 2843 2747 2915 humano

193 2930 499 3003 artificio
546 2930 831 3025 depingi
868 2953 1005 3003 non
1040 2944 1289 3022 posset.

283 3028 325 3104 ἓ
374 3025 468 3094 ὅ.
520 3024 728 3091 Porro
773 3034 918 3091 erat
967 3021 1300 3093 Briennae
1346 3021 1564 3091 multa
1610 3019 2000 3103 solicitudo,
2052 3042 2190 3109 quo
2238 3032 2437 3111 pacto
2497 3022 2746 3092 Febro-

193 3109 388 3180 niam
442 3109 772 3180 intactam
822 3120 1143 3193 servaret,
1197 3109 1389 3180 illam
1424 3109 1643 3179 forma
1708 3121 1844 3180 tam
1896 3108 2168 3211 egregia
2222 3109 2599 3200 praeditam
2649 3111 2748 3180 vi-

189 3198 393 3270 denS.
452 3202 620 3269 Cum
654 3219 813 3268 vero
842 3220 1082 3269 omnes
1130 3219 1398 3270 sorores
1444 3197 1604 3269 illae
1633 3196 1721 3268 ab
1754 3197 1967 3268 unius
2013 3198 2153 3268 diei
2200 3220 2485 3291 vespera
2523 3219 2746 3287 usque

190 3286 279 3360 ad
333 3308 409 3360 se
461 3286 692 3357 uentis
758 3287 1215 3379 vespertinam
1280 3286 1520 3357 horam
1560 3286 2002 3378 je'unarent,
2056 3287 2273 3378 jussit
2333 3287 2741 3359 Febroniam

192 3388 352 3468 post
451 3397 702 3446 uorum
754 3374 1022 3447 dierum
1074 3376 1377 3467 spatium
1423 3396 1619 3446 come
1669 3396 1805 3446 ere.
1861 3374 1988 3445 Illa
2033 3375 2248 3468 igitur
2292 3397 2451 3447 cum
2504 3397 2576 3448 se
2622 3376 2742 3446 tali

186 3464 511 3558 corporis
559 3463 801 3535 habitu
837 3463 1218 3555 praeditam
1268 3462 1549 3553 videret,
1606 3477 1770 3535 tunc
1798 3464 2004 3534 etiam
2057 3485 2277 3552 neque
2308 3486 2584 3556 panem,
2622 3486 2741 3535 ne-

186 3575 325 3642 que
358 3575 619 3642 aquam
653 3552 742 3623 ad
768 3552 1143 3624 satietatem
1195 3574 1416 3640 usque
1464 3554 1805 3624 sumebat.
1836 3551 1930 3621 Ad
1984 3551 2151 3623 haec
2189 3553 2402 3644 jussit
2448 3575 2742 3644 parvum

185 3641 550 3731 quoddam
621 3662 984 3712 scamnum
1033 3640 1167 3712 sibi
1192 3642 1539 3732 componi,
1592 3641 1818 3712 tribus
1862 3640 2117 3712 cubitis
2150 3640 2435 3733 longum
2488 3654 2555 3713 et
2601 3663 2742 3713 uno

185 3731 427 3822 palmo
475 3752 560 3801 ac
607 3728 899 3803 dimidio
936 3730 1182 3813 latum,
1221 3730 1292 3800 in
1340 3750 1480 3818 quo
1527 3729 2021 3817 requiescebat,
2051 3730 2320 3818 quoties
2353 3729 2746 3801 dormiendi

184 3831 468 3912 tempus
507 3817 900 3890 advenerat.
946 3817 1299 3890 Interdum
1348 3819 1514 3889 etin
1566 3817 1712 3891 solo
1739 3817 1927 3889 nudo
1956 3838 2201 3889 carnes
2240 3841 2405 3891 suas
2452 3819 2745 3890 reclina·

183 3906 326 3978 bat.
372 3907 659 3993 Quoties
704 3929 863 3978 vero
908 3929 950 3977 a
996 3906 1270 3979 diabolo
1331 3906 1691 3979 nocturnis
1736 3906 2272 3999 cogitationibus
2322 3908 2738 3994 tentabatur,

184 3996 593 4089 exurgebat,
634 4007 703 4067 et
735 3995 973 4068 multis
1009 4017 1169 4068 cum
1220 3995 1549 4085 lacrymis
1575 3999 1710 4066 Deo
1739 3995 2203 4088 supplicabat,
2256 4010 2334 4069 ut
2381 3996 2740 4069 diabolum

186 4094 570 4157 tentantem
601 4106 643 4155 a
682 4107 756 4158 se
785 4084 1092 4177 fugaret:
1144 4095 1213 4156 et
1258 4083 1490 4157 statim
1524 4083 1781 4155 librum
1820 4084 2164 4177 aperiens,
2208 4085 2481 4158 divinas
2511 4086 2744 4158 literas

188 4169 537 4245 laboriose
602 4171 893 4276 legebat.
948 4178 1115 4261 Cum
1174 4174 1359 4245 enim
1408 4171 1827 4276 adolescens·
1855 4185 2035 4275 esset
2078 4173 2394 4276 discendi
2440 4173 2738 4276 cupida,

186 4272 333 4332 tam
370 4261 593 4333 multa
624 4261 888 4346 didicit,
923 4272 1001 4335 ut
1026 4272 1293 4333 tantum
1320 4261 1695 4334 Febroniae
1731 4272 2060 4333 scientiae
2103 4263 2414 4334 studium
2447 4267 2741 4333 Brienna

239 4424 270 4454 ο
297 4420 493 4464 msam·
510 4423 775 4473 mennam
792 4424 896 4465 niv·
913 4424 1209 4466 innocui-m
1227 4423 1505 4475 mygdoniae
1520 4421 1569 4464 in
1589 4423 1942 4473 mesopotamio.
2049 4414 2050 4419 ’

241 4478 293 4502 ··
323 4476 573 4527 Quomodo
590 4476 949 4528 intentandum
967 4478 1111 4520 hocce
1129 4479 1182 4519 tn
1200 4478 1400 4520 munere
1417 4475 1704 4520 nicoenam·
1723 4476 1947 4528 omum
1966 4477 2074 4520 vide
2092 4476 2146 4520 ln
2164 4476 2302 4519 Βιιιίο
2324 4476 2428 4518 vol.
2443 4475 2505 4523 11.
2520 4485 2567 4526 p.
2585 4475 2677 4516 ⁴12
