3357 4995
701 334 829 398 630
1530 351 1610 398 nn
1655 350 1713 397 s.
1763 346 2078 399 APOSTOLO
2127 347 2328 398 PAULO
2788 327 3010 394 JUNII
3057 326 3154 391 29

614 459 653 504 a
702 434 1024 525 pontifice
1057 433 1293 525 templi
1341 433 1671 525 epistolis,
1707 434 1793 504 ad
1827 432 2335 526 persequendos
2373 453 2488 501 eos
2519 431 2642 519 qui
2687 429 2952 499 Christo
2999 450 3154 499 cre-

614 524 953 602 diderant,
1026 528 1434 595 Damascum
1487 536 1818 614 pergeret,
1885 522 2293 593 revelatione
2339 519 2744 611 compulsus
2798 517 2882 588 ad
2937 516 3152 587 fidem

613 634 789 700 quae
837 613 903 680 in
956 612 1234 684 Actibus
1280 612 1758 703 Apostolorum
1806 612 2155 693 scribitur,
2196 612 2262 680 in
2304 614 2434 679 Vas
2471 607 2825 679 electionis
2865 607 2950 677 de
2998 628 3154 708 per-

613 712 920 772 secutore
970 700 1342 771 translatus
1375 712 1499 771 est.
1553 705 1859 789 Cumque
1906 702 2212 792 primum
2254 698 2337 768 ad
2391 697 2970 790 praedicationem
2998 717 3155 785 ejus

615 789 894 890 Sergius
940 789 1194 861 Paulus
1251 790 1618 880 proconsul
1691 790 1893 882 Cypri
1939 789 2375 868 credidisset,
2447 787 2533 858 ab
2579 808 2681 869 e0,
2733 784 2920 872 quod
2987 805 3155 885 eum

613 879 861 948 Christi
908 877 1068 948 fidei
1117 878 1501 969 subegerat,
1555 880 1835 950 sortitus
1867 892 1968 949 est
2004 900 2279 958 nomen,
2315 875 2610 947 Paulus:
2647 887 2712 944 et
2734 874 2981 963 juncto
3016 873 3159 944 sibi

615 967 948 1048 Barnaba,
1007 966 1246 1037 multis
1293 968 1585 1038 urbibus
1639 967 2040 1059 peragratis,
2097 977 2572 1052 revertensque
2616 962 3150 1053 Jerosolymam,

614 1079 651 1125 a
702 1062 895 1126 Petro
925 1057 1321 1145 Jacoboque
1367 1071 1432 1127 et
1468 1063 1757 1138 Joanne,
1806 1052 2127 1127 Gentium
2176 1054 2536 1145 Apostolus
2583 1052 2968 1123 ordinatus.

703 1149 738 1232 ξ
784 1150 864 1216 2.
919 1151 997 1214 Et
1035 1146 1199 1233 quia
1229 1147 1297 1214 in
1349 1147 1626 1216 Actibus
1674 1145 2149 1237 Apostolorum
2203 1144 2603 1235 plenissime
2649 1141 2734 1211 de
2781 1142 2935 1232 ejus
2981 1161 3156 1208 con-

613 1234 996 1304 versatione
1045 1236 1378 1325 scriptum
1419 1247 1542 1314 est,
1580 1235 1708 1304 hoc
1740 1248 2006 1304 tantum
2057 1233 2308 1315 dicam,
2352 1231 2535 1319 quod
2575 1242 2725 1321 post
2754 1230 3156 1321 passionem

615 1323 888 1392 Domini
924 1322 1493 1413 vigesimoquinto
1519 1346 1724 1403 anno,
1767 1324 1830 1392 id
1865 1334 1987 1403 est,
2035 1322 2338 1392 secundo
2364 1320 2673 1401 Neronis,
2703 1341 2782 1388 eo
2815 1331 3152 1409 tempore,

614 1433 748 1498 quo
792 1417 1027 1481 Festus
1079 1425 1478 1501 procurator
1522 1413 1820 1483 Judaeae
1877 1413 2207 1483 successit
2253 1409 2483 1490 Felici,
2549 1414 2832 1479 Romam
2877 1407 3158 1477 vinctus

616 1500 933 1581 mittitur,
971 1513 1036 1570 et
1067 1501 1425 1570 biennium
1463 1502 1531 1569 in
1570 1500 1786 1571 libera
1817 1523 2106 1570 manens
2130 1499 2466 1580 custodia,
2496 1497 2827 1567 adversus
2854 1496 3160 1566 Judaeos

614 1588 700 1657 de
745 1588 1043 1658 adventu
1093 1589 1337 1659 Christi
1387 1590 1693 1676 quotidie
1721 1589 2117 1680 disputavit.
2158 1588 2529 1658 Sciendum
2561 1598 2790 1656 autem
2819 1586 2888 1654 in
2925 1585 3159 1678 prim-a

616 1677 1117 1757 satisfactione,
1191 1679 1486 1748 necdum
1553 1680 1837 1750 Neronis
1884 1679 2173 1768 imperio
2222 1679 2562 1757 roborato,
2636 1698 2763 1745 nec
2827 1675 2896 1743 in
2965 1685 3160 1763 tanta

614 1779 1015 1855 erumpente
1046 1766 1325 1845 scelera,
1378 1781 1633 1854 quanta
1674 1768 1760 1837 de
1790 1790 1869 1837 eo
1911 1779 2190 1837 narrant
2225 1766 2572 1846 historiae,
2625 1762 2919 1834 Paulum
2954 1787 2993 1832 a
3028 1768 3160 1832 Ne-

618 1876 781 1922 rone
821 1854 1220 1935 dimissum,
1266 1870 1341 1927 ut
1390 1857 1836 1946 Evangelium
1881 1857 2125 1926 Christi
2158 1857 2226 1924 in
2265 1855 2652 1925 Occidentis
2678 1874 2952 1940 quoque
2995 1874 3159 1942 par-

617 1943 801 2012 tibus
853 1944 1309 2033 praedicaret:
1348 1945 1529 2014 sicut
1567 1947 1714 2034 ipse
1749 1946 1986 2015 scribit
2017 1946 2086 2013 in
2130 1944 2434 2014 secunda
2472 1942 2762 2044 epistola
2810 1940 2897 2011 ad
2929 1941 3160 2010 Timo-

620 2031 879 2114 theum,
911 2055 989 2101 eo
1015 2046 1340 2123 tempore,
1366 2055 1504 2120 quo
1533 2045 1597 2103 et
1622 2056 1871 2124 passus
1896 2047 2019 2113 est,
2052 2034 2138 2103 de
2157 2033 2452 2102 vinculis
2469 2032 2740 2101 dictans
2756 2029 3152 2121 epistolam:

618 2143 653 2185 «
688 2125 763 2189 In
829 2122 1053 2210 prima
1115 2144 1266 2191 mea
1328 2123 1790 2194 satisfactione
1839 2144 2039 2191 nemo
2091 2123 2263 2191 mihi
2320 2122 2535 2201 affuit,
2585 2120 2701 2189 sed
2753 2140 2998 2189 omnes
3049 2140 3158 2187 me

616 2208 1169 2297 dereliquerunt:
1209 2233 1344 2280 non
1377 2212 1476 2281 eis
1510 2213 1912 2301 imputetur.
1963 2211 2293 2280 Dominus
2326 2223 2557 2280 autem
2607 2208 2779 2277 mihi
2829 2208 3055 2287 affuit,
3093 2220 3156 2277 et

615 2298 1017 2369 confortavit
1058 2321 1188 2380 me,
1231 2313 1308 2369 ut
1358 2323 1475 2389 per
1526 2324 1633 2370 me
1696 2300 2111 2391 praedicatio
2175 2298 2656 2389 compleretur,
2714 2310 2779 2366 et
2829 2296 3155 2366 audirent

616 2408 856 2457 omnes
891 2400 1166 2478 gentes:
1220 2401 1284 2458 et
1345 2388 1672 2460 liberatus
1730 2413 1886 2459 sum
1944 2389 2027 2457 de
2067 2410 2181 2458 ore
2231 2387 2545 2456 leonis.»
2597 2385 3153 2456 Manifestissime

617 2474 883 2545 leonem
917 2490 1191 2568 propter
1215 2478 1688 2549 crudelitatem
1712 2485 2043 2550 Neronem
2071 2477 2498 2568 significans.
2533 2480 2662 2546 Et«
2685 2475 3025 2545 Liberavit
3051 2495 3154 2544 me

616 2566 947 2635 Dominus
974 2566 1060 2636 ab
1091 2568 1278 2636 omni
1304 2590 1506 2657 opere
1541 2568 1744 2648 malo,
1788 2580 1852 2637 et
1880 2567 2164 2636 salvavit
2199 2589 2303 2635 me
2336 2567 2404 2634 in
2441 2587 2729 2655 regnum
2767 2587 2974 2634 suum
3005 2585 3155 2634 coe-

618 2652 853 2735 leste,»
894 2655 1072 2741 quod
1123 2656 1382 2726 scilicet
1432 2679 1753 2746 praesens
1803 2657 1935 2726 sibi
1970 2656 2248 2727 sentiret
2296 2655 2659 2723 imminere
2709 2654 3148 2742 martyrium

616 2747 753 2843 qu
792 2745 973 2812 enirn
1013 2746 1166 2834 jam
1193 2747 1519 2826 immolor,
1561 2746 2027 2836 praemiserat,
2081 2756 2143 2814 et
2192 2755 2451 2834 tempus
2497 2745 2920 2812 resolution-is
2967 2764 3154 2811 meae

624 2842 854 2900 instat.

708 2923 742 3007 ξ
791 2925 880 2992 3.
937 2920 1060 2989 Hic
1117 2943 1279 3012 ergo
1335 2922 1849 3010 quartodecimo
1896 2923 2179 2992 Neronis
2228 2943 2409 2990 auno
2440 2976 2454 3000 ,
2528 2920 2768 2990 eodem
2819 2919 2963 2999 die,
3017 2940 3156 3005 quo

620 3014 878 3089 Petrus,
934 3014 1187 3078 Romae
1246 3033 1367 3101 pro
1417 3011 1678 3081 Christo
1727 3011 1949 3100 capite
2001 3023 2378 3091 truncatus,
2425 3009 2879 3099 sepultusque
2931 3019 3033 3077 est
3081 3007 3153 3075 in

618 3098 725 3165 via
783 3098 1100 3176 Ostiensi,
1165 3121 1346 3169 anno
1408 3114 1558 3190 post
1609 3101 2000 3190 passionem
2071 3098 2338 3169 Domini
2405 3098 2757 3167 tris-resimo
2829 3096 3148 3186 septimo.

619 3187 899 3275 Scripsit
932 3200 1159 3257 autem
1212 3210 1450 3258 novem
1486 3189 1568 3258 ad
1608 3201 1863 3278 septem
1925 3187 2250 3259 ecclesias
2284 3152 2648 3276 epistolas:
2689 3185 2772 3255 ad
2809 3191 3155 3254 Romanos

615 3297 851 3354 unam,
906 3276 998 3344 Ad
1035 3277 1415 3347 Corinthios
1455 3277 1652 3357 duas,
1695 3277 1780 3345 ad
1820 3277 2090 3347 Galatas
2131 3298 2369 3356 unam,
2415 3276 2497 3344 ad
2544 3274 2872 3365 Ephesios
2906 3296 3148 3355 unam,

617 3363 698 3432 ad
734 3363 1208 3454 Philippenses
1242 3388 1477 3445 unam,
1514 3366 1596 3435 ad
1631 3366 2060 3436 Colossenses
2103 3388 2339 3445 unam,
2379 3365 2464 3434 ad
2508 3363 3155 3433 Thessalonicenses

616 3453 827 3521 duas:
886 3465 1229 3543 praeterea
1281 3455 1363 3522 ad
1420 3455 1800 3543 discipulos
1853 3477 2036 3535 suOS,
2092 3455 2441 3523 Timotheo
2474 3453 2671 3532 duas,
2727 3452 2869 3522 Tito
2903 3473 3146 3532 unam,

616 3541 1000 3611 Philemoni
1061 3565 1296 3612 unam.
1356 3541 1653 3633 Epistola
1701 3555 1927 3612 autem
1979 3565 2154 3630 quae
2201 3541 2417 3612 fertur
2464 3541 2547 3611 ad
2601 3541 2965 3620 HebranS,
3015 3563 3152 3609 non

615 3631 767 3720 ejus
800 3631 1124 3712 creditur,
1166 3644 1439 3722 propter
1488 3632 1643 3722 styli
1682 3633 2154 3718 sermonisque
2189 3632 2629 3702 distantiam:
2670 3629 2787 3700 sed
2841 3630 2940 3698 vel
2991 3634 3157 3699 Bar·—

618 3719 856 3801 nabae,
884 3722 1081 3810 juxta
1108 3720 1642 3790 Tertullianum:
1672 3721 1775 3789 vel
1817 3726 2038 3790 Lucae
2063 3720 2521 3811 evangelistae
2545 3721 2741 3810 juxta
2773 3718 3149 3805 quosdam:

617 3808 715 3876 vel
770 3808 1152 3892 ClementiS,
1210 3814 1556 3879 Romanae
1606 3823 1842 3900 postea
1890 3809 2230 3879 Ecclesiae
2287 3809 2630 3909 Episcopi,
2684 3829 2890 3895 quem
2959 3808 3159 3896 ajunt

618 3897 753 3986 ipsi
795 3897 1225 3987 adjunctum,
1267 3900 1636 3968 sententias
1669 3898 1864 3967 Pauli
1901 3899 2176 3988 proprio
2208 3897 2567 3968 ordinasse
2600 3910 2663 3966 et
2701 3919 2988 3967 ornasse
3019 3918 3158 3965 ser-

619 4008 841 4054 mone.
899 3986 1010 4055 Vel
1061 4000 1239 4055 certe
1291 3988 1453 4074 quia
1503 3987 1760 4057 Paulus
1817 3988 2161 4057 scribebat
2216 3986 2300 4054 ad
2356 3987 2719 4066 Hebrae03‚
2773 3998 2838 4054 et
2881 3997 3161 4075 propter

617 4074 949 4142 invidiam
1003 4076 1111 4144 sui
1159 4076 1344 4165 apud
1395 4098 1510 4145 eos
1554 4076 1879 4157 nominiS,
1915 4076 2190 4145 titulum
2238 4076 2304 4143 in
2346 4075 2688 4165 principio
2722 4073 3160 4143 salutationis

616 4175 1133 4253 amputaverat:
1201 4165 1567 4265 scripserat
1598 4178 1672 4235 ut
1720 4167 2072 4235 Hebraeus
2122 4164 2447 4234 Hebraeis
2496 4163 2844 4243 Hebraice,
2904 4163 2969 4231 id
3023 4176 3155 4244 est,

618 4274 743 4322 suo
789 4252 1059 4340 eloquio
1116 4252 1590 4335 disertissime,
1652 4267 1731 4323 ut
1777 4276 1856 4323 ea
1924 4275 2101 4340 quae
2154 4252 2550 4339 eloquenter
2585 4254 2837 4343 scripta
2885 4251 3162 4322 fuerant

616 4341 685 4409 in
740 4342 1068 4423 Hebraeo,
1136 4341 1571 4430 eloquentius
1625 4355 2044 4413 verterentur
2092 4343 2158 4410 in
2225 4346 2593 4411 Graecum:
2648 4353 2712 4410 et
2765 4341 2941 4409 hanc
2990 4363 3158 4411 cau-

612 4451 762 4497 sam
815 4452 984 4513 esse,
1037 4431 1221 4519 quod
1279 4454 1319 4501 a
1377 4432 1660 4502 caeteris
1719 4430 1912 4501 Pauli
1975 4430 2318 4520 epistoliS,
2371 4430 2765 4520 discrepare
2812 4428 3152 4500 videatur.
