3357 4995
682 328 810 392 278
2639 311 2645 317 ⁸
2756 323 2973 389 JUNII
3027 323 3110 387 ⁴3

957 547 1604 664 marituma
1657 548 1741 648 S.
1813 477 2373 656 AQU1L1N'AE
2441 544 2711 678 vnssc.

1293 788 1575 837 AUCTORE
1625 788 1895 837 smssorm
1943 786 2391 835 METAPHRASTE

1033 970 1244 1026 Passa
1286 981 1393 1026 an.
1427 971 1573 1037 293,
1622 981 1838 1025 annos
1884 971 2046 1025 nata
2085 968 2157 1023 12
2201 995 2277 1006 —
2320 964 2646 1022 Phoenix.

655 1155 690 1239 ξ
735 1158 815 1224 1.
869 1155 1316 1237 Posteaquam
1346 1150 1649 1220 Salvator
1684 1160 1912 1219 noster
1956 1150 2165 1217 Jesus
2192 1146 2503 1217 Christus
2534 1167 2573 1215 e
2604 1144 2793 1216 coelo
2843 1144 3120 1214 descen·

568 1239 691 1321 dit,
744 1251 809 1309 et
847 1239 1052 1308 homo
1100 1238 1318 1308 factus
1365 1250 1507 1319 est,
1560 1250 1625 1307 et
1680 1259 1804 1328 pro
1853 1237 2289 1328 peccantium
2338 1234 2706 1305 hominum
2769 1232 2991 1303 salute
3044 1233 3118 1301 in

569 1328 767 1399 terris
807 1328 1129 1418 apparuit
1204 1326 1496 1414 ejusque
1527 1326 1885 1397 miraculis
1934 1325 2210 1395 abunde
2260 1323 2568 1393 mundus
2616 1323 2766 1412 ipse
2814 1321 3119 1392 illustra-

570 1430 681 1487 tus
717 1416 868 1496 fuit,
924 1428 1125 1503 atque
1172 1416 1283 1485 his
1328 1436 1504 1501 quae
1550 1414 1732 1485 ultro
1774 1437 2022 1505 passus
2070 1426 2194 1495 est,
2247 1412 2530 1492 diaboli,
2587 1412 2710 1498 qui
2758 1410 3120 1480 hominem

568 1508 1135 1583 circumvenerat,
1188 1504 1560 1593 imperium
1607 1503 2036 1573 exinanitum
2088 1502 2216 1572 fuit
2245 1556 2261 1583 ,
2307 1501 2681 1587 divinaque
2728 1499 2948 1591 gratia
2997 1521 3122 1590 per

569 1594 943 1685 gloriosam
992 1594 1213 1683 ipsius
1263 1592 1833 1663 resurrectionem
1882 1592 1954 1660 in
1990 1584 2336 1660 mimdum
2389 1589 2812 1670 redundans,
2866 1589 3123 1657 huma-

569 1705 739 1752 num
791 1703 1013 1772 genus
1061 1681 1144 1750 ad
1196 1680 1406 1750 sidem
1459 1681 1813 1762 convertit,
1869 1680 2167 1767 denique
2225 1689 2670 1769 posteaquam
2719 1699 2757 1747 e
2819 1690 2996 1746 terra
3047 1677 3123 1745 in
3185 1692 3190 1697 ·

574 1770 841 1841 coelum
876 1770 1025 1860 ipse
1078 1769 1409 1848 ascendit,
1466 1781 1532 1840 et
1576 1769 1664 1839 ad
1703 1770 1921 1839 Patris
1970 1767 2318 1839 dexteram
2367 1767 2564 1848 sedit,
2629 1765 2955 1857 Apostoli,
3009 1787 3125 1834 ac-

575 1860 796 1949 ceptis
830 1859 917 1929 ab
967 1880 1047 1927 eo
1099 1857 1463 1939 mandatis,
1519 1858 1728 1928 fidem
1779 1858 2001 1948 ipsius
2050 1878 2171 1947 per
2206 1865 2437 1926 totum
2485 1856 3121 1925 orbem‘terrarum

569 1947 1082 2038 praedicarunt.
1130 1952 1436 2035 Cumque
1470 1946 1672 2018 multi
1720 1968 1841 2038 per
1885 1945 2341 2037 Apostolicam
2393 1943 2972 2045 praedicationem
3017 1943 3123 2011 in-

570 2037 1044 2116 stituerentur,
1104 2051 1167 2105 et
1217 2035 1332 2105 Dei
1377 2057 1507 2126 ope
1553 2035 1962 2126 adjuvante,
2021 2055 2263 2104 omnes
2322 2032 2423 2102 ilh
2471 2055 2511 2102 a
2560 2043 2796 2102 sancto
2858 2032 3125 2122 Spiritu

571 2125 1139 2195 illuminarentur
1171 2179 1186 2204 ,
1238 2123 1411 2193 fides
1461 2124 1612 2213 ipsa
1658 2146 1781 2215 per
1857 2135 2075 2193 totum
2123 2123 2358 2192 orbem
2418 2131 2758 2191 terrarum
2818 2120 3112 2212 vigebat.

571 2214 870 2305 Apostoli
912 2235 1090 2292 vero,
1144 2235 1307 2282 cum
1342 2234 1547 2283 suum
1585 2235 1844 2283 munus
1891 2210 2444 2301 complevissent,
2483 2210 2569 2279 ad
2601 2209 2962 2288 coelestem
2998 2213 3125 2277 Do-

571 2304 845 2373 minum
894 2302 1377 2371 ascenderunt.
1434 2300 1561 2370 Sed
1605 2301 1883 2372 illorum
1925 2312 2154 2371 tamen
2197 2298 2617 2389 praedicatio
2665 2297 2994 2378 faciebat,
3049 2308 3129 2366 ut

571 2413 694 2483 per
739 2391 1135 2460 universam
1188 2402 1441 2460 terram
1478 2389 1678 2459 multi
1730 2394 1941 2459 Deum
1994 2388 2335 2458 timerent.
2636 2389 2637 2392 ’
2873 2391 2877 2396 ’

660 2483 696 2569 ξ
749 2484 838 2552 2.
892 2483 1128 2566 Itaque
1178 2479 1247 2548 in
1297 2478 1469 2550 urbe
1542 2477 1847 2565 quadam
1914 2476 2337 2548 Palaestinae
2394 2475 2737 2567 regionis,
2795 2496 2972 2564 quae
3019 2475 3127 2544 Bi-

571 2569 725 2639 blos
756 2568 863 2658 (a)
909 2568 1310 2649 dicebatur,
1392 2578 1585 2637 erant
1634 2566 2004 2637 Christiani
2069 2566 2423 2646 homines,
2475 2566 2598 2653 qui
2642 2565 2730 2635 ab
2786 2563 3127 2655 Apostolis

571 2658 745 2749 ipsis
806 2654 1077 2747 pietatis
1133 2657 1449 2727 doctrina
1495 2656 1817 2726 instructi
1880 2654 2173 2737 fuerant,
2229 2676 2265 2724 e
2325 2654 2582 2741 quibus
2630 2675 2838 2734 unus»,
2893 2652 3127 2722 Eutol-

574 2748 761 2816 mius
807 2747 1109 2827 nomine,
1164 2746 1236 2814 in
1285 2745 1459 2815 urbe
1510 2744 1631 2815 illa
1676 2766 1961 2814 uxorem
2011 2743 2246 2813 duxit:
2299 2746 2419 2829 qui
2467 2764 2628 2811 cum
2685 2763 2828 2811 una
2889 2751 3129 2811 sancte

574 2836 897 2916 viverent,
952 2840 1129 2905 Deus
1179 2835 1327 2924 ipse
1359 2834 1663 2904 fructum
1714 2845 1779 2903 et
1826 2832 2224 2923 progeniem
2256 2830 2673 2918 Aquilinum,
2728 2830 2870 2900 illis
2908 2829 3124 2909 dedit,

572 2945 750 3009 quae
795 2922 1057 2992 'nefaria
1106 2923 1383 3011 tyranni
1430 2922 1704 2992 decreta
1765 2921 2161 2991 exinanivit.
2218 2925 2397 2990 Haec
2445 2941 2609 2989 cum
2652 2918 2857 3009 paulo
2908 2939 3123 3009 gran-

573 3013 726 3081 dior
770 3011 947 3080 facta
1007 3023 1205 3092 esset,
1272 3023 1339 3081 et
1384 3022 1672 3081 aetatem
1741 3009 1971 3080 adhuc
2023 3008 2344 3079 tenellam
2394 3019 2669 3099 ageret,
2724 3008 3128 3094 iniquorum

573 3106 1073 3189 Imperatorum
1124 3099 1210 3168 de
1248 3099 1594 3189 idolorum
1644 3099 1841 3169 cultu
1890 3097 2223 3171 servando
2281 3096 2806 3171 constitutiones
2852 3095 3127 3164 evertit:

575 3192 744 3257 Cum
777 3188 959 3257 enim
1000 3188 1233 3277 puella
1281 3188 1434 3278 ipsa
1461 3188 2040 3276 quadrimestrem
2088 3198 2376 3256 aetatem
2414 3198 2666 3275 ageret,
2709 3185 2861 3275 ejus
2910 3195 3133 3252 mater

575 3275 661 3345 ad
714 3276 1108 3346 Euthalium
1158 3278 1575 3367 Episcopum
1628 3275 1823 3346 illam
1873 3275 2072 3357 tulit,
2123 3296 2345 3362 quam·
2391 3275 2473 3343 in·
2518 3273 2799 3343 nomine
2857 3271 3133 3341 Domini

574 3366 791 3435 nostri
836 3366 1011 3435 Jesu
1057 3365 1304 3437 Christi
1353 3365 1734 3456 Episcopus
1784 3364 1901 3435 ille
1952 3363 2271 3454 signavit,
2315 3375 2381 3432 et
2426 3362 2997 3432 catechumenam
3036 3359 3136 3429 fe-

574 3455 689 3523 cit.
745 3459 898 3525 Post
943 3453 1119 3524 duos
1179 3475 1333 3524 vcro
1384 3474 1654 3525 menses
1701 3475 1865 3523 cum
1934 3452 2250 3522 eamdem
2298 3450 2384 3520 ad
2436 3446 2831 3523 Euthalium
2892 3449 3135 3539 >ipsum

576 3555 796 3612 mater
826 3553 1183 3633 portasset,
1235 3542 1464 3633 puella
1498 3541 1746 3612 Christi
1780 3541 2124 3641 baptismo
2156 3539 2549 3609 illuminata
2581 3551 2706 3611 est.
2739 3538 2928 3621 Qua‘e
2958 3558 3124 3606 cum

576 3652 841 3701 annum
891 3643 1142 3722 ageret,
1175 3631 1325 3722 ejus
1360 3642 1552 3722 pater
1585 3629 1973 3701 Eutolmius
2004 3651 2084 3699 ex
2132 3628 2444 3699 humana
2463 3628 2598 3698 vita
2646 3627 2734 3697 ad
2777 3626 3131 3697 Christum

576 3719 919 3809 migravit:
963 3732 1179 3790 mater
1211 3742 1367 3789 vero
1403 3718 1705 3810 puellam
1733 3718 2093 3788 educabat.
2138 3722 2375 3803 Itaque
2413 3738 2573 3786 cum
2610 3725 2871 3805 septem
2906 3735 3131 3784 annos

580 3808 749 3878 haec
781 3821 1030 3898 ageret,
1085 3831 1126 3877 a
1173 3821 1390 3879 matre
1437 3830 1564 3879 sua
1611 3828 1887 3877 omnem
1948 3806 2452 3877 institutionem
2504 3804 2919 3875 mulieribus
2966 3823 3137 3872 con-

579 3910 937 3986 gruentem
985 3897 1421 3977 edocebatur,
1474 3918 1651 3984 quae
1680 3917 1820 3983 quo
1846 3906 2061 3966 aetate
2104 3894 2326 3995 magis
2371 3895 2742 3975 crescebat,
2779 3914 2859 3963 eo
2910 3891 3136 3982 magis

525 4056 536 4067 ,
583 3985 846 4074 Spiritu
897 3989 1143 4055 Sancto
1191 3986 1635 4078 implebatur,
1672 3998 1740 4055 et
1786 3984 2035 4055 Christi
2067 3984 2288 4074 gratia
2322 3981 2797 4052 decorabatur.

670 4076 706 4160 ξ
755 4078 843 4146 8.
901 4078 1067 4144 Cum
1110 4097 1267 4145 vero
1315 4075 1666 4145 decimum
1734 4094 1999 4143 annum
2060 4083 2311 4173 ageret,
2369 4093 2730 4159 nunquam
2780 4067 3141 4139 desinebat

583 4165 795 4232 Deum
832 4164 1066 4253 ipsum
1117 4163 1457 4234 invocare.
1497 4169 1642 4248 Quo
1674 4174 2005 4253 tempore,
2053 4160 2450 4233 Diocletiani
2470 4158 2917 4251 Imperatoris
2950 4177 3139 4226 anno

583 4252 874 4342 septimo
911 4251 1234 4335 instante,
1261 4252 1675 4325 Volusianus
1701 4251 1989 4339 quidam
2017 4250 2226 4343 homo
2253 4260 2390 4320 tam
2418 4249 2746 4329 nefariuS,
2769 4259 2850 4318 ut
2875 4245 3139 4317 diaboli

587 4409 882 4514 8έέ00Βέξῦυέ
915 4410 1041 4452 inter
1074 4408 1304 4462 'tripolim
1331 4411 1380 4453 et
1411 4410 1672 4459 Berrthum
1711 4409 1826 4450 urbs
1862 4407 2139 4451 Phoeniciae
2176 4408 2415 4449 maritima
2449 4409 2564 4454 erat,
2598 4404 2925 4447 vetustissima
2952 4404 3002 4445 et
3028 4405 3143 4446 oum
