3357 4995
205 342 387 408 JUMI
436 342 482 405 2
727 356 1067 406 ruat-«sur.
1122 356 1235 413 ss„
1268 358 1382 404 mr.
1436 358 1615 406 parm
1664 359 1739 405 m·
1786 358 2162 408 irancuum
2542 344 2626 407 77

207 467 352 534 pago
398 443 861 533 Nithagonne,
907 442 1244 512 vocabulo
1292 444 1429 512 Hec
1481 456 1634 524 stat,
1685 444 2037 534 pertinens
2084 445 2170 514 ad
2221 447 2717 516 monasterium

205 538 254 602 S.
292 532 596 603 Nazarii:
652 531 739 600 de
785 552 921 618 quo
970 530 1203 621 puella
1249 552 1424 619 quae
1478 553 1589 601 am
1656 553 1998 603 annorum
2057 534 2328 605 circiter
2391 535 2714 617 sedecim,

199 623 270 690 ab
310 621 556 692 eodem
627 619 919 689 erratico
980 619 1230 709 spiritu
1296 642 1633 711 possessa,
1691 621 1776 692 ad
1839 621 2200 692 basilicam
2253 635 2630 712 martyrum
2682 646 2723 693 a

199 711 588 800 parentibus
636 708 788 779 suis
833 706 1131 778 adducta
1177 719 1300 778 est.
1356 715 1541 792 Quae
1570 732 1730 779 cum
1781 722 1938 781 ante
1977 710 2291 781 tumbam
2340 734 2537 781 sacra
2571 734 2723 782 cor-

195 822 337 888 pora
394 799 871 868 continentem
930 798 1247 878 venisset,
1301 809 1367 867 et
1424 800 1784 889 presbyter
1830 821 2041 890 super
2079 811 2288 889 caput
2334 800 2485 890 ejus
2530 822 2725 870 exor-

192 890 478 959 cismum
532 886 919 956 secundum
960 886 1532 957 consuetudinem
1571 888 1994 989 perlegisset,
2048 910 2127 959 ac
2161 888 2409 978 deinde
2447 889 2724 959 daemo-

191 998 331 1046 nem
381 975 689 1063 qualiter
734 987 801 1044 et
844 974 1123 1063 quando
1162 975 1234 1045 in
1274 998 1427 1046 eam
1476 975 1720 1047 fuisset
1767 999 2126 1067 ingressus
2161 980 2544 1069 percontari
2578 1000 2728 1047 coe-

188 1067 430 1155 pisset:
505 1087 644 1134 non
712 1063 1005 1134 barbara
1076 1063 1340 1155 lingua,
1399 1086 1606 1152 quam
1665 1066 1885 1137 solam
1955 1066 2183 1157 puella
2237 1082 2537 1147 noverat,
2609 1066 2725 1136 sed

190 1159 494 1223 Romana
544 1153 891 1225 locutione
952 1154 1345 1242 presbytero
1401 1176 1509 1222 res
1561 1154 1780 1224 ondit.
1834 1159 2141 1242 Cumque
2189 1157 2548 1246 presbyter
2596 1156 2728 1224 mi-

190 1253 449 1313 raretur
500 1253 706 1329 atquc
755 1243 1225 1331 interrogaret,
1258 1242 1446 1312 unde
1472 1242 1516 1311 il
1552 1243 1574 1312 i
1606 1244 1886 1314 Latinae
1935 1244 2214 1334 linguae
2265 1244 2527 1325 notitia,
2566 1266 2727 1314 cum

190 1345 503 1420 parentes
529 1333 706 1421 ejus,
743 1330 863 1417 qui
896 1330 991 1399 ibi
1021 1343 1412 1421 praesentes
1446 1332 1787 1414 astabant,
1824 1333 2305 1422 hujuscemodi
2338 1354 2730 1403 sermonem

196 1422 467 1509 penitus
499 1421 923 1512 ignorarent.
972 1425 1312 1500 Parentes,
1350 1421 1600 1509 inquit,
1633 1443 1825 1492 meos
1854 1444 2239 1509 numquam
2268 1422 2523 1491 vidisti.
2559 1427 2728 1491 Tum

194 1511 574 1599 presbyter,
640 1515 740 1578 Tu
786 1530 971 1600 ergo,
1036 1510 1292 1595 inquit,
1345 1509 1533 1579 unde
1579 1531 1694 1591 es,
1747 1511 1806 1579 si
1855 1511 1965 1582 isti
2016 1532 2151 1580 non
2204 1524 2367 1581 sunt
2414 1521 2733 1601 parentes

196 1599 329 1667 tui?
360 1604 438 1668 Et
489 1598 784 1669 daemon
835 1619 958 1688 per
1006 1596 1333 1687 puellam,
1372 1603 1531 1690 Ego,
1586 1599 1704 1680 ait,
1745 1621 1902 1669 sum
1953 1598 2223 1669 satelles
2261 1611 2467 1687 atque
2522 1598 2734 1669 disci-

193 1687 395 1776 pulus
442 1700 753 1768 satanae,
806 1698 872 1756 et
917 1685 1137 1756 multo
1177 1686 1321 1775 jam
1372 1699 1678 1778 tempore
1726 1688 1911 1779 apud
1973 1688 2227 1758 inferos
2284 1688 2542 1775 janitor
2589 1687 2729 1757 sui:

197 1775 304 1844 sed
354 1776 564 1846 modo
614 1797 736 1866 per
781 1796 1001 1845 annos
1048 1776 1311 1863 aliquot
1358 1797 1519 1846 cum
1575 1772 1783 1846 sociis
1834 1777 2006 1847 meis
2067 1777 2389 1847 undecim
2443 1798 2736 1868 regnum

197 1866 615 1935 Francorum
655 1865 938 1945 vastavi,
990 1863 1416 1934 frumentum
1465 1876 1530 1932 et
1564 1866 1830 1945 vinum,
1868 1877 1934 1936 et
1965 1887 2222 1935 omnes·
2252 1865 2426 1936 alias
2472 1865 2731 1956 frugeS,

205 1972 370 2038 quae
400 1953 490 2023 ad
522 1975 735 2023 usum
784 1952 1151 2023 hominum
1183 1953 1268 2023 de
1295 1966 1472 2023 terra
1500 1964 1907 2035 nascuntur,
1939 1955 2134 2045 juxta
2162 1954 2346 2041 quod
2371 1954 2554 2045 jussi
2587 1976 2737 2024 era-

209 2062 379 2121 muS,
432 2041 789 2112 enecando
835 2042 1239 2123 delevimu5‚
1294 2064 1541 2133 pecora
1591 2044 1852 2113 morbis
1900 2043 2393 2125 interfecimuS,
2432 2043 2617 2113 luem
2660 2062 2739 2111 ac

214 2129 670 2217 pestilentiam
707 2131 776 2199 in
812 2131 997 2222 ipsos
1044 2132 1361 2202 homines
1400 2131 1856 2201 immisimus:
1909 2154 2149 2205 omnes
2194 2153 2469 2220 quoque
2498 2130 2738 2200 adver-

216 2217 436 2289 sitates
468 2233 537 2289 et
570 2232 820 2289 cuncta
867 2219 1073 2300 mala,
1125 2242 1304 2307 quae
1349 2218 1627 2310 jamdiu
1674 2242 1801 2311 pro
1849 2220 2111 2290 meritis
2164 2221 2312 2291 suis
2353 2221 2733 2311 patiuntur,

212 2308 401 2378 nobis
448 2308 868 2380 facientibus
916 2320 1119 2396 atque
1161 2308 1656 2400 ingerentibus,
1703 2310 1803 2379 eis
1835 2309 2256 2379 acciderunt.

290 2397 324 2481 ἓ
368 2402 517 2469 18.
577 2398 702 2467 Hic
750 2419 909 2468 cum
963 2398 1315 2499 presbyter
1359 2400 1448 2468 ab
1493 2419 1571 2467 eo
1620 2410 2000 2485 quaereret,
2039 2420 2342 2487 quanam
2394 2398 2479 2468 de
2532 2418 2744 2466 causa

213 2483 270 2551 ei
313 2482 553 2558 fuisset
586 2486 987 2576 hujusmodl
1026 2509 1354 2557 concessa
1391 2499 1731 2587 potestas:
1771 2492 2053 2578 Propter
2085 2486 2448 2569 malitiam,
2489 2486 2738 2574 inquit,

212 2574 435 2662 populi
486 2577 725 2666 hujuS,
778 2589 843 2646 et
889 2576 1337 2647 multimodas
1388 2577 1785 2663 tniquitates
1833 2598 2097 2658 eorum,
2151 2576 2271 2663 qui
2323 2598 2534 2666 super
2581 2597 2744 2644 eum

210 2663 553 2735 constituti
602 2677 799 2734 sunt:
853 2665 974 2751 qui
1023 2677 1424 2734 munera.et
1473 2687 1607 2734 non
1650 2665 1996 2753 justitiam
2045 2664 2372 2754 diligunt,
2426 2664 2546 2751 qui
2582 2661 2745 2763 plus

214 2749 546 2824 hominem
620 2774 832 2840 quam
908 2758 1120 2823 Deum
1172 2765 1521 2824 metuunt:
1576 2756 1697 2841 qui
1743 2774 2087 2843 pauperes
2154 2754 2582 2843 opprimunt,
2644 2773 2746 2819 vt-

214 2836 371 2935 duas
416 2853 482 2911 et
536 2841 843 2933 pupillos
889 2842 973 2911 ad
1026 2863 1099 2914 se
1146 2841 1591 2913 vociferantes
1637 2842 1964 2912 exaudire
1996 2841 2269 2921 nolunt,
2329 2840 2506 2911 nulli
2538 2839 2747 2930 justi-

214 2936 360 2996 tiam
410 2931 555 3003 nisi
603 2932 939 3000 mercanti
988 2929 1271 3000 faciunt.
1341 2935 1611 3000 Praeter
1659 2931 1830 3001 haec
1879 2942 2042 3001 sunt
2086 2945 2153 2999 et
2200 2930 2338 3000 alia
2384 2928 2606 3000 multa
2667 2950 2749 2998 ac

220 3034 374 3171 Bene
420 3019 987 3101 innumerabilia,
1041 3041 1219 3106 quae
1267 3033 1403 3089 tam
1456 3019 1544 3089 ab
1591 3021 1745 3110 ipso
1780 3019 2061 3110 populo,
2116 3040 2327 3108 quam
2378 3041 2419 3088 a
2476 3017 2753 3088 rectori-

262 3125 339 3173 us
400 3109 558 3198 eJus
618 3108 925 3195 quotidie
979 3108 1550 3179 committuntur:
1604 3118 1683 3178 ut
1731 3120 1896 3181 sunt
1959 3109 2290 3199 perjuria,
2359 3108 2746 3189 ebrietateS,

228 3192 574 3274 adulteria,
627 3197 1027 3279 homicidia,
1079 3197 1285 3274 furta,
1344 3197 1670 3288 rapinae:
1722 3218 1902 3284 quae
1949 3219 2162 3267 nemo
2200 3196 2353 3267 fieri
2402 3196 2743 3287 prohibet,

222 3293 279 3348 et
325 3305 478 3354 cum
535 3285 715 3356 facta
761 3285 1040 3367 fuerint,
1104 3307 1239 3357 non
1301 3287 1571 3374 estqui
1617 3286 1943 3356 vindicet.
2016 3286 2434 3356 Potentiores
2495 3284 2754 3373 quique
2801 3364 2808 3372 ,

222 3372 525 3460 turpibus
568 3374 781 3445 lucris
828 3375 1248 3456 inserviunt,
1301 3386 1366 3444 et
1415 3375 1563 3446 loco
1625 3376 2008 3466 superiore,
2061 3396 2269 3462 quem
2319 3387 2599 3465 propter
2649 3394 2753 3442 re-

224 3459 462 3544 gendos
508 3462 872 3534 inferiores
903 3475 1342 3554 acceperunt,
1395 3464 1483 3533 ad
1537 3463 1939 3554 superbiam
2005 3476 2070 3533 et
2118 3464 2399 3532 inanem
2457 3461 2753 3552 gloriam

230 3546 628 3642 abutuntur’:
681 3551 920 3622 odium
968 3566 1031 3623 et
1080 3552 1415 3621 invidiam
1476 3575 1613 3623 non
1667 3564 1804 3623 tam
1872 3553 2052 3622 inter
2096 3564 2475 3631 extraneos,
2544 3571 2756 3637 quam

230 3648 394 3707 inter
421 3661 550 3730 pro
600 3642 854 3728 inquos
884 3652 950 3711 et
995 3641 1326 3712 affinitate
1353 3643 1765 3730 conjunctos
1811 3653 2163 3712 exercent:
2214 3641 2485 3711 amicus
2535 3640 2758 3714 amico

232 3740 355 3795 non
402 3663 652 3800 credet:
716 3729 924 3801 frater
986 3731 1267 3801 fratrem
1316 3730 1499 3800 odit:
1569 3741 1764 3821 pater
1811 3730 2042 3800 filium
2089 3751 2228 3800 non
2290 3727 2543 3819 diligit.
2598 3728 2762 3798 Rari

232 3826 398 3895 sunt,
448 3819 578 3906 qui
624 3818 919 3889 fideliter
972 3842 1053 3890 ac
1100 3820 1339 3890 devote
1390 3819 1697 3889 decimas
1745 3818 1946 3888 dent:
2011 3819 2311 3889 rariores
2340 3874 2356 3900 ,
2409 3818 2532 3905 qui
2582 3816 2761 3886 elee-

235 3917 548 3994 mosynas
584 3906 871 3979 faciunt.
911 3915 988 3979 Et
1035 3909 1163 3979 hoc
1195 3908 1373 3990 ideo,
1417 3908 1583 3997 quia
1629 3907 1965 3995 quicquid
2014 3911 2147 3978 Deo
2181 3907 2281 3977 vel
2335 3905 2762 3997 pauperibus

238 3984 388 4089 (la-re
422 3996 785 4085 jubentur,
845 3998 916 4067 id
980 3998 1113 4068 sibi
1161 3997 1387 4089 perire
1433 3997 1884 4066 arbitrantur.
1940 3996 2226 4084 Iniquas
2275 4015 2640 4069 mensuras
2698 4004 2764 4064 et

248 4094 481 4166 anusta
532 4084 838 4176 pondera
894 4099 1132 4157 contra
1195 4086 1309 4155 Dei
1380 4096 1822 4176 praeceptum
1887 4084 2141 4156 habere
2192 4105 2329 4154 non
2397 4095 2758 4155 verentur:

241 4160 461 4243 fraude
506 4196 583 4244 se
629 4174 1040 4246 alterutrum
1086 4175 1667 4255 circumveniunt,
1702 4173 1878 4245 falsa
1926 4173 2317 4245 testimonia
2362 4173 2591 4244 dicere
2625 4193 2763 4241 non

241 4257 656 4352 erubescunt.
713 4264 867 4334 Dies
936 4264 1332 4336 Dominicos
1383 4286 1462 4333 ac
1511 4262 1790 4334 feriatos
1838 4285 1977 4333 non
2021 4263 2469 4333 custodiunt:
2523 4261 2643 4332 sed
2691 4261 2764 4329 in

244 4336 359 4425 ¹1¹⁸,
392 4353 551 4423 acsi
584 4354 656 4422 in
684 4353 994 4434 caeteris,
1093 4365 1245 4425 rout
1278 4352 1596 4424 voluntas
1628 4373 1867 4423 eorum
1912 4351 2216 4438 tulerim
2269 4363 2575 4421 erantur.
2609 4355 2768 4419 Pro-

243 4440 374 4514 pter
429 4439 593 4514 haec
632 4441 875 4513 et‘alia
922 4464 1044 4513 mu
1078 4455 1165 4525 ta,
1211 4462 1392 4530 quae
1442 4447 1619 4512 Deus
1667 4454 1786 4512 aut
1840 4441 2189 4533 praecepit
2286 4439 2641 4510 ominibus
2687 4447 2767 4507 ut
