<?xml version="1.0" encoding="UTF-8"?>
<!DOCTYPE html PUBLIC "-//W3C//DTD XHTML 1.0 Transitional//EN"
    "http://www.w3.org/TR/xhtml1/DTD/xhtml1-transitional.dtd">
<html xmlns="http://www.w3.org/1999/xhtml" xml:lang="en" lang="en">
 <head>
  <title>
</title>
<meta http-equiv="Content-Type" content="text/html;charset=utf-8" />
  <meta name='ocr-system' content='tesseract 3.04.00' />
  <meta name='ocr-capabilities' content='ocr_page ocr_carea ocr_par ocr_line ocrx_word'/>
</head>
<body>
  <div class='ocr_page' id='page_1' title='image "./historiaeseuvit02lippgoog_0613.png"; bbox 0 0 3357 4995; ppageno 0'>
   <div class='ocr_carea' id='block_1_1' title="bbox 180 328 2640 404">
    <p class='ocr_par' dir='ltr' id='par_1_1' title="bbox 180 328 2640 404">
     <span class='ocr_line' id='line_1_1' title="bbox 180 328 2640 404; baseline 0.002 -8"><span class='ocrx_word' id='word_1_1' title='bbox 180 328 219 396; x_wconf 87' lang='lat' dir='ltr'>J</span> <span class='ocrx_word' id='word_1_2' title='bbox 232 331 409 398; x_wconf 89' lang='lat' dir='ltr'><strong>UNII</strong></span> <span class='ocrx_word' id='word_1_3' title='bbox 455 333 540 397; x_wconf 76' lang='lat'>26</span> <span class='ocrx_word' id='word_1_4' title='bbox 902 352 980 398; x_wconf 78' lang='lat' dir='ltr'>nr.</span> <span class='ocrx_word' id='word_1_5' title='bbox 1027 352 1082 398; x_wconf 92' lang='lat' dir='ltr'>s.</span> <span class='ocrx_word' id='word_1_6' title='bbox 1136 348 1473 400; x_wconf 72' lang='lat' dir='ltr'><strong>ANTHELMO</strong></span> <span class='ocrx_word' id='word_1_7' title='bbox 1520 350 1757 400; x_wconf 68' lang='lat' dir='ltr'>enimc.</span> <span class='ocrx_word' id='word_1_8' title='bbox 1809 351 2006 404; x_wconf 78' lang='lat' dir='ltr'>nrisc.</span> <span class='ocrx_word' id='word_1_9' title='bbox 2512 337 2640 401; x_wconf 84' lang='lat'>597</span> 
     </span>
    </p>
   </div>
   <div class='ocr_carea' id='block_1_2' title="bbox 175 434 2733 4326">
    <p class='ocr_par' dir='ltr' id='par_1_2' title="bbox 176 434 2730 1656">
     <span class='ocr_line' id='line_1_2' title="bbox 183 434 2728 527; baseline 0.001 -23"><span class='ocrx_word' id='word_1_10' title='bbox 183 456 398 525; x_wconf 89' lang='lat' dir='ltr'>agros</span> <span class='ocrx_word' id='word_1_11' title='bbox 441 434 862 525; x_wconf 80' lang='lat' dir='ltr'>accipiendis</span> <span class='ocrx_word' id='word_1_12' title='bbox 909 435 1294 506; x_wconf 89' lang='lat' dir='ltr'>seminibus</span> <span class='ocrx_word' id='word_1_13' title='bbox 1340 448 1557 527; x_wconf 90' lang='lat' dir='ltr'>aptos.</span> <span class='ocrx_word' id='word_1_14' title='bbox 1612 436 1885 506; x_wconf 72' lang='lat' dir='ltr'>Cui-avit</span> <span class='ocrx_word' id='word_1_15' title='bbox 1922 436 2126 506; x_wconf 88' lang='lat' dir='ltr'>etiam</span> <span class='ocrx_word' id='word_1_16' title='bbox 2174 438 2567 526; x_wconf 89' lang='lat' dir='ltr'>pomarium</span> <span class='ocrx_word' id='word_1_17' title='bbox 2619 438 2728 507; x_wconf 90' lang='lat' dir='ltr'>in-</span> 
     </span>
     <span class='ocr_line' id='line_1_3' title="bbox 189 523 2718 615; baseline 0.001 -23"><span class='ocrx_word' id='word_1_18' title='bbox 189 545 372 613; x_wconf 88' lang='lat' dir='ltr'>gens</span> <span class='ocrx_word' id='word_1_19' title='bbox 417 523 763 604; x_wconf 88' lang='lat' dir='ltr'>constitui,</span> <span class='ocrx_word' id='word_1_20' title='bbox 800 536 866 595; x_wconf 91' lang='lat' dir='ltr'>et</span> <span class='ocrx_word' id='word_1_21' title='bbox 917 523 987 592; x_wconf 89' lang='lat' dir='ltr'>in</span> <span class='ocrx_word' id='word_1_22' title='bbox 1041 546 1122 594; x_wconf 88' lang='lat' dir='ltr'>eo</span> <span class='ocrx_word' id='word_1_23' title='bbox 1168 524 1420 595; x_wconf 89' lang='lat' dir='ltr'>diversi</span> <span class='ocrx_word' id='word_1_24' title='bbox 1468 525 1739 615; x_wconf 87' lang='lat' dir='ltr'>generis</span> <span class='ocrx_word' id='word_1_25' title='bbox 1789 524 2105 595; x_wconf 90' lang='lat' dir='ltr'>surculos</span> <span class='ocrx_word' id='word_1_26' title='bbox 2168 525 2430 594; x_wconf 90' lang='lat' dir='ltr'>truncis</span> <span class='ocrx_word' id='word_1_27' title='bbox 2478 526 2718 595; x_wconf 89' lang='lat' dir='ltr'>inseri.</span> 
     </span>
     <span class='ocr_line' id='line_1_4' title="bbox 186 611 2726 702; baseline 0.002 -23"><span class='ocrx_word' id='word_1_28' title='bbox 186 611 583 702; x_wconf 81' lang='lat' dir='ltr'>Diligebam</span> <span class='ocrx_word' id='word_1_29' title='bbox 629 624 857 682; x_wconf 90' lang='lat' dir='ltr'>autem</span> <span class='ocrx_word' id='word_1_30' title='bbox 903 634 1065 683; x_wconf 91' lang='lat' dir='ltr'>eum</span> <span class='ocrx_word' id='word_1_31' title='bbox 1111 612 1352 684; x_wconf 87' lang='lat' dir='ltr'>fratres</span> <span class='ocrx_word' id='word_1_32' title='bbox 1382 669 1398 694; x_wconf 95' lang='lat'>,</span> <span class='ocrx_word' id='word_1_33' title='bbox 1449 614 1729 701; x_wconf 90' lang='lat' dir='ltr'>quando</span> <span class='ocrx_word' id='word_1_34' title='bbox 1788 613 2068 701; x_wconf 91' lang='lat' dir='ltr'>quidem</span> <span class='ocrx_word' id='word_1_35' title='bbox 2118 635 2256 683; x_wconf 91' lang='lat' dir='ltr'>non</span> <span class='ocrx_word' id='word_1_36' title='bbox 2310 614 2514 684; x_wconf 90' lang='lat' dir='ltr'>talem</span> <span class='ocrx_word' id='word_1_37' title='bbox 2565 637 2726 685; x_wconf 90' lang='lat' dir='ltr'>eum</span> 
     </span>
     <span class='ocr_line' id='line_1_5' title="bbox 181 699 2729 793; baseline 0.001 -24"><span class='ocrx_word' id='word_1_38' title='bbox 181 699 738 791; x_wconf 80' lang='lat' dir='ltr'>experiebantur,</span> <span class='ocrx_word' id='word_1_39' title='bbox 783 701 1056 788; x_wconf 89' lang='lat' dir='ltr'>qualem</span> <span class='ocrx_word' id='word_1_40' title='bbox 1089 723 1248 771; x_wconf 89' lang='lat' dir='ltr'>eum</span> <span class='ocrx_word' id='word_1_41' title='bbox 1280 701 1423 772; x_wconf 86' lang='lat' dir='ltr'>fore</span> <span class='ocrx_word' id='word_1_42' title='bbox 1468 703 1963 783; x_wconf 84' lang='lat' dir='ltr'>existimarant,</span> <span class='ocrx_word' id='word_1_43' title='bbox 2003 714 2168 793; x_wconf 89' lang='lat' dir='ltr'>puta</span> <span class='ocrx_word' id='word_1_44' title='bbox 2200 702 2482 782; x_wconf 90' lang='lat' dir='ltr'>durum,</span> <span class='ocrx_word' id='word_1_45' title='bbox 2539 725 2729 774; x_wconf 90' lang='lat' dir='ltr'>seve-</span> 
     </span>
     <span class='ocr_line' id='line_1_6' title="bbox 182 790 2727 880; baseline 0.001 -23"><span class='ocrx_word' id='word_1_46' title='bbox 182 810 351 857; x_wconf 89' lang='lat' dir='ltr'>rum</span> <span class='ocrx_word' id='word_1_47' title='bbox 401 801 465 857; x_wconf 90' lang='lat' dir='ltr'>et</span> <span class='ocrx_word' id='word_1_48' title='bbox 512 811 859 880; x_wconf 91' lang='lat' dir='ltr'>asperum.</span> <span class='ocrx_word' id='word_1_49' title='bbox 912 790 1265 860; x_wconf 87' lang='lat' dir='ltr'>Placidum</span> <span class='ocrx_word' id='word_1_50' title='bbox 1315 792 1501 861; x_wconf 89' lang='lat' dir='ltr'>enim</span> <span class='ocrx_word' id='word_1_51' title='bbox 1550 803 1613 861; x_wconf 91' lang='lat' dir='ltr'>et</span> <span class='ocrx_word' id='word_1_52' title='bbox 1659 791 2005 860; x_wconf 82' lang='lat' dir='ltr'>affabilem</span> <span class='ocrx_word' id='word_1_53' title='bbox 2042 813 2113 861; x_wconf 88' lang='lat' dir='ltr'>se</span> <span class='ocrx_word' id='word_1_54' title='bbox 2154 791 2539 871; x_wconf 82' lang='lat' dir='ltr'>exhibebat,</span> <span class='ocrx_word' id='word_1_55' title='bbox 2589 813 2727 862; x_wconf 92' lang='lat' dir='ltr'>non</span> 
     </span>
     <span class='ocr_line' id='line_1_7' title="bbox 183 876 2730 970; baseline 0.002 -25"><span class='ocrx_word' id='word_1_56' title='bbox 183 876 484 968; x_wconf 87' lang='lat' dir='ltr'>praelati</span> <span class='ocrx_word' id='word_1_57' title='bbox 531 878 934 968; x_wconf 88' lang='lat' dir='ltr'>dignitatem</span> <span class='ocrx_word' id='word_1_58' title='bbox 971 901 1132 970; x_wconf 91' lang='lat' dir='ltr'>prae</span> <span class='ocrx_word' id='word_1_59' title='bbox 1180 901 1253 949; x_wconf 78' lang='lat' dir='ltr'>se</span> <span class='ocrx_word' id='word_1_60' title='bbox 1291 880 1537 960; x_wconf 84' lang='lat' dir='ltr'>ferens,</span> <span class='ocrx_word' id='word_1_61' title='bbox 1574 880 1693 950; x_wconf 88' lang='lat' dir='ltr'>sed</span> <span class='ocrx_word' id='word_1_62' title='bbox 1734 880 1903 969; x_wconf 88' lang='lat' dir='ltr'>ipsis</span> <span class='ocrx_word' id='word_1_63' title='bbox 1937 901 2215 967; x_wconf 90' lang='lat' dir='ltr'>quoque</span> <span class='ocrx_word' id='word_1_64' title='bbox 2247 879 2548 949; x_wconf 90' lang='lat' dir='ltr'>subditis</span> <span class='ocrx_word' id='word_1_65' title='bbox 2596 881 2730 951; x_wconf 91' lang='lat' dir='ltr'>hu-</span> 
     </span>
     <span class='ocr_line' id='line_1_8' title="bbox 178 964 2723 1068; baseline 0.002 -35"><span class='ocrx_word' id='word_1_66' title='bbox 178 964 533 1035; x_wconf 90' lang='lat' dir='ltr'>miliorem</span> <span class='ocrx_word' id='word_1_67' title='bbox 586 988 657 1036; x_wconf 91' lang='lat' dir='ltr'>se</span> <span class='ocrx_word' id='word_1_68' title='bbox 706 967 1061 1057; x_wconf 82' lang='lat' dir='ltr'>praebens,</span> <span class='ocrx_word' id='word_1_69' title='bbox 1118 969 1404 1038; x_wconf 91' lang='lat' dir='ltr'>Domino</span> <span class='ocrx_word' id='word_1_70' title='bbox 1440 968 1784 1038; x_wconf 87' lang='lat' dir='ltr'>Bernardo</span> <span class='ocrx_word' id='word_1_71' title='bbox 1817 970 2211 1068; x_wconf 84' lang='lat' dir='ltr'>praestabat</span> <span class='ocrx_word' id='word_1_72' title='bbox 2249 969 2723 1049; x_wconf 89' lang='lat' dir='ltr'>reverentiam,</span> 
     </span>
     <span class='ocr_line' id='line_1_9' title="bbox 176 1053 2721 1147; baseline 0.001 -24"><span class='ocrx_word' id='word_1_73' title='bbox 176 1053 398 1125; x_wconf 88' lang='lat' dir='ltr'>illum</span> <span class='ocrx_word' id='word_1_74' title='bbox 446 1054 578 1124; x_wconf 89' lang='lat' dir='ltr'>sibi</span> <span class='ocrx_word' id='word_1_75' title='bbox 626 1068 1070 1146; x_wconf 88' lang='lat' dir='ltr'>anteponens.</span> <span class='ocrx_word' id='word_1_76' title='bbox 1109 1056 1296 1126; x_wconf 86' lang='lat' dir='ltr'>Idem</span> <span class='ocrx_word' id='word_1_77' title='bbox 1345 1070 1490 1126; x_wconf 91' lang='lat' dir='ltr'>erat</span> <span class='ocrx_word' id='word_1_78' title='bbox 1516 1080 1678 1147; x_wconf 90' lang='lat' dir='ltr'>erga</span> <span class='ocrx_word' id='word_1_79' title='bbox 1712 1055 2114 1146; x_wconf 90' lang='lat' dir='ltr'>religiosum</span> <span class='ocrx_word' id='word_1_80' title='bbox 2149 1056 2395 1126; x_wconf 88' lang='lat' dir='ltr'>Christi</span> <span class='ocrx_word' id='word_1_81' title='bbox 2445 1080 2721 1127; x_wconf 92' lang='lat' dir='ltr'>servum</span> 
     </span>
     <span class='ocr_line' id='line_1_10' title="bbox 176 1144 2726 1236; baseline 0.001 -25"><span class='ocrx_word' id='word_1_82' title='bbox 176 1149 574 1225; x_wconf 83' lang='lat' dir='ltr'>Joannem,</span> <span class='ocrx_word' id='word_1_83' title='bbox 626 1145 742 1214; x_wconf 88' lang='lat' dir='ltr'>cui</span> <span class='ocrx_word' id='word_1_84' title='bbox 788 1144 1180 1214; x_wconf 88' lang='lat' dir='ltr'>adventanti</span> <span class='ocrx_word' id='word_1_85' title='bbox 1254 1145 1513 1216; x_wconf 87' lang='lat' dir='ltr'>solebat</span> <span class='ocrx_word' id='word_1_86' title='bbox 1581 1160 1964 1215; x_wconf 88' lang='lat' dir='ltr'>reverenter</span> <span class='ocrx_word' id='word_1_87' title='bbox 2030 1168 2413 1236; x_wconf 85' lang='lat' dir='ltr'>assurgere,</span> <span class='ocrx_word' id='word_1_88' title='bbox 2473 1168 2597 1215; x_wconf 87' lang='lat' dir='ltr'>nec</span> <span class='ocrx_word' id='word_1_89' title='bbox 2656 1146 2726 1214; x_wconf 90' lang='lat' dir='ltr'>id</span> 
     </span>
     <span class='ocr_line' id='line_1_11' title="bbox 178 1233 2723 1325; baseline 0.001 -25"><span class='ocrx_word' id='word_1_90' title='bbox 178 1253 505 1318; x_wconf 90' lang='lat' dir='ltr'>unquam</span> <span class='ocrx_word' id='word_1_91' title='bbox 553 1233 1030 1318; x_wconf 82' lang='lat' dir='ltr'>praetermisit,</span> <span class='ocrx_word' id='word_1_92' title='bbox 1086 1234 1290 1304; x_wconf 90' lang='lat' dir='ltr'>etiam</span> <span class='ocrx_word' id='word_1_93' title='bbox 1338 1257 1496 1304; x_wconf 92' lang='lat' dir='ltr'>cum</span> <span class='ocrx_word' id='word_1_94' title='bbox 1566 1235 1905 1325; x_wconf 86' lang='lat' dir='ltr'>Episcopi,</span> <span class='ocrx_word' id='word_1_95' title='bbox 1959 1235 2272 1313; x_wconf 80' lang='lat' dir='ltr'>AbbateS,</span> <span class='ocrx_word' id='word_1_96' title='bbox 2327 1246 2445 1304; x_wconf 92' lang='lat' dir='ltr'>aut</span> <span class='ocrx_word' id='word_1_97' title='bbox 2483 1235 2723 1323; x_wconf 87' lang='lat' dir='ltr'>cujus-</span> 
     </span>
     <span class='ocr_line' id='line_1_12' title="bbox 179 1321 2723 1413; baseline 0.001 -25"><span class='ocrx_word' id='word_1_98' title='bbox 179 1341 496 1408; x_wconf 87' lang='lat' dir='ltr'>cumque</span> <span class='ocrx_word' id='word_1_99' title='bbox 527 1321 879 1411; x_wconf 84' lang='lat' dir='ltr'>dignitatis</span> <span class='ocrx_word' id='word_1_100' title='bbox 913 1344 1242 1413; x_wconf 89' lang='lat' dir='ltr'>personae</span> <span class='ocrx_word' id='word_1_101' title='bbox 1278 1323 1613 1392; x_wconf 88' lang='lat' dir='ltr'>adessent.</span> <span class='ocrx_word' id='word_1_102' title='bbox 1651 1324 1869 1393; x_wconf 88' lang='lat' dir='ltr'>Pietas</span> <span class='ocrx_word' id='word_1_103' title='bbox 1905 1344 2057 1391; x_wconf 90' lang='lat' dir='ltr'>vero</span> <span class='ocrx_word' id='word_1_104' title='bbox 2105 1335 2169 1391; x_wconf 89' lang='lat' dir='ltr'>et</span> <span class='ocrx_word' id='word_1_105' title='bbox 2216 1323 2723 1391; x_wconf 89' lang='lat' dir='ltr'>commiseratio</span> 
     </span>
     <span class='ocr_line' id='line_1_13' title="bbox 178 1409 2717 1511; baseline 0 -33"><span class='ocrx_word' id='word_1_106' title='bbox 178 1409 345 1498; x_wconf 88' lang='lat' dir='ltr'>ejus</span> <span class='ocrx_word' id='word_1_107' title='bbox 382 1430 546 1499; x_wconf 91' lang='lat' dir='ltr'>erga</span> <span class='ocrx_word' id='word_1_108' title='bbox 594 1410 900 1490; x_wconf 86' lang='lat' dir='ltr'>afflictos,</span> <span class='ocrx_word' id='word_1_109' title='bbox 953 1424 1210 1498; x_wconf 89' lang='lat' dir='ltr'>quanta</span> <span class='ocrx_word' id='word_1_110' title='bbox 1256 1411 1482 1492; x_wconf 83' lang='lat' dir='ltr'>fuerit,</span> <span class='ocrx_word' id='word_1_111' title='bbox 1536 1424 1795 1511; x_wconf 87' lang='lat' dir='ltr'>quanta</span> <span class='ocrx_word' id='word_1_112' title='bbox 1826 1433 1989 1500; x_wconf 89' lang='lat' dir='ltr'>erga</span> <span class='ocrx_word' id='word_1_113' title='bbox 2028 1433 2267 1480; x_wconf 79' lang='lat' dir='ltr'>ornnes</span> <span class='ocrx_word' id='word_1_114' title='bbox 2315 1410 2717 1491; x_wconf 73' lang='lat' dir='ltr'>liberalita5‚</span> 
     </span>
     <span class='ocr_line' id='line_1_14' title="bbox 181 1498 2725 1591; baseline 0.001 -24"><span class='ocrx_word' id='word_1_115' title='bbox 181 1498 277 1567; x_wconf 89' lang='lat' dir='ltr'>ab</span> <span class='ocrx_word' id='word_1_116' title='bbox 321 1519 487 1576; x_wconf 90' lang='lat' dir='ltr'>uno,</span> <span class='ocrx_word' id='word_1_117' title='bbox 526 1498 710 1585; x_wconf 91' lang='lat' dir='ltr'>quod</span> <span class='ocrx_word' id='word_1_118' title='bbox 759 1514 1140 1570; x_wconf 89' lang='lat' dir='ltr'>memoratu</span> <span class='ocrx_word' id='word_1_119' title='bbox 1186 1500 1479 1591; x_wconf 91' lang='lat' dir='ltr'>dignum</span> <span class='ocrx_word' id='word_1_120' title='bbox 1522 1500 1808 1580; x_wconf 90' lang='lat' dir='ltr'>videtur,</span> <span class='ocrx_word' id='word_1_121' title='bbox 1858 1501 2007 1589; x_wconf 86' lang='lat' dir='ltr'>ejus</span> <span class='ocrx_word' id='word_1_122' title='bbox 2046 1499 2355 1590; x_wconf 85' lang='lat' dir='ltr'>exemplo</span> <span class='ocrx_word' id='word_1_123' title='bbox 2404 1500 2725 1569; x_wconf 90' lang='lat' dir='ltr'>animad-</span> 
     </span>
     <span class='ocr_line' id='line_1_15' title="bbox 185 1586 737 1656; baseline 0.002 -3"><span class='ocrx_word' id='word_1_124' title='bbox 185 1598 455 1656; x_wconf 89' lang='lat' dir='ltr'>vertere</span> <span class='ocrx_word' id='word_1_125' title='bbox 487 1586 737 1656; x_wconf 88' lang='lat' dir='ltr'>licebit.</span> 
     </span>
    </p>

    <p class='ocr_par' dir='ltr' id='par_1_3' title="bbox 175 1675 2733 3340">
     <span class='ocr_line' id='line_1_16' title="bbox 276 1675 2720 1766; baseline 0 -21"><span class='ocrx_word' id='word_1_126' title='bbox 276 1677 317 1761; x_wconf 66' lang='grc' dir='ltr'>ξ</span> <span class='ocrx_word' id='word_1_127' title='bbox 367 1678 516 1745; x_wconf 76' lang='grc'>19.</span> <span class='ocrx_word' id='word_1_128' title='bbox 572 1680 664 1744; x_wconf 90' lang='lat' dir='ltr'>Ea</span> <span class='ocrx_word' id='word_1_129' title='bbox 712 1687 1107 1765; x_wconf 88' lang='lat' dir='ltr'>tempestate</span> <span class='ocrx_word' id='word_1_130' title='bbox 1143 1682 1378 1748; x_wconf 88' lang='lat' dir='ltr'>Comes</span> <span class='ocrx_word' id='word_1_131' title='bbox 1427 1678 1740 1747; x_wconf 86' lang='lat' dir='ltr'>Forensis</span> <span class='ocrx_word' id='word_1_132' title='bbox 1772 1675 1928 1745; x_wconf 93' lang='lat' dir='ltr'>dolo</span> <span class='ocrx_word' id='word_1_133' title='bbox 1974 1688 2250 1766; x_wconf 88' lang='lat' dir='ltr'>captum</span> <span class='ocrx_word' id='word_1_134' title='bbox 2305 1676 2720 1766; x_wconf 85' lang='lat' dir='ltr'>Lugdunum</span> 
     </span>
     <span class='ocr_line' id='line_1_17' title="bbox 180 1764 2719 1856; baseline 0.001 -25"><span class='ocrx_word' id='word_1_135' title='bbox 180 1765 504 1840; x_wconf 89' lang='lat' dir='ltr'>vastavit,</span> <span class='ocrx_word' id='word_1_136' title='bbox 558 1764 891 1854; x_wconf 88' lang='lat' dir='ltr'>diripiens</span> <span class='ocrx_word' id='word_1_137' title='bbox 938 1765 1193 1846; x_wconf 89' lang='lat' dir='ltr'>omnia,</span> <span class='ocrx_word' id='word_1_138' title='bbox 1246 1767 1569 1856; x_wconf 87' lang='lat' dir='ltr'>inprimis</span> <span class='ocrx_word' id='word_1_139' title='bbox 1616 1778 1846 1835; x_wconf 89' lang='lat' dir='ltr'>autem</span> <span class='ocrx_word' id='word_1_140' title='bbox 1899 1765 2346 1855; x_wconf 88' lang='lat' dir='ltr'>malignitatis</span> <span class='ocrx_word' id='word_1_141' title='bbox 2397 1788 2560 1835; x_wconf 92' lang='lat' dir='ltr'>suae</span> <span class='ocrx_word' id='word_1_142' title='bbox 2610 1788 2719 1834; x_wconf 91' lang='lat' dir='ltr'>ra-</span> 
     </span>
     <span class='ocr_line' id='line_1_18' title="bbox 181 1852 2723 1935; baseline 0 -15"><span class='ocrx_word' id='word_1_143' title='bbox 181 1852 378 1921; x_wconf 89' lang='lat' dir='ltr'>biem</span> <span class='ocrx_word' id='word_1_144' title='bbox 433 1853 501 1921; x_wconf 86' lang='lat' dir='ltr'>in</span> <span class='ocrx_word' id='word_1_145' title='bbox 548 1852 905 1922; x_wconf 88' lang='lat' dir='ltr'>ecclesiam</span> <span class='ocrx_word' id='word_1_146' title='bbox 953 1875 1295 1935; x_wconf 83' lang='lat' dir='ltr'>exercenS‚</span> <span class='ocrx_word' id='word_1_147' title='bbox 1333 1854 1744 1925; x_wconf 69' lang='lat' dir='ltr'>elericorum</span> <span class='ocrx_word' id='word_1_148' title='bbox 1777 1854 2031 1924; x_wconf 89' lang='lat' dir='ltr'>eversis</span> <span class='ocrx_word' id='word_1_149' title='bbox 2060 1853 2370 1931; x_wconf 88' lang='lat' dir='ltr'>aedibus,</span> <span class='ocrx_word' id='word_1_150' title='bbox 2421 1877 2580 1924; x_wconf 89' lang='lat' dir='ltr'>cum</span> <span class='ocrx_word' id='word_1_151' title='bbox 2615 1854 2723 1922; x_wconf 88' lang='lat' dir='ltr'>illi</span> 
     </span>
     <span class='ocr_line' id='line_1_19' title="bbox 183 1941 2722 2032; baseline 0.001 -24"><span class='ocrx_word' id='word_1_152' title='bbox 183 1945 328 2009; x_wconf 90' lang='lat' dir='ltr'>Deo</span> <span class='ocrx_word' id='word_1_153' title='bbox 366 1953 755 2032; x_wconf 86' lang='lat' dir='ltr'>protegente</span> <span class='ocrx_word' id='word_1_154' title='bbox 793 1941 963 2010; x_wconf 91' lang='lat' dir='ltr'>salvi</span> <span class='ocrx_word' id='word_1_155' title='bbox 1008 1944 1403 2012; x_wconf 87' lang='lat' dir='ltr'>evasissent.</span> <span class='ocrx_word' id='word_1_156' title='bbox 1462 1948 1697 2030; x_wconf 92' lang='lat' dir='ltr'>Itaque</span> <span class='ocrx_word' id='word_1_157' title='bbox 1746 1943 1891 2032; x_wconf 89' lang='lat' dir='ltr'>ipse</span> <span class='ocrx_word' id='word_1_158' title='bbox 1938 1943 2508 2032; x_wconf 79' lang='lat' dir='ltr'>Archiepiscopus</span> <span class='ocrx_word' id='word_1_159' title='bbox 2557 1948 2722 2011; x_wconf 89' lang='lat' dir='ltr'>Era-</span> 
     </span>
     <span class='ocr_line' id='line_1_20' title="bbox 180 2028 2719 2131; baseline 0.002 -34"><span class='ocrx_word' id='word_1_160' title='bbox 180 2028 396 2108; x_wconf 90' lang='lat' dir='ltr'>clius,</span> <span class='ocrx_word' id='word_1_161' title='bbox 453 2041 517 2098; x_wconf 94' lang='lat' dir='ltr'>et</span> <span class='ocrx_word' id='word_1_162' title='bbox 563 2031 810 2099; x_wconf 89' lang='lat' dir='ltr'>caeteri</span> <span class='ocrx_word' id='word_1_163' title='bbox 845 2052 1096 2121; x_wconf 89' lang='lat' dir='ltr'>magna</span> <span class='ocrx_word' id='word_1_164' title='bbox 1141 2031 1472 2121; x_wconf 88' lang='lat' dir='ltr'>dignitate</span> <span class='ocrx_word' id='word_1_165' title='bbox 1520 2032 1669 2110; x_wconf 77' lang='lat' dir='ltr'>viri,</span> <span class='ocrx_word' id='word_1_166' title='bbox 1727 2030 1912 2099; x_wconf 90' lang='lat' dir='ltr'>haud</span> <span class='ocrx_word' id='word_1_167' title='bbox 1948 2053 2146 2101; x_wconf 89' lang='lat' dir='ltr'>secus</span> <span class='ocrx_word' id='word_1_168' title='bbox 2199 2053 2278 2099; x_wconf 92' lang='lat' dir='ltr'>ac</span> <span class='ocrx_word' id='word_1_169' title='bbox 2330 2032 2601 2131; x_wconf 83' lang='lat' dir='ltr'>profugi</span> <span class='ocrx_word' id='word_1_170' title='bbox 2652 2045 2719 2101; x_wconf 88' lang='lat' dir='ltr'>et</span> 
     </span>
     <span class='ocr_line' id='line_1_21' title="bbox 180 2118 2724 2218; baseline 0.001 -33"><span class='ocrx_word' id='word_1_171' title='bbox 180 2118 561 2218; x_wconf 85' lang='lat' dir='ltr'>proscripti</span> <span class='ocrx_word' id='word_1_172' title='bbox 594 2119 678 2187; x_wconf 88' lang='lat' dir='ltr'>ad</span> <span class='ocrx_word' id='word_1_173' title='bbox 729 2123 1084 2189; x_wconf 86' lang='lat' dir='ltr'>Portarum</span> <span class='ocrx_word' id='word_1_174' title='bbox 1134 2121 1561 2191; x_wconf 89' lang='lat' dir='ltr'>Carthusiam</span> <span class='ocrx_word' id='word_1_175' title='bbox 1601 2118 2029 2200; x_wconf 88' lang='lat' dir='ltr'>advolarunt,</span> <span class='ocrx_word' id='word_1_176' title='bbox 2067 2119 2152 2188; x_wconf 91' lang='lat' dir='ltr'>ad</span> <span class='ocrx_word' id='word_1_177' title='bbox 2202 2140 2409 2205; x_wconf 90' lang='lat' dir='ltr'>quam</span> <span class='ocrx_word' id='word_1_178' title='bbox 2459 2119 2724 2207; x_wconf 75' lang='lat' dir='ltr'>alioqui</span> 
     </span>
     <span class='ocr_line' id='line_1_22' title="bbox 175 2207 2722 2298; baseline 0.002 -25"><span class='ocrx_word' id='word_1_179' title='bbox 175 2227 555 2275; x_wconf 91' lang='lat' dir='ltr'>convenire</span> <span class='ocrx_word' id='word_1_180' title='bbox 600 2220 1115 2287; x_wconf 88' lang='lat' dir='ltr'>consueverant,</span> <span class='ocrx_word' id='word_1_181' title='bbox 1172 2209 1255 2278; x_wconf 90' lang='lat' dir='ltr'>de</span> <span class='ocrx_word' id='word_1_182' title='bbox 1302 2210 1507 2279; x_wconf 86' lang='lat' dir='ltr'>rebus</span> <span class='ocrx_word' id='word_1_183' title='bbox 1562 2209 1832 2298; x_wconf 90' lang='lat' dir='ltr'>magnis</span> <span class='ocrx_word' id='word_1_184' title='bbox 1879 2207 2300 2278; x_wconf 78' lang='lat' dir='ltr'>consulturi.</span> <span class='ocrx_word' id='word_1_185' title='bbox 2353 2212 2722 2295; x_wconf 90' lang='lat' dir='ltr'>Postquam</span> 
     </span>
     <span class='ocr_line' id='line_1_23' title="bbox 181 2295 2723 2397; baseline 0.001 -34"><span class='ocrx_word' id='word_1_186' title='bbox 181 2305 423 2363; x_wconf 89' lang='lat' dir='ltr'>autem</span> <span class='ocrx_word' id='word_1_187' title='bbox 475 2316 588 2366; x_wconf 89' lang='lat' dir='ltr'>eos</span> <span class='ocrx_word' id='word_1_188' title='bbox 621 2295 1013 2365; x_wconf 89' lang='lat' dir='ltr'>consolatus</span> <span class='ocrx_word' id='word_1_189' title='bbox 1067 2309 1211 2367; x_wconf 88' lang='lat' dir='ltr'>erat</span> <span class='ocrx_word' id='word_1_190' title='bbox 1260 2299 1363 2367; x_wconf 90' lang='lat' dir='ltr'>vir</span> <span class='ocrx_word' id='word_1_191' title='bbox 1412 2297 1901 2397; x_wconf 88' lang='lat' dir='ltr'>magnanimus</span> <span class='ocrx_word' id='word_1_192' title='bbox 1947 2308 2010 2365; x_wconf 89' lang='lat' dir='ltr'>et</span> <span class='ocrx_word' id='word_1_193' title='bbox 2069 2296 2260 2365; x_wconf 82' lang='lat' dir='ltr'>sortis</span> <span class='ocrx_word' id='word_1_194' title='bbox 2302 2297 2371 2364; x_wconf 91' lang='lat' dir='ltr'>in</span> <span class='ocrx_word' id='word_1_195' title='bbox 2438 2297 2723 2365; x_wconf 89' lang='lat' dir='ltr'>Domino</span> 
     </span>
     <span class='ocr_line' id='line_1_24' title="bbox 180 2381 2724 2471; baseline 0.002 -21"><span class='ocrx_word' id='word_1_196' title='bbox 180 2381 598 2452; x_wconf 82' lang='lat' dir='ltr'>Anthelmus</span> <span class='ocrx_word' id='word_1_197' title='bbox 646 2386 858 2464; x_wconf 91' lang='lat' dir='ltr'>Prior,</span> <span class='ocrx_word' id='word_1_198' title='bbox 913 2385 1040 2454; x_wconf 91' lang='lat' dir='ltr'>ista</span> <span class='ocrx_word' id='word_1_199' title='bbox 1070 2387 1274 2454; x_wconf 88' lang='lat' dir='ltr'>etiam</span> <span class='ocrx_word' id='word_1_200' title='bbox 1324 2386 1611 2455; x_wconf 75' lang='lat' dir='ltr'>addidit:</span> <span class='ocrx_word' id='word_1_201' title='bbox 1647 2408 1683 2451; x_wconf 83' lang='lat'>«</span> <span class='ocrx_word' id='word_1_202' title='bbox 1710 2390 1822 2463; x_wconf 88' lang='lat' dir='ltr'>Ne,</span> <span class='ocrx_word' id='word_1_203' title='bbox 1871 2406 2150 2471; x_wconf 87' lang='lat' dir='ltr'>quaeso,</span> <span class='ocrx_word' id='word_1_204' title='bbox 2193 2384 2414 2453; x_wconf 90' lang='lat' dir='ltr'>velitis</span> <span class='ocrx_word' id='word_1_205' title='bbox 2451 2385 2724 2454; x_wconf 89' lang='lat' dir='ltr'>Domini</span> 
     </span>
     <span class='ocr_line' id='line_1_25' title="bbox 186 2470 2726 2575; baseline 0.001 -34"><span class='ocrx_word' id='word_1_206' title='bbox 186 2470 328 2541; x_wconf 91' lang='lat' dir='ltr'>mei</span> <span class='ocrx_word' id='word_1_207' title='bbox 382 2470 511 2542; x_wconf 91' lang='lat' dir='ltr'>hac</span> <span class='ocrx_word' id='word_1_208' title='bbox 558 2472 716 2543; x_wconf 87' lang='lat' dir='ltr'>illac</span> <span class='ocrx_word' id='word_1_209' title='bbox 762 2473 1137 2544; x_wconf 88' lang='lat' dir='ltr'>errabundi</span> <span class='ocrx_word' id='word_1_210' title='bbox 1171 2476 1425 2575; x_wconf 87' lang='lat' dir='ltr'>vagari,</span> <span class='ocrx_word' id='word_1_211' title='bbox 1467 2474 1564 2543; x_wconf 91' lang='lat' dir='ltr'>vel</span> <span class='ocrx_word' id='word_1_212' title='bbox 1613 2472 1748 2543; x_wconf 90' lang='lat' dir='ltr'>alio</span> <span class='ocrx_word' id='word_1_213' title='bbox 1799 2495 1914 2544; x_wconf 91' lang='lat' dir='ltr'>vos</span> <span class='ocrx_word' id='word_1_214' title='bbox 1966 2473 2295 2542; x_wconf 85' lang='lat' dir='ltr'>conferre.</span> <span class='ocrx_word' id='word_1_215' title='bbox 2353 2472 2547 2563; x_wconf 81' lang='lat' dir='ltr'>Apud</span> <span class='ocrx_word' id='word_1_216' title='bbox 2601 2495 2726 2543; x_wconf 85' lang='lat' dir='ltr'>nos</span> 
     </span>
     <span class='ocr_line' id='line_1_26' title="bbox 185 2562 2724 2654; baseline 0.001 -25"><span class='ocrx_word' id='word_1_217' title='bbox 185 2573 612 2652; x_wconf 89' lang='lat' dir='ltr'>permanete,</span> <span class='ocrx_word' id='word_1_218' title='bbox 666 2575 784 2632; x_wconf 89' lang='lat' dir='ltr'>aut</span> <span class='ocrx_word' id='word_1_219' title='bbox 814 2564 871 2631; x_wconf 88' lang='lat' dir='ltr'>si</span> <span class='ocrx_word' id='word_1_220' title='bbox 906 2585 1025 2652; x_wconf 90' lang='lat' dir='ltr'>pro</span> <span class='ocrx_word' id='word_1_221' title='bbox 1054 2563 1495 2654; x_wconf 79' lang='lat' dir='ltr'>expediendis</span> <span class='ocrx_word' id='word_1_222' title='bbox 1528 2563 1819 2652; x_wconf 88' lang='lat' dir='ltr'>negotiis</span> <span class='ocrx_word' id='word_1_223' title='bbox 1850 2563 2197 2632; x_wconf 89' lang='lat' dir='ltr'>interdum</span> <span class='ocrx_word' id='word_1_224' title='bbox 2228 2562 2437 2631; x_wconf 90' lang='lat' dir='ltr'>vultis</span> <span class='ocrx_word' id='word_1_225' title='bbox 2463 2562 2724 2652; x_wconf 87' lang='lat' dir='ltr'>egredi,</span> 
     </span>
     <span class='ocr_line' id='line_1_27' title="bbox 183 2649 2733 2740; baseline 0.001 -22"><span class='ocrx_word' id='word_1_226' title='bbox 183 2649 273 2718; x_wconf 92' lang='lat' dir='ltr'>ad</span> <span class='ocrx_word' id='word_1_227' title='bbox 328 2671 458 2718; x_wconf 91' lang='lat' dir='ltr'>nos</span> <span class='ocrx_word' id='word_1_228' title='bbox 507 2651 962 2720; x_wconf 86' lang='lat' dir='ltr'>revertamini.</span> <span class='ocrx_word' id='word_1_229' title='bbox 1009 2657 1140 2721; x_wconf 88' lang='lat' dir='ltr'>Nos</span> <span class='ocrx_word' id='word_1_230' title='bbox 1186 2652 1398 2732; x_wconf 89' lang='lat' dir='ltr'>enim,</span> <span class='ocrx_word' id='word_1_231' title='bbox 1454 2652 1750 2740; x_wconf 88' lang='lat' dir='ltr'>demptis</span> <span class='ocrx_word' id='word_1_232' title='bbox 1802 2652 1998 2738; x_wconf 88' lang='lat' dir='ltr'>equis</span> <span class='ocrx_word' id='word_1_233' title='bbox 2047 2652 2323 2729; x_wconf 83' lang='lat' dir='ltr'>vestris,</span> <span class='ocrx_word' id='word_1_234' title='bbox 2375 2664 2440 2722; x_wconf 92' lang='lat' dir='ltr'>et</span> <span class='ocrx_word' id='word_1_235' title='bbox 2511 2674 2628 2720; x_wconf 92' lang='lat' dir='ltr'>vos</span> <span class='ocrx_word' id='word_1_236' title='bbox 2667 2665 2733 2720; x_wconf 90' lang='lat' dir='ltr'>et</span> 
     </span>
     <span class='ocr_line' id='line_1_28' title="bbox 182 2737 2721 2839; baseline 0.001 -33"><span class='ocrx_word' id='word_1_237' title='bbox 182 2737 627 2839; x_wconf 83' lang='lat' dir='ltr'>presbyteros</span> <span class='ocrx_word' id='word_1_238' title='bbox 673 2752 739 2808; x_wconf 90' lang='lat' dir='ltr'>et</span> <span class='ocrx_word' id='word_1_239' title='bbox 766 2740 1059 2810; x_wconf 72' lang='lat' dir='ltr'>clericos</span> <span class='ocrx_word' id='word_1_240' title='bbox 1091 2751 1349 2810; x_wconf 91' lang='lat' dir='ltr'>vestros</span> <span class='ocrx_word' id='word_1_241' title='bbox 1395 2740 1734 2826; x_wconf 89' lang='lat' dir='ltr'>quamdiu</span> <span class='ocrx_word' id='word_1_242' title='bbox 1767 2761 2044 2809; x_wconf 90' lang='lat' dir='ltr'>necesse</span> <span class='ocrx_word' id='word_1_243' title='bbox 2073 2741 2222 2820; x_wconf 92' lang='lat' dir='ltr'>erit,</span> <span class='ocrx_word' id='word_1_244' title='bbox 2253 2739 2543 2809; x_wconf 92' lang='lat' dir='ltr'>alemus.</span> <span class='ocrx_word' id='word_1_245' title='bbox 2580 2741 2721 2809; x_wconf 87' lang='lat' dir='ltr'>Erit</span> 
     </span>
     <span class='ocr_line' id='line_1_29' title="bbox 183 2827 2724 2917; baseline 0 -21"><span class='ocrx_word' id='word_1_246' title='bbox 183 2827 256 2896; x_wconf 91' lang='lat' dir='ltr'>id</span> <span class='ocrx_word' id='word_1_247' title='bbox 297 2840 695 2917; x_wconf 90' lang='lat' dir='ltr'>pergratum</span> <span class='ocrx_word' id='word_1_248' title='bbox 747 2827 966 2909; x_wconf 77' lang='lat' dir='ltr'>nobiS,</span> <span class='ocrx_word' id='word_1_249' title='bbox 1019 2840 1085 2897; x_wconf 89' lang='lat' dir='ltr'>et</span> <span class='ocrx_word' id='word_1_250' title='bbox 1117 2829 1307 2898; x_wconf 90' lang='lat' dir='ltr'>vobis</span> <span class='ocrx_word' id='word_1_251' title='bbox 1355 2848 1789 2915; x_wconf 88' lang='lat' dir='ltr'>nequaquam</span> <span class='ocrx_word' id='word_1_252' title='bbox 1840 2827 2329 2898; x_wconf 86' lang='lat' dir='ltr'>indecorum.»</span> <span class='ocrx_word' id='word_1_253' title='bbox 2380 2828 2724 2897; x_wconf 87' lang='lat' dir='ltr'>Euntibus</span> 
     </span>
     <span class='ocr_line' id='line_1_30' title="bbox 184 2916 2720 3074; baseline 0 -90"><span class='ocrx_word' id='word_1_254' title='bbox 184 2916 405 3073; x_wconf 55' lang='lat' dir='ltr'>iggtur</span> <span class='ocrx_word' id='word_1_255' title='bbox 451 2928 516 2985; x_wconf 90' lang='lat' dir='ltr'>et</span> <span class='ocrx_word' id='word_1_256' title='bbox 563 2916 1009 2986; x_wconf 89' lang='lat' dir='ltr'>redeuntibus</span> <span class='ocrx_word' id='word_1_257' title='bbox 1058 2917 1219 2997; x_wconf 91' lang='lat' dir='ltr'>illis,</span> <span class='ocrx_word' id='word_1_258' title='bbox 1273 2917 1692 3005; x_wconf 88' lang='lat' dir='ltr'>quibusdam</span> <span class='ocrx_word' id='word_1_259' title='bbox 1726 2918 1933 2986; x_wconf 90' lang='lat' dir='ltr'>etiam</span> <span class='ocrx_word' id='word_1_260' title='bbox 1957 2917 2218 3074; x_wconf 59' lang='lat' dir='ltr'>{ugiter</span> <span class='ocrx_word' id='word_1_261' title='bbox 2259 2916 2400 2985; x_wconf 90' lang='lat' dir='ltr'>illic</span> <span class='ocrx_word' id='word_1_262' title='bbox 2434 2918 2720 2986; x_wconf 90' lang='lat' dir='ltr'>haeren-</span> 
     </span>
     <span class='ocr_line' id='line_1_31' title="bbox 185 3003 2722 3096; baseline -0.001 -21"><span class='ocrx_word' id='word_1_263' title='bbox 185 3018 235 3075; x_wconf 93' lang='lat' dir='ltr'>ti</span> <span class='ocrx_word' id='word_1_264' title='bbox 292 3026 403 3085; x_wconf 90' lang='lat' dir='ltr'>us,</span> <span class='ocrx_word' id='word_1_265' title='bbox 452 3003 661 3094; x_wconf 88' lang='lat' dir='ltr'>largis</span> <span class='ocrx_word' id='word_1_266' title='bbox 709 3006 1042 3096; x_wconf 87' lang='lat' dir='ltr'>impensis</span> <span class='ocrx_word' id='word_1_267' title='bbox 1089 3028 1248 3076; x_wconf 89' lang='lat' dir='ltr'>cum</span> <span class='ocrx_word' id='word_1_268' title='bbox 1301 3006 1518 3075; x_wconf 88' lang='lat' dir='ltr'>multa</span> <span class='ocrx_word' id='word_1_269' title='bbox 1550 3005 1768 3094; x_wconf 72' lang='lat' dir='ltr'>gratia</span> <span class='ocrx_word' id='word_1_270' title='bbox 1815 3019 1880 3074; x_wconf 90' lang='lat' dir='ltr'>et</span> <span class='ocrx_word' id='word_1_271' title='bbox 1926 3028 1964 3074; x_wconf 89' lang='lat' dir='ltr'>a</span> <span class='ocrx_word' id='word_1_272' title='bbox 1995 3007 2274 3075; x_wconf 90' lang='lat' dir='ltr'>acritate</span> <span class='ocrx_word' id='word_1_273' title='bbox 2327 3005 2412 3074; x_wconf 90' lang='lat' dir='ltr'>ad</span> <span class='ocrx_word' id='word_1_274' title='bbox 2465 3006 2722 3075; x_wconf 89' lang='lat' dir='ltr'>victum</span> 
     </span>
     <span class='ocr_line' id='line_1_32' title="bbox 188 3092 2721 3185; baseline -0.001 -22"><span class='ocrx_word' id='word_1_275' title='bbox 188 3092 609 3183; x_wconf 90' lang='lat' dir='ltr'>pertinentia</span> <span class='ocrx_word' id='word_1_276' title='bbox 641 3107 957 3164; x_wconf 90' lang='lat' dir='ltr'>accurate</span> <span class='ocrx_word' id='word_1_277' title='bbox 1005 3106 1166 3163; x_wconf 89' lang='lat' dir='ltr'>sunt</span> <span class='ocrx_word' id='word_1_278' title='bbox 1211 3094 1756 3174; x_wconf 88' lang='lat' dir='ltr'>subministrata,</span> <span class='ocrx_word' id='word_1_279' title='bbox 1788 3094 2002 3163; x_wconf 90' lang='lat' dir='ltr'>donec</span> <span class='ocrx_word' id='word_1_280' title='bbox 2037 3117 2170 3164; x_wconf 89' lang='lat' dir='ltr'>non</span> <span class='ocrx_word' id='word_1_281' title='bbox 2221 3094 2345 3163; x_wconf 92' lang='lat' dir='ltr'>diu</span> <span class='ocrx_word' id='word_1_282' title='bbox 2376 3107 2550 3185; x_wconf 89' lang='lat' dir='ltr'>post,</span> <span class='ocrx_word' id='word_1_283' title='bbox 2585 3114 2721 3162; x_wconf 90' lang='lat' dir='ltr'>non</span> 
     </span>
     <span class='ocr_line' id='line_1_33' title="bbox 185 3181 2724 3273; baseline 0 -23"><span class='ocrx_word' id='word_1_284' title='bbox 185 3183 340 3251; x_wconf 92' lang='lat' dir='ltr'>sine</span> <span class='ocrx_word' id='word_1_285' title='bbox 388 3181 640 3272; x_wconf 91' lang='lat' dir='ltr'>grandi</span> <span class='ocrx_word' id='word_1_286' title='bbox 690 3181 1026 3252; x_wconf 88' lang='lat' dir='ltr'>miraculo</span> <span class='ocrx_word' id='word_1_287' title='bbox 1073 3183 1453 3273; x_wconf 84' lang='lat' dir='ltr'>profligatis</span> <span class='ocrx_word' id='word_1_288' title='bbox 1502 3183 1838 3263; x_wconf 87' lang='lat' dir='ltr'>hostibus,</span> <span class='ocrx_word' id='word_1_289' title='bbox 1904 3183 2142 3253; x_wconf 90' lang='lat' dir='ltr'>Clerici</span> <span class='ocrx_word' id='word_1_290' title='bbox 2190 3183 2277 3251; x_wconf 92' lang='lat' dir='ltr'>ad</span> <span class='ocrx_word' id='word_1_291' title='bbox 2326 3205 2453 3252; x_wconf 89' lang='lat' dir='ltr'>sua</span> <span class='ocrx_word' id='word_1_292' title='bbox 2502 3203 2724 3251; x_wconf 88' lang='lat' dir='ltr'>rever-</span> 
     </span>
     <span class='ocr_line' id='line_1_34' title="bbox 190 3282 526 3340; baseline -0.006 0"><span class='ocrx_word' id='word_1_293' title='bbox 190 3282 526 3340; x_wconf 87' lang='lat' dir='ltr'>terentur.</span> 
     </span>
    </p>

    <p class='ocr_par' dir='ltr' id='par_1_4' title="bbox 186 3359 2730 4326">
     <span class='ocr_line' id='line_1_35' title="bbox 276 3359 2725 3461; baseline -0.002 -31"><span class='ocrx_word' id='word_1_294' title='bbox 276 3361 314 3446; x_wconf 83' lang='lat'>§</span> <span class='ocrx_word' id='word_1_295' title='bbox 366 3362 540 3430; x_wconf 62' lang='lat'>21).</span> <span class='ocrx_word' id='word_1_296' title='bbox 590 3364 854 3427; x_wconf 79' lang='lat' dir='ltr'>Atcum</span> <span class='ocrx_word' id='word_1_297' title='bbox 899 3359 998 3428; x_wconf 89' lang='lat' dir='ltr'>vir</span> <span class='ocrx_word' id='word_1_298' title='bbox 1048 3360 1161 3428; x_wconf 91' lang='lat' dir='ltr'>Dei</span> <span class='ocrx_word' id='word_1_299' title='bbox 1213 3360 1446 3430; x_wconf 87' lang='lat' dir='ltr'>multis</span> <span class='ocrx_word' id='word_1_300' title='bbox 1485 3373 1888 3461; x_wconf 86' lang='lat' dir='ltr'>occupatus,</span> <span class='ocrx_word' id='word_1_301' title='bbox 1935 3359 2022 3429; x_wconf 88' lang='lat' dir='ltr'>ab</span> <span class='ocrx_word' id='word_1_302' title='bbox 2074 3359 2248 3440; x_wconf 85' lang='lat' dir='ltr'>illis,</span> <span class='ocrx_word' id='word_1_303' title='bbox 2300 3360 2557 3447; x_wconf 88' lang='lat' dir='ltr'>quibus</span> <span class='ocrx_word' id='word_1_304' title='bbox 2609 3381 2725 3449; x_wconf 88' lang='lat' dir='ltr'>po-</span> 
     </span>
     <span class='ocr_line' id='line_1_36' title="bbox 190 3446 2727 3538; baseline -0 -22"><span class='ocrx_word' id='word_1_305' title='bbox 190 3447 540 3516; x_wconf 90' lang='lat' dir='ltr'>tissimum</span> <span class='ocrx_word' id='word_1_306' title='bbox 593 3446 947 3526; x_wconf 90' lang='lat' dir='ltr'>inhiabat,</span> <span class='ocrx_word' id='word_1_307' title='bbox 1000 3448 1432 3538; x_wconf 89' lang='lat' dir='ltr'>spiritalibus</span> <span class='ocrx_word' id='word_1_308' title='bbox 1495 3449 1744 3520; x_wconf 91' lang='lat' dir='ltr'>studiis</span> <span class='ocrx_word' id='word_1_309' title='bbox 1800 3460 1865 3517; x_wconf 91' lang='lat' dir='ltr'>et</span> <span class='ocrx_word' id='word_1_310' title='bbox 1912 3448 2250 3518; x_wconf 86' lang='lat' dir='ltr'>exercitiis</span> <span class='ocrx_word' id='word_1_311' title='bbox 2301 3470 2372 3518; x_wconf 89' lang='lat' dir='ltr'>se</span> <span class='ocrx_word' id='word_1_312' title='bbox 2411 3447 2727 3516; x_wconf 89' lang='lat' dir='ltr'>distineri</span> 
     </span>
     <span class='ocr_line' id='line_1_37' title="bbox 186 3535 2723 3628; baseline 0.002 -28"><span class='ocrx_word' id='word_1_313' title='bbox 186 3535 471 3616; x_wconf 90' lang='lat' dir='ltr'>videret,</span> <span class='ocrx_word' id='word_1_314' title='bbox 518 3535 625 3604; x_wconf 87' lang='lat' dir='ltr'>vix</span> <span class='ocrx_word' id='word_1_315' title='bbox 673 3535 933 3605; x_wconf 91' lang='lat' dir='ltr'>biennii</span> <span class='ocrx_word' id='word_1_316' title='bbox 981 3535 1270 3606; x_wconf 88' lang='lat' dir='ltr'>evolutis</span> <span class='ocrx_word' id='word_1_317' title='bbox 1333 3538 1615 3628; x_wconf 82' lang='lat' dir='ltr'>spatiiS,</span> <span class='ocrx_word' id='word_1_318' title='bbox 1668 3537 1921 3607; x_wconf 90' lang='lat' dir='ltr'>Prioris</span> <span class='ocrx_word' id='word_1_319' title='bbox 1969 3536 2240 3616; x_wconf 81' lang='lat' dir='ltr'>officiO,</span> <span class='ocrx_word' id='word_1_320' title='bbox 2302 3536 2485 3624; x_wconf 92' lang='lat' dir='ltr'>quod</span> <span class='ocrx_word' id='word_1_321' title='bbox 2531 3535 2723 3625; x_wconf 90' lang='lat' dir='ltr'>pacis</span> 
     </span>
     <span class='ocr_line' id='line_1_38' title="bbox 186 3623 2725 3726; baseline 0.001 -34"><span class='ocrx_word' id='word_1_322' title='bbox 186 3623 669 3693; x_wconf 83' lang='lat' dir='ltr'>reformandae</span> <span class='ocrx_word' id='word_1_323' title='bbox 719 3625 1139 3703; x_wconf 85' lang='lat' dir='ltr'>necessitate,</span> <span class='ocrx_word' id='word_1_324' title='bbox 1190 3638 1256 3694; x_wconf 89' lang='lat' dir='ltr'>et</span> <span class='ocrx_word' id='word_1_325' title='bbox 1296 3625 1741 3726; x_wconf 88' lang='lat' dir='ltr'>Superiorum</span> <span class='ocrx_word' id='word_1_326' title='bbox 1778 3638 2137 3715; x_wconf 90' lang='lat' dir='ltr'>praecepto</span> <span class='ocrx_word' id='word_1_327' title='bbox 2171 3625 2458 3694; x_wconf 88' lang='lat' dir='ltr'>adactus</span> <span class='ocrx_word' id='word_1_328' title='bbox 2493 3646 2725 3694; x_wconf 88' lang='lat' dir='ltr'>susce-</span> 
     </span>
     <span class='ocr_line' id='line_1_39' title="bbox 188 3712 2728 3813; baseline -0 -31"><span class='ocrx_word' id='word_1_329' title='bbox 188 3727 405 3813; x_wconf 86' lang='lat' dir='ltr'>perat,</span> <span class='ocrx_word' id='word_1_330' title='bbox 461 3733 611 3782; x_wconf 89' lang='lat' dir='ltr'>sese</span> <span class='ocrx_word' id='word_1_331' title='bbox 659 3712 1012 3794; x_wconf 81' lang='lat' dir='ltr'>abdicanS,</span> <span class='ocrx_word' id='word_1_332' title='bbox 1051 3713 1139 3783; x_wconf 91' lang='lat' dir='ltr'>ad</span> <span class='ocrx_word' id='word_1_333' title='bbox 1189 3715 1639 3793; x_wconf 87' lang='lat' dir='ltr'>tutissimum,</span> <span class='ocrx_word' id='word_1_334' title='bbox 1695 3735 2100 3804; x_wconf 88' lang='lat' dir='ltr'>semperque</span> <span class='ocrx_word' id='word_1_335' title='bbox 2146 3714 2597 3803; x_wconf 88' lang='lat' dir='ltr'>concupitum</span> <span class='ocrx_word' id='word_1_336' title='bbox 2656 3734 2728 3781; x_wconf 92' lang='lat' dir='ltr'>se</span> 
     </span>
     <span class='ocr_line' id='line_1_40' title="bbox 192 3801 2730 3892; baseline 0.002 -26"><span class='ocrx_word' id='word_1_337' title='bbox 192 3821 262 3868; x_wconf 91' lang='lat' dir='ltr'>in</span> <span class='ocrx_word' id='word_1_338' title='bbox 295 3823 552 3891; x_wconf 91' lang='lat' dir='ltr'>magna</span> <span class='ocrx_word' id='word_1_339' title='bbox 586 3801 945 3871; x_wconf 89' lang='lat' dir='ltr'>Carthusia</span> <span class='ocrx_word' id='word_1_340' title='bbox 991 3801 1203 3872; x_wconf 89' lang='lat' dir='ltr'>cellae</span> <span class='ocrx_word' id='word_1_341' title='bbox 1252 3816 1524 3892; x_wconf 86' lang='lat' dir='ltr'>portum</span> <span class='ocrx_word' id='word_1_342' title='bbox 1566 3802 1840 3892; x_wconf 88' lang='lat' dir='ltr'>recepit.</span> <span class='ocrx_word' id='word_1_343' title='bbox 1878 3803 2016 3873; x_wconf 90' lang='lat' dir='ltr'>Etsi</span> <span class='ocrx_word' id='word_1_344' title='bbox 2066 3816 2294 3872; x_wconf 88' lang='lat' dir='ltr'>autem</span> <span class='ocrx_word' id='word_1_345' title='bbox 2337 3801 2730 3871; x_wconf 90' lang='lat' dir='ltr'>solitudinis</span> 
     </span>
     <span class='ocr_line' id='line_1_41' title="bbox 194 3890 2729 3982; baseline 0.001 -28"><span class='ocrx_word' id='word_1_346' title='bbox 194 3898 259 3954; x_wconf 88' lang='lat' dir='ltr'>et</span> <span class='ocrx_word' id='word_1_347' title='bbox 281 3890 525 3959; x_wconf 89' lang='lat' dir='ltr'>secreti</span> <span class='ocrx_word' id='word_1_348' title='bbox 550 3902 728 3960; x_wconf 82' lang='lat' dir='ltr'>esset</span> <span class='ocrx_word' id='word_1_349' title='bbox 759 3912 1026 3972; x_wconf 90' lang='lat' dir='ltr'>amans,</span> <span class='ocrx_word' id='word_1_350' title='bbox 1070 3903 1138 3960; x_wconf 90' lang='lat' dir='ltr'>at</span> <span class='ocrx_word' id='word_1_351' title='bbox 1167 3894 1407 3963; x_wconf 91' lang='lat' dir='ltr'>crebro</span> <span class='ocrx_word' id='word_1_352' title='bbox 1436 3903 1662 3961; x_wconf 90' lang='lat' dir='ltr'>tamen</span> <span class='ocrx_word' id='word_1_353' title='bbox 1695 3912 2106 3982; x_wconf 89' lang='lat' dir='ltr'>magnorum</span> <span class='ocrx_word' id='word_1_354' title='bbox 2147 3891 2478 3971; x_wconf 89' lang='lat' dir='ltr'>virorum,</span> <span class='ocrx_word' id='word_1_355' title='bbox 2515 3893 2729 3959; x_wconf 86' lang='lat' dir='ltr'>Deum</span> 
     </span>
     <span class='ocr_line' id='line_1_42' title="bbox 194 3974 2723 4079; baseline 0.002 -37"><span class='ocrx_word' id='word_1_356' title='bbox 194 3974 581 4074; x_wconf 36' lang='lat' dir='ltr'>tim-entium</span> <span class='ocrx_word' id='word_1_357' title='bbox 615 4032 631 4059; x_wconf 94' lang='lat'>,</span> <span class='ocrx_word' id='word_1_358' title='bbox 682 3979 802 4066; x_wconf 92' lang='lat' dir='ltr'>qui</span> <span class='ocrx_word' id='word_1_359' title='bbox 850 3979 1001 4068; x_wconf 89' lang='lat' dir='ltr'>ejus</span> <span class='ocrx_word' id='word_1_360' title='bbox 1060 3980 1267 4049; x_wconf 90' lang='lat' dir='ltr'>amici</span> <span class='ocrx_word' id='word_1_361' title='bbox 1312 3992 1529 4060; x_wconf 88' lang='lat' dir='ltr'>erant,</span> <span class='ocrx_word' id='word_1_362' title='bbox 1585 3991 1778 4079; x_wconf 84' lang='lat' dir='ltr'>grata</span> <span class='ocrx_word' id='word_1_363' title='bbox 1827 3980 2209 4051; x_wconf 88' lang='lat' dir='ltr'>visitatione</span> <span class='ocrx_word' id='word_1_364' title='bbox 2263 3979 2723 4058; x_wconf 83' lang='lat' dir='ltr'>recreabatur,</span> 
     </span>
     <span class='ocr_line' id='line_1_43' title="bbox 194 4063 2726 4162; baseline 0.002 -32"><span class='ocrx_word' id='word_1_365' title='bbox 194 4074 259 4130; x_wconf 90' lang='lat' dir='ltr'>et</span> <span class='ocrx_word' id='word_1_366' title='bbox 292 4063 406 4162; x_wconf 37' lang='lat' dir='ltr'>‚illi</span> <span class='ocrx_word' id='word_1_367' title='bbox 451 4067 756 4139; x_wconf 86' lang='lat' dir='ltr'>vicissim</span> <span class='ocrx_word' id='word_1_368' title='bbox 797 4068 1057 4137; x_wconf 89' lang='lat' dir='ltr'>sanctis</span> <span class='ocrx_word' id='word_1_369' title='bbox 1098 4067 1252 4155; x_wconf 85' lang='lat' dir='ltr'>ejus</span> <span class='ocrx_word' id='word_1_370' title='bbox 1299 4068 1665 4156; x_wconf 88' lang='lat' dir='ltr'>colloquiis</span> <span class='ocrx_word' id='word_1_371' title='bbox 1714 4067 2253 4139; x_wconf 88' lang='lat' dir='ltr'>delectabantur.</span> <span class='ocrx_word' id='word_1_372' title='bbox 2307 4067 2726 4137; x_wconf 82' lang='lat' dir='ltr'>Audiebatur</span> 
     </span>
     <span class='ocr_line' id='line_1_44' title="bbox 196 4155 2730 4248; baseline 0.002 -31"><span class='ocrx_word' id='word_1_373' title='bbox 196 4169 379 4220; x_wconf 89' lang='lat' dir='ltr'>enim</span> <span class='ocrx_word' id='word_1_374' title='bbox 427 4155 630 4224; x_wconf 86' lang='lat' dir='ltr'>etiam</span> <span class='ocrx_word' id='word_1_375' title='bbox 714 4156 904 4225; x_wconf 89' lang='lat' dir='ltr'>rocul</span> <span class='ocrx_word' id='word_1_376' title='bbox 954 4176 1207 4226; x_wconf 88' lang='lat' dir='ltr'>nomen</span> <span class='ocrx_word' id='word_1_377' title='bbox 1238 4157 1415 4245; x_wconf 83' lang='lat' dir='ltr'>ejus,</span> <span class='ocrx_word' id='word_1_378' title='bbox 1452 4169 1519 4227; x_wconf 93' lang='lat' dir='ltr'>et</span> <span class='ocrx_word' id='word_1_379' title='bbox 1545 4157 1782 4226; x_wconf 90' lang='lat' dir='ltr'>cuncti</span> <span class='ocrx_word' id='word_1_380' title='bbox 1829 4157 1980 4248; x_wconf 89' lang='lat' dir='ltr'>ejus</span> <span class='ocrx_word' id='word_1_381' title='bbox 2017 4157 2468 4227; x_wconf 88' lang='lat' dir='ltr'>constantiam</span> <span class='ocrx_word' id='word_1_382' title='bbox 2521 4155 2730 4225; x_wconf 90' lang='lat' dir='ltr'>mira-</span> 
     </span>
     <span class='ocr_line' id='line_1_45' title="bbox 198 4237 2725 4326; baseline 0.003 -22"><span class='ocrx_word' id='word_1_383' title='bbox 198 4237 472 4310; x_wconf 89' lang='lat' dir='ltr'>bantur.</span> <span class='ocrx_word' id='word_1_384' title='bbox 510 4246 586 4312; x_wconf 80' lang='lat' dir='ltr'>At</span> <span class='ocrx_word' id='word_1_385' title='bbox 622 4243 668 4313; x_wconf 92' lang='lat' dir='ltr'>il</span> <span class='ocrx_word' id='word_1_386' title='bbox 701 4266 737 4313; x_wconf 89' lang='lat' dir='ltr'>e</span> <span class='ocrx_word' id='word_1_387' title='bbox 777 4244 1049 4314; x_wconf 87' lang='lat' dir='ltr'>laudari</span> <span class='ocrx_word' id='word_1_388' title='bbox 1081 4266 1154 4315; x_wconf 91' lang='lat' dir='ltr'>se</span> <span class='ocrx_word' id='word_1_389' title='bbox 1199 4244 1456 4316; x_wconf 85' lang='lat' dir='ltr'>ferebat</span> <span class='ocrx_word' id='word_1_390' title='bbox 1485 4243 1990 4326; x_wconf 87' lang='lat' dir='ltr'>molestissime,</span> <span class='ocrx_word' id='word_1_391' title='bbox 2031 4268 2166 4315; x_wconf 91' lang='lat' dir='ltr'>non</span> <span class='ocrx_word' id='word_1_392' title='bbox 2201 4246 2288 4315; x_wconf 91' lang='lat' dir='ltr'>ab</span> <span class='ocrx_word' id='word_1_393' title='bbox 2327 4243 2725 4315; x_wconf 89' lang='lat' dir='ltr'>hominibus</span> 
     </span>
    </p>
   </div>
   <div class='ocr_carea' id='block_1_3' title="bbox 200 4330 2725 4510">
    <p class='ocr_par' dir='ltr' id='par_1_5' title="bbox 200 4330 2725 4510">
     <span class='ocr_line' id='line_1_46' title="bbox 200 4330 2725 4482; baseline -0.001 -80"><span class='ocrx_word' id='word_1_394' title='bbox 200 4346 442 4482; x_wconf 65' lang='lat' dir='ltr'>vtlinqm</span> <span class='ocrx_word' id='word_1_395' title='bbox 493 4342 557 4400; x_wconf 87' lang='lat' dir='ltr'>et</span> <span class='ocrx_word' id='word_1_396' title='bbox 596 4330 965 4414; x_wconf 88' lang='lat' dir='ltr'>lubricam,</span> <span class='ocrx_word' id='word_1_397' title='bbox 1000 4332 1117 4404; x_wconf 74' lang='lat' dir='ltr'>sed</span> <span class='ocrx_word' id='word_1_398' title='bbox 1152 4355 1194 4403; x_wconf 91' lang='lat' dir='ltr'>a</span> <span class='ocrx_word' id='word_1_399' title='bbox 1233 4340 1363 4405; x_wconf 87' lang='lat' dir='ltr'>Deo</span> <span class='ocrx_word' id='word_1_400' title='bbox 1412 4332 1754 4414; x_wconf 87' lang='lat' dir='ltr'>stabilem,</span> <span class='ocrx_word' id='word_1_401' title='bbox 1793 4356 2044 4416; x_wconf 88' lang='lat' dir='ltr'>veram,</span> <span class='ocrx_word' id='word_1_402' title='bbox 2098 4334 2725 4426; x_wconf 90' lang='lat' dir='ltr'>sempiternamque</span> 
     </span>
     <span class='ocr_line' id='line_1_47' title="bbox 205 4433 877 4510; baseline 0.01 -26"><span class='ocrx_word' id='word_1_403' title='bbox 205 4435 249 4504; x_wconf 86' lang='lat' dir='ltr'>g</span> <span class='ocrx_word' id='word_1_404' title='bbox 278 4435 492 4486; x_wconf 90' lang='lat' dir='ltr'>oriam</span> <span class='ocrx_word' id='word_1_405' title='bbox 528 4433 877 4510; x_wconf 81' lang='lat' dir='ltr'>appetenS.</span> 
     </span>
    </p>
   </div>
  </div>
 </body>
</html>
