3357 4995
235 364 456 435 JUNII
502 368 588 434 29
887 386 966 433 ως
1012 385 1105 434 ss.
1157 385 1490 435 Arosrous
1536 384 1733 435 remo
1778 385 1855 434 cr
1901 385 2101 434 ranno
2544 370 2672 435 645

238 482 378 542 tam
440 470 766 553 infernae,
817 490 1026 558 quam
1076 475 1464 560 supernae?
1510 476 1652 541 Non
1719 470 1990 540 invenio
2044 470 2420 541 orationem
2472 470 2758 563 dignam

237 559 324 630 ad
358 559 781 629 laudandum
814 580 952 639 eos,
1005 559 1127 647 qui
1158 572 1460 630 nostrum
1494 582 1714 651 genus
1763 558 2158 630 laudavere:
2210 559 2332 647 qui
2360 559 2756 631 universam

238 660 487 719 terram
520 661 584 719 et
615 668 801 717 mare
831 647 1082 729 obiere,
1125 659 1191 718 et
1218 660 1651 739 peccatorum
1706 647 1970 719 radices
2016 645 2323 718 evulsere
2370 659 2434 718 et
2485 649 2760 739 pietatis

238 737 503 808 semina
535 736 840 826 deJecere
872 737 941 806 in
974 736 1299 808 cordibus
1324 737 1714 819 hominum,
1752 736 1872 824 qui
1909 748 2103 807 erant
2128 736 2493 807 increduli.
2520 743 2759 808 Petrus

242 826 568 915 magister
613 824 1111 916 Apostolorum,
1160 825 1413 895 Paulus
1444 826 1756 917 cognitor
1802 826 2248 897 oeconomiae
2295 847 2759 915 supernarum

238 913 877 1014 vir-tutumzlPetrus
928 913 1199 984 frenum
1255 915 1682 1005 ingratorum
1729 913 2168 996 ludaeorum,
2210 914 2465 985 Paulus
2511 915 2762 984 adhor-

239 1013 404 1074 tatlo
451 1014 783 1093 gentium.

325 1094 363 1179 ξ
410 1096 500 1163 ².
553 1090 717 1162 Vide
760 1101 986 1160 autem
1022 1091 1458 1161 excellentem
1496 1091 1766 1161 Domini
1806 1091 2237 1181 sapientiam.
2277 1096 2550 1160 Petrum
2599 1090 2759 1177 qui-

237 1179 394 1249 dem
442 1178 643 1269 elegit
672 1198 753 1249 ex
803 1179 1279 1269 piscatoribus:
1332 1180 1619 1250 Paulum
1670 1194 1895 1249 autem
1931 1202 2011 1249 ex
2060 1180 2144 1250 iis
2168 1179 2286 1268 qui
2335 1179 2765 1250 consuebant

239 1266 703 1338 tabernacula.
748 1273 825 1338 Et
855 1268 1037 1355 quod
1069 1269 1419 1339 electionis
1491 1268 1721 1338 uidem
1753 1281 2057 1370 apparet,
2085 1280 2186 1338 est
2217 1290 2297 1337 ex
2348 1268 2431 1337 iis
2461 1268 2752 1338 artibus:

234 1356 419 1444 quod
482 1367 707 1426 autem
768 1355 1195 1447 intelligitur,
1248 1370 1350 1428 est
1389 1290 1583 1426 valde
1633 1356 2065 1438 admirabile,
2118 1357 2281 1444 quia
2323 1358 2438 1426 Dei
2486 1378 2763 1444 quoque

237 1457 338 1516 est
390 1443 652 1516 electio.
707 1446 1040 1527 Quoniam
1089 1447 1273 1516 enim
1315 1447 1736 1525 obruebatur
1830 1445 2000 1517 loria
2045 1446 2492 1526 ludaeorum,
2537 1445 2760 1535 pisca-

241 1534 368 1604 tori
417 1533 762 1604 commisit
807 1539 1004 1616 DeuS,
1047 1547 1124 1605 ut
1171 1549 1593 1606 scrutaretur
1639 1557 1761 1624 pro
1792 1535 1979 1605 unda
2031 1535 2265 1615 maris,
2295 1532 2478 1622 quod
2545 1534 2762 1624 perci-

239 1623 427 1714 pitur
472 1621 962 1711 intelligentia:
999 1622 1237 1697 dicens
1282 1624 1385 1692 ei:
1449 1624 1620 1693 Vade
1668 1625 1758 1693 ad
1795 1647 2003 1705 mare,
2040 1634 2102 1692 et
2137 1625 2296 1714 jace
2346 1623 2645 1701 hamum,
2698 1633 2763 1692 et

239 1733 390 1781 cum
422 1712 544 1803 qui
565 1712 955 1792 ascenderit,
982 1715 1279 1801 pri-mum
1313 1714 1561 1803 piscem
1596 1715 1974 1793 sustuleris,
2029 1714 2225 1803 aperi
2251 1734 2320 1781 os
2360 1714 2527 1802 ejus,
2568 1722 2630 1780 et
2655 1714 2763 1780 in-

235 1802 423 1871 venis
457 1800 770 1869 staterem
798 1800 1064 1890 (Mania.
1102 1823 1255 1881 xvn,
1288 1802 1424 1891 26).
1481 1807 1661 1870 Mare
1707 1801 1966 1880 dicens,
2008 1812 2299 1869 mentem
2341 1799 2757 1870 ludaeorum

239 1887 663 1958 instabilem:
718 1888 1000 1958 hamum
1060 1902 1334 1971 autem,
1389 1889 1737 1959 doctrinae
1800 1891 2082 1960 verbum
2152 1888 2643 1958 artificiosum:
2697 1898 2764 1957 et

241 1976 525 2066 piscem,
572 1976 814 2068 legem.
848 1978 1121 2067 Aperire
1160 1991 1385 2049 autem
1422 2001 1498 2048 os
1528 1979 1701 2069 ejus,
1746 1978 2089 2070 significat
2114 1999 2261 2046 eam
2298 1977 2755 2067 interpretari:

241 2064 587 2152 quomodo
657 2087 899 2137 rursus
945 2067 1014 2135 in
1079 2089 1158 2136 eo
1217 2068 1521 2137 invenire
1569 2069 1909 2146 staterem,
1969 2067 2314 2167 significat
2370 2065 2764 2135 examinare

238 2153 458 2243 ipsam
510 2153 930 2244 spiritaliter.
983 2155 1193 2226 Paulo
1251 2170 1503 2236 autem,
1568 2169 1799 2246 utpote
1844 2168 2059 2225 sutori
2114 2153 2707 2224 tabernaculorum
2739 2207 2755 2234 ,

239 2254 411 2313 totas
449 2255 684 2333 gentes
714 2242 1015 2323 tradidit,
1068 2257 1145 2314 ut
1190 2265 1303 2315 eos
1350 2245 1466 2332 qui
1500 2245 1645 2334 lege
1683 2259 1748 2314 et
1775 2244 1995 2345 gratia
2044 2243 2283 2313 nudati
2330 2255 2547 2322 erant,
2587 2240 2764 2332 pelle

240 2330 555 2400 indueret
600 2331 919 2401 coccinea
965 2354 1139 2420 quae
1191 2335 1370 2420 aqua
1420 2346 1484 2402 et
1542 2354 1883 2423 sanguine
1945 2332 2209 2401 Domini
2270 2331 2477 2400 tincta
2508 2329 2755 2400 fuerat.

237 2419 509 2490 Audivit
566 2420 748 2490 enim
801 2420 949 2512 ipse
993 2443 1266 2509 quoque
1331 2421 1691 2491 Dominum
1742 2420 1825 2490 ad
1879 2423 2106 2512 ipsum
2155 2420 2608 2490 clamantem:
2662 2418 2758 2487 Ad

284 2522 475 2578 entes
524 2508 760 2600 procul
795 2532 921 2598 ego
956 2510 1216 2580 mittam
1270 2522 1353 2580 te.
1387 2513 1438 2580 Ο
1475 2511 1665 2580 beata
1698 2510 1741 2579 d
1794 2532 1892 2591 as,
1938 2510 2144 2598 cujus
2195 2508 2354 2578 fidei
2403 2520 2566 2577 sunt
2611 2529 2763 2577 cre-

237 2531 421 2667 ditae
459 2597 730 2668 animae
767 2598 1009 2668 mundi
1042 2599 1365 2669 universi.
1406 2604 1640 2669 Petrus
1669 2623 1709 2689 p
1753 2599 2087 2687 mcipium
2125 2598 2285 2667 fidei
2319 2595 2754 2678 orthodoxae,

235 2706 533 2776 magnus
570 2686 906 2776 interpres
954 2709 1305 2758 sacrorum
1340 2688 1702 2768 Ecclesiae,
1735 2688 2274 2758 Christianorum
2330 2685 2759 2756 necessarius

242 2774 706 2854 consiliarius,
740 2775 1106 2847 thesaurus
1131 2798 1588 2866 supernarum
1620 2777 1978 2857 virtutum,
2015 2777 2136 2863 qui
2164 2774 2351 2844 fuisti
2390 2774 2763 2843 honoratus

240 2883 282 2932 a
325 2864 611 2933 Domino
649 2862 1030 2954 Apostolus.
1095 2865 1349 2936 Paulus
1399 2887 1694 2956 magnus
1745 2887 1986 2955 praeco
2033 2864 2357 2943 veritatis,
2402 2862 2589 2931 orbis
2629 2874 2763 2932 ter-

240 2972 470 3021 rarum
508 2951 863 3041 gloriatio:
915 2952 1036 3041 qui
1083 2976 1157 3023 es
1191 2953 1395 3024 homo
1434 2954 1502 3023 in
1554 2953 1785 3036 coelis,
1818 2966 1883 3023 et
1906 2952 2202 3044 Angelus
2250 2972 2460 3041 super
2481 2964 2759 3031 terram,

242 3037 459 3130 gloria
499 3040 873 3111 Ecclesiae:
905 3042 1024 3129 qui
1058 3040 1244 3112 volas
1260 3041 1505 3140 ‘aquila
1538 3041 1606 3110 in
1641 3040 1966 3112 excelsis.
2004 3041 2125 3129 qui
2155 3063 2229 3111 es
2263 3041 2410 3142 lyra
2448 3039 2759 3129 spiritus:

240 3127 362 3215 qui
411 3150 483 3198 es
532 3128 833 3200 hirundo
878 3142 943 3199 et
989 3130 1249 3211 cicada,
1324 3131 1445 3218 qui
1507 3131 2044 3200 instrumentum
2115 3130 2588 3209 Dominicum,
2642 3127 2764 3214 qui

239 3216 304 3285 vi
359 3215 538 3286 ilans
586 3217 831 3287 Christi
862 3219 1193 3288 minister.

310 3239 364 3394 ἓ
409 3309 502 3377 8.
556 3305 811 3377 Paulus
849 3309 914 3376 et
959 3312 1195 3378 Petrus
1227 3306 1450 3394 juncti
1492 3307 1696 3377 boves
1722 3306 2083 3388 Ecclesiae,
2118 3307 2237 3393 qui
2268 3306 2588 3377 universo
2613 3305 2765 3376 orbi

238 3405 576 3465 terrarum
628 3394 877 3464 bonam
920 3395 1301 3466 intulerunt
1335 3397 1886 3487 negotiationem,
1939 3397 2059 3483 qui
2105 3417 2382 3465 crucem
2434 3416 2556 3485 pro
2588 3395 2763 3484 jugo

239 3481 695 3565 sustulerunt,
749 3504 873 3573 pro
917 3505 1122 3555 onere
1153 3498 1413 3567 autem,
1471 3506 1717 3556 nomen
1768 3484 2174 3555 salvatoris:
2220 3505 2342 3574 pro
2388 3483 2764 3553 collaribus

237 3591 420 3652 vero,
474 3582 960 3642 testamentum
991 3574 1546 3664 scripturarum:
1586 3595 1711 3674 pro
1743 3573 2047 3649 stimulo,
2102 3573 2394 3664 gratiam
2442 3571 2757 3659 spiritus.

243 3659 500 3729 Paulus
544 3672 608 3730 et
669 3665 928 3742 PetruS,
992 3662 1112 3750 qui
1162 3662 1529 3732 Ecclesiam
1582 3683 1650 3730 tn
1681 3661 1829 3732 dies
1870 3660 2274 3742 laetificant,
2336 3659 2766 3750 receptacula

239 3747 610 3838 spiritalia,
661 3748 847 3820 orbis
890 3763 1103 3821 terrae
1152 3750 1432 3841 publica
1477 3750 1876 3828 diversoria,
1908 3762 2182 3820 sanctae
2214 3747 2765 3838 interpretandae

237 3836 587 3907 Trinitatis
626 3837 1105 3922 instrumenta,
1158 3862 1199 3909 a
1249 3844 1378 3909 Deo
1409 3839 1620 3908 Verbo
1675 3851 2032 3928 susceptae
2068 3838 2298 3909 carnis
2327 3837 2766 3907 oeconomiae

238 3922 664 4017 interpretes.
710 3931 971 4008 Petrus,
1009 3949 1204 3998 amor
1253 3949 1447 3997 meus
1477 3927 1892 4017 spiritualis:
1924 3926 2200 4009 Paulus,
2231 3947 2349 3996 vas
2380 3923 2758 4018 electionis,

240 4033 436 4084 meus
485 4014 800 4086 baculus.
856 4021 1117 4097 PetruS,
1155 4015 1488 4106 templum
1544 4016 1696 4085 Dei:
1750 4015 2027 4096 Paulus,
2090 4037 2164 4086 os
2194 4014 2483 4085 Christi:
2537 4014 2765 4101 quies

240 4099 445 4200 trium
480 4102 897 4184 cubitorum,
937 4117 1003 4173 et
1031 4103 1115 4174 ad
1155 4105 1425 4174 tertium
1462 4104 1731 4174 coelum
1757 4104 2101 4205 pervenis:
2139 4104 2260 4192 qui
2291 4103 2438 4175 loco
2467 4103 2766 4173 circum-

239 4189 584 4273 scriberis,
636 4203 702 4262 et
752 4192 1088 4263 mundum
1139 4193 1540 4264 universum
1590 4196 1877 4264 Domino
1908 4192 2462 4263 circumscribis:
2506 4191 2627 4280 qui
2676 4191 2765 4261 ab

234 4277 614 4375 Jerusalem
663 4293 728 4351 et
771 4281 1221 4352 circumcirca
1283 4302 1506 4369 usque
1543 4281 1630 4350 ad
1682 4281 2040 4371 Illyricum
2088 4281 2403 4372 sparsisti
2466 4285 2767 4369 Evange-

238 4361 448 4464 liumn:
485 4367 608 4453 qui
638 4388 712 4439 es
758 4369 949 4440 velox
981 4391 1245 4450 cursor,
1278 4370 1398 4458 qui
1433 4370 1665 4440 divina
1705 4391 1778 4440 es
1812 4370 2137 4461 impletus
2168 4370 2428 4461 gratia:
2461 4368 2580 4438 Cui
2606 4367 2765 4437 fecit

238 4456 572 4525 Dominus
619 4457 1126 4540 testimonium,
1195 4457 1378 4547 quod
1432 4472 1658 4549 portes
1725 4481 1970 4529 nomen
2035 4458 2188 4546 ejus
2245 4459 2314 4527 in
2382 4467 2757 4547 conspectu
