3357 4995
678 320 807 384 4⁴6
1433 336 1511 384 nn
1559 337 1616 383 s.
1668 336 1993 384 mmmm
2042 336 2296 385 vincins
2785 318 3006 384 JUNll
3057 319 3145 383 ⁴6

588 443 749 490 cum
800 420 1129 510 lacrymis
1177 426 1460 490 Matrem
1511 421 1807 503 Domini,
1860 434 1939 491 ut
1998 422 2065 490 id
2118 434 2471 491 averteret.
2525 420 2861 511 Apparuit
2907 434 3143 492 autem

587 510 651 578 ei
701 516 909 579 Mater
952 509 1225 590 Christi,
1279 509 1539 591 dicens,
1582 531 1666 579 ne
1715 511 2087 598 quicquam
2128 508 2565 580 formidaret:
2620 531 2691 580 se
2738 510 2926 579 e‘nim
2980 531 3144 582 scu-

589 610 733 668 tum
778 598 1221 689 protectionis
1255 621 1422 668 suae
1471 599 1976 699 opposituram.
2023 600 2186 669 Vide
2239 611 2496 680 autem,
2554 620 2673 668 oro
2724 610 2809 679 te,
2873 602 3141 680 Lector,

587 709 725 774 quo
759 700 954 777 pacto
1003 687 1232 758 isthuc
1283 688 1694 778 impeditum
1746 687 1975 768 fuerit,
2019 700 2084 758 et
2132 687 2397 758 videbis
2446 687 2732 757 visionis
2764 686 2980 778 hujus
3017 710 3150 779 pu·

590 776 938 846 rissimam
989 777 1367 846 veritatem.
1436 777 1554 846 Vix
1608 799 1874 846 annum
1932 777 2173 846 aetatis
2220 789 2546 863 quartum
2596 790 2662 847 et
2722 776 3146 867 vigesimum

587 865 925 955 attigerat,
978 866 1257 952 quando
1306 866 1593 935 venitin
1645 866 2022 953 Aquiriam,
2076 880 2142 936 et
2191 879 2418 936 tamen
2458 865 2614 935 licet
2655 879 2888 956 postea
2935 865 3148 937 annis

585 955 1048 1056 quadraginta
1095 956 1274 1024 inter
1322 953 1592 1025 sodales
1642 954 1938 1024 Gallicas
1987 955 2250 1036 vixerit,
2283 956 2393 1023 vix
2424 967 2692 1024 tantum
2733 955 2956 1054 potuit
2986 954 3147 1042 ejus

588 1043 939 1114 idiomatis
990 1044 1399 1134 perdiscere,
1434 1053 1511 1113 ut
1539 1044 1854 1114 esuriens
1901 1043 2263 1113 commode
2316 1057 2541 1134 posset
2581 1042 2837 1113 Gallice
2889 1065 3143 1133 panem

590 1146 836 1221 petere.
893 1133 1087 1214 Quod
1146 1133 1270 1202 ubi
1339 1132 1423 1200 ad
1475 1133 1790 1202 omnium
1858 1132 2168 1202 notitiam
2225 1134 2575 1222 pervenit,
2631 1131 2970 1222 permissa
3042 1145 3148 1202 est

588 1244 842 1312 sponsa
892 1222 1139 1292 Christi
1191 1221 1260 1290 in
1313 1242 1556 1290 somno
1588 1221 2193 1311 contemplationis
2238 1223 2613 1307 quiescere.

676 1320 715 1392 ἓ
763 1314 913 1383 18.
969 1311 1383 1380 Imminente
1420 1321 1606 1400 peste
1653 1311 2056 1382 saevissima
2090 1311 2561 1401 Albigensium
2608 1310 3141 1391 haereticorum,

588 1400 991 1471 beatissima
1046 1400 1231 1490 virgo
1286 1399 1495 1468 Maria
1543 1401 1867 1489 apparuit
1913 1400 1973 1468 ei
2035 1399 2229 1470 vultu
2285 1399 2570 1490 lugubri
2617 1412 2683 1468 et
2744 1398 3137 1469 obscurato.

591 1489 1027 1579 Compatiens
1076 1502 1306 1557 autem
1342 1490 1402 1557 ei
1455 1489 1523 1556 in
1576 1489 1838 1558 visione
1888 1494 2012 1558 Lut
2064 1488 2276 1568 ardis,
2316 1511 2477 1559 cum
2531 1509 2787 1578 magno
2821 1488 3048 1557 cordis
3078 1500 3147 1558 et

586 1576 727 1646 oris
776 1578 1012 1668 rugitu
1040 1577 1380 1664 quaesivit
1414 1577 1500 1645 ab
1531 1599 1633 1657 ea,
1667 1577 2004 1665 quidnam
2089 1579 2343 1660 aberet,
2389 1591 2454 1647 et
2480 1577 2668 1646 unde
2703 1589 2935 1647 tantus
2962 1590 3145 1648 esset

588 1665 785 1735 faciei
835 1666 1055 1756 pallor
1123 1679 1188 1736 et
1235 1665 1542 1753 squallor
1588 1688 1766 1754 quae
1805 1667 2065 1754 alioqui
2116 1666 2321 1756 plena
2367 1680 2545 1736 esset
2591 1667 2821 1737 omnis
2851 1666 3136 1756 gratiae.
3247 1693 3251 1697 ·

590 1756 711 1825 Cui
774 1755 1173 1825 beatissima
1243 1757 1442 1844 Virgo
1506 1755 1901 1856 respondit:
1940 1779 1974 1820 «
2010 1761 2175 1825 Ecce
2222 1756 2308 1824 ab
2358 1755 2719 1825 haereticis
2764 1768 2831 1824 et
2878 1754 3144 1845 pseudo

590 1843 993 1915 christianis
1045 1866 1292 1914 rursus
1339 1858 1793 1934 conspuitur,
1859 1867 2104 1914 rursus
2153 1844 2589 1935 crucifigitur
2639 1844 2853 1915 Filius
2916 1865 3139 1914 meus.

592 1939 693 2003 Tu
743 1956 907 2024 ergo
947 1955 1226 2003 assume
1275 1933 1397 2001 tibi
1449 1933 1856 2015 lamentum,
1910 1947 1975 2002 et
2025 1935 2376 2023 perpetuis
2424 1945 2683 2024 septem
2723 1934 2928 2004 annis
2967 1933 3146 2022 jeju·

593 2034 776 2104 natu,
828 2035 905 2092 ut
954 2022 1266 2112 sopiatur
1313 2022 1415 2091 ira
1467 2023 1617 2092 Filii
1669 2023 1804 2092 mei
1837 2044 2013 2109 quae
2055 2024 2435 2113 generatim
2472 2024 2795 2094 universo
2830 2021 3149 2092 imminet

593 2111 767 2182 orbi.
803 2136 838 2179 »
873 2117 1111 2199 Itaque
1162 2123 1298 2180 toto
1356 2112 1717 2201 septennio
1770 2111 1900 2180 tale
1955 2110 2074 2180 illa
2123 2111 2257 2180 sibi
2311 2111 2558 2181 indixit
2617 2111 2998 2202 jejunium,
3074 2123 3150 2180 ut

593 2223 774 2291 pane
805 2214 871 2270 et
917 2200 1247 2271 cerevisia
1282 2213 1604 2272 contenta
1649 2215 1847 2271 esset.
1907 2200 2071 2270 Vide
2119 2213 2346 2270 autem
2411 2201 2659 2290 ingens
2701 2199 3144 2269 miraculum.

594 2294 807 2381 Saepe
855 2291 1296 2381 superiorum
1351 2289 1702 2360 voluntate
1733 2302 1990 2368 coacta,
2032 2290 2334 2360 tentabat
2366 2289 2628 2376 aliquid
2662 2288 3006 2379 pulmenti
3036 2310 3149 2358 ore

592 2380 896 2458 haurire,
963 2379 1079 2448 sed
1134 2377 1308 2447 nihil
1380 2379 1543 2448 inde
1595 2379 1696 2448 vel
1748 2378 1832 2447 ad
1883 2378 2077 2448 sabae
2143 2380 2359 2448 unius
2414 2378 2868 2465 quantitatem
2928 2377 3152 2467 potuit

593 2467 958 2561 deglutire.
1001 2468 1140 2538 Etsi
1192 2480 1422 2537 autem
1467 2468 1616 2559 ipsa
1666 2468 1835 2536 mira
1888 2468 2189 2554 quadam
2241 2479 2305 2538 et
2355 2466 2744 2538 incredibili
2793 2466 3150 2538 abstinen-

596 2558 691 2627 tia
742 2580 891 2627 sese
938 2557 1263 2635 afficeret,
1303 2570 1372 2627 at
1405 2569 1632 2627 tamen
1671 2557 2054 2627 laetabatur
2100 2571 2359 2628 ceteras
2407 2578 2674 2626 sorores
2704 2556 3147 2627 commodum

595 2647 847 2717 habere
894 2647 1182 2726 victum,
1228 2646 1637 2733 dicebatque
1677 2658 1892 2715 totum
1926 2669 2231 2718 mensem
2269 2647 2524 2716 rectius
2555 2668 2627 2717 se
2659 2645 2908 2725 valere,
2958 2644 3018 2715 si
3048 2644 3148 2714 vel

597 2736 806 2807 semel
862 2735 1070 2826 paulo
1120 2735 1380 2825 largior
1440 2736 1642 2806 cibus
1676 2734 1816 2804 illis
1863 2735 2225 2825 appositus
2271 2749 2470 2805 esset.
2527 2735 2796 2804 Sciebat
2850 2735 3038 2804 enim
3087 2746 3152 2803 et

592 2824 935 2896 fatebatur
985 2846 1119 2895 non
1177 2846 1375 2912 posse
1424 2823 1784 2893 omnes‘id
1824 2837 2191 2915 praestare,
2245 2825 2425 2911 quod
2483 2825 2632 2915 ipsa
2663 2823 3004 2914 singulari
3037 2823 3150 2892 be·

596 2913 845 2984 neficio
888 2936 1009 3005 pro
1055 2913 1437 2982 multorum
1491 2912 1794 2982 remedio
1856 2912 2191 2983 divinitus
2253 2914 2652 3003 accepisset.
2707 2919 2977 2996 Quanto
3025 2934 3148 2981 au·

597 3016 733 3072 tem
783 3004 1009 3093 magis
1059 3025 1188 3071 sua
1236 3002 1690 3071 continuabat
1710 3000 2000 3091 jejunia,
2043 3011 2225 3071 tanto
2255 3002 2473 3071 suitet
2509 3023 2794 3093 corpore
2820 3013 2886 3070 et
2917 3001 3150 3070 animo

591 3092 963 3162 robustior.

677 3184 715 3268 §
761 3185 905 3255 14.
962 3185 1084 3249 Per
1120 3180 1301 3248 idem
1337 3177 1475 3248 fere
1516 3190 1792 3270 tempus
1842 3180 2077 3248 Simon
2112 3178 2425 3266 quidam,
2463 3179 2566 3248 vir
2599 3178 2889 3260 nobilis,
2942 3184 3152 3250 Teuto

590 3270 890 3351 natione,
945 3267 1160 3338 literis
1212 3267 1485 3358 egregie
1555 3269 1960 3349 institutuS‚
2033 3268 2535 3338 cistertiensem
2586 3268 2914 3337 Ordinem
2964 3290 3152 3338 com-

590 3359 856 3450 plexus,
911 3357 1135 3427 Abbas
1168 3357 1607 3428 Foniacensis
1655 3357 1878 3428 factus
1907 3368 2029 3427 est.
2087 3358 2224 3427 Etsi
2273 3369 2503 3427 autem
2540 3355 2658 3427 ille
2702 3356 2989 3427 ferveret
3030 3355 3150 3427 de-

590 3447 867 3526 sideri0‚
924 3457 1152 3515 tamen
1186 3445 1522 3515 acerbiori
1552 3446 1697 3516 zelo
1759 3448 1826 3514 in
1880 3446 2196 3516 subditos
2246 3445 2741 3526 invehebatur,
2798 3459 3168 3533 morteque.

587 3539 963 3606 immatura
1009 3535 1323 3605 decessit.
1380 3535 1634 3606 Habuit
1674 3536 1733 3604 is
1771 3557 1934 3605 cum
1992 3536 2266 3616 viveret,
2327 3534 2740 3625 Lutgardem
2800 3557 2923 3624 pro
2970 3535 3148 3605 vitae

590 3624 1050 3695 sanctimonia
1080 3623 1590 3707 charissimam,
1632 3624 2071 3712 multumque
2103 3626 2164 3694 ei
2215 3646 2343 3695 sua
2374 3636 2591 3693 morte
2626 3644 3009 3693 moerorem
3051 3637 3150 3693 at-

590 3712 771 3783 tulit.
810 3713 934 3783 Sed
980 3713 1101 3783 ubi
1150 3712 1554 3783 defunctum
1595 3713 1937 3805 cognovit,
1974 3735 2132 3783 mox
2155 3713 2429 3805 jejunia
2468 3726 2535 3783 et
2566 3711 2974 3783 afflictiones
3024 3734 3148 3804 pro

588 3825 667 3872 eo
697 3802 1025 3893 suscepit,
1070 3823 1322 3893 rogans
1372 3802 1766 3882 Dominum,
1806 3814 1880 3872 ut
1913 3802 2224 3873 animam
2252 3802 2408 3891 ejus
2442 3802 2789 3872 liberaret.
2839 3805 3148 3890 Cumque

590 3891 831 3962 multis
865 3890 1187 3983 precibus
1234 3891 1301 3960 id
1354 3915 1395 3962 a
1426 3893 1714 3962 Domino
1762 3892 2224 3974 contenderet,
2271 3892 2627 3994 respondit
2665 3890 2728 3961 ei
2762 3889 3143 3963 Dominus:

587 3984 773 4050 Bono
803 3981 1038 4051 animo
1083 3993 1250 4051 esto:
1307 3993 1423 4050 tua
1461 3984 1675 4051 causa
1707 3981 2007 4071 benigne
2053 3979 2301 4051 faciam
2349 4003 2413 4050 ei
2464 4003 2588 4071 pro
2635 4002 2775 4069 quo
2837 4002 3020 4051 oras.
3074 3985 3148 4050 At

588 4068 710 4138 illa
744 4071 1218 4140 vehementius
1258 4070 1549 4151 instans,
1587 4070 1893 4140 secundo
1923 4070 2188 4140 audivit
2234 4091 2396 4140 eum
2442 4068 2841 4171 propediem
2899 4067 3147 4140 libera-

591 4171 736 4227 tum
773 4159 881 4228 iri.
943 4159 1113 4228 Dixit
1160 4181 1316 4229 vero
1347 4159 1434 4229 ad
1486 4160 1882 4229 Dominum:
1934 4183 1971 4225 «
2026 4158 2371 4246 Quicquid
2424 4158 2598 4229 mihi
2647 4159 2749 4228 vis
2809 4158 2902 4228 im
3001 4157 3147 4228 rtiri

588 4247 840 4327 solatii,
903 4248 972 4316 id
1006 4247 1107 4317 illi
1140 4249 1415 4318 animae
1449 4248 1519 4319 in
1572 4248 1974 4339 Purgatorio
2016 4247 2119 4317 lar
2171 4249 2373 4317 iaris:
2413 4270 2637 4336 neque
2667 4269 2795 4338 ego
2833 4248 2904 4317 ul
2939 4268 2980 4317 o
3029 4269 3147 4338 pa·

590 4349 702 4407 cto
749 4338 1034 4409 cessabo
1081 4360 1116 4406 a
1151 4337 1505 4427 lacrymiS,
1545 4358 1671 4407 nec
1720 4337 1858 4408 tuis
1907 4358 2116 4407 conso
2148 4337 2496 4408 ationibus
2535 4357 2846 4424 unquam
2879 4356 2989 4406 me
3036 4357 3150 4425 pa·

592 4426 724 4497 tiar
773 4426 1094 4510 recreari,
1148 4427 1285 4498 nisi
1341 4425 1541 4496 illum
1585 4426 1854 4497 videam
1907 4426 2349 4497 liberatum.»
2397 4432 2568 4497 Tum
2640 4446 2796 4495 vero
2854 4435 3150 4495 nonest
