3357 4995
269 347 493 414 JUNII
544 349 629 412 46
1060 366 1141 412 nr.
1189 367 1245 413 s.
1298 365 1542 414 ιοΑΝΝΕ
1587 365 1817 413 rame.
1872 365 2055 413 παῖε
2617 348 2747 413 405

269 450 356 520 ad
422 450 778 520 virtutem:
835 471 975 537 quo
1023 462 1322 540 peracto,
1372 450 1651 521 sedebat
1701 473 1948 520 rursus
2003 451 2074 518 in
2125 471 2320 519 sacro
2372 449 2840 540 poenitentiae

269 539 647 619 tribunali,
701 539 954 626 quoad,
1021 539 1250 609 oblato
1307 539 1583 609 divinae
1634 539 1899 610 hostiae
1966 539 2349 618 sacrificio,
2409 540 2835 609 matutinum

271 640 546 718 tempus
591 627 964 698 clauderet.
1000 628 1563 698 Pomeridianum
1599 628 2103 699 transmittebat
2132 627 2536 697 erudiendis
2570 628 2831 717 pueriS‚

268 717 632 788 visitandis
702 718 953 809 aegris,
1031 717 1463 809 pauperibus
1524 716 1996 798 sublevandiS,
2060 716 2387 786 sedandis
2439 715 2704 798 litibus,
2770 728 2835 786 et

269 806 772 877 dissidentibus
812 807 883 874 in
937 818 1256 876 mutuam
1354 807 1599 876 ratiam
1636 806 2081 878 reducendis.
2124 806 2263 875 Sub
2301 828 2657 895 vesperam
2711 806 2835 874 ite-

269 917 426 964 rum
501 895 1085 976 concionabatur,
1151 908 1556 966 conitentes
1619 895 1916 966 subinde
1977 894 2302 964 audiebat
2379 895 2467 964 ad
2541 893 2833 963 multam

269 995 567 1066 noctem,
626 984 797 1054 adeo
844 996 921 1053 ut
970 1007 1174 1075 saepe
1222 984 1450 1054 adhuc
1472 985 1798 1074 jejunum
1849 1007 1890 1053 a
1937 1007 2132 1054 sacro
2184 983 2517 1054 tribunali
2554 984 2837 1073 parochi

271 1072 373 1142 vel
428 1074 670 1164 populi
711 1072 1091 1162 ipsi’veluti
1128 1096 1248 1162 per
1283 1074 1419 1140 vim
1455 1073 1849 1143 avellerent.
2777 1108 2794 1114 ‚

362 1166 397 1249 ξ
447 1166 581 1233 18.
639 1168 874 1230 Sermo
906 1174 970 1230 et
1011 1163 1430 1252 praedicatio
1463 1164 1613 1251 ejus
1648 1188 1777 1231 non
1812 1166 1879 1231 in
1901 1164 2460 1252 persnas{bilibus
2498 1163 2837 1231 humanae

267 1254 648 1343 sapienciae
680 1254 919 1332 verbis,
975 1254 1091 1320 sed
1140 1255 1209 1320 ιή
1241 1255 1607 1321 ostensione
1653 1254 1937 1342 spiritus
1971 1263 2033 1319 et
2085 1253 2353 1319 virtutis
2383 1253 2479 1340 (l.
2538 1256 2682 1320 Cor.
2725 1251 2829 1349 ῃ).

270 1346 441 1411 Nam
484 1339 780 1429 simplex
827 1339 1134 1427 quidem,
1200 1341 1549 1430 incompta
1598 1354 1663 1410 et
1723 1341 2080 1431 popularis
2136 1344 2376 1420 orati0‚
2439 1339 2557 1408 sed
2610 1340 2835 1408 verbis

270 1431 495 1498 inerat
523 1428 870 1515 quaedam
903 1429 1170 1499 occulta
1197 1429 1300 1498 vis
1338 1442 1404 1498 et
1433 1429 1748 1500 coelestis
1781 1431 2042 1520 gratiae
2067 1430 2287 1500 virtus
2326 1449 2503 1515 quae
2543 1429 2835 1498 audien-

272 1519 448 1587 tium
493 1518 701 1587 corda
760 1518 1182 1608 penetrabat,
1235 1530 1301 1588 et
1351 1540 1594 1589 eorum
1648 1533 1911 1588 mentes
1974 1531 2180 1605 atque
2234 1519 2508 1588 animos
2559 1518 2699 1587 sive
2747 1519 2836 1588 ad

268 1607 687 1696 fugiendum
740 1608 1008 1685 vitium,
1054 1607 1196 1676 sive
1245 1607 1330 1676 ad
1382 1607 1938 1697 amplectendam
1977 1609 2298 1676 virtutem
2342 1606 2542 1676 facile
2591 1606 2837 1697 impel-

270 1696 476 1767 lebat.
530 1696 905 1766 Accedebat
943 1696 1120 1766 actio
1170 1697 1321 1785 ipsa
1369 1697 1740 1767 vehemens
1779 1708 1843 1766 et
1890 1696 2034 1766 zelo
2074 1697 2190 1765 Dei
2224 1698 2531 1774 incensa,
2573 1717 2838 1783 voxque

273 1786 449 1854 mire
479 1785 566 1853 ad
602 1785 1019 1854 movendum
1069 1784 1332 1866 efficax,
1369 1785 1638 1855 ardoris
1671 1807 1922 1873 nempe
1953 1797 2018 1853 et
2066 1786 2425 1855 suavitatis
2458 1784 2684 1875 plena,
2741 1797 2829 1866 et,

270 1874 457 1961 quod
510 1873 712 1964 longe
763 1875 989 1965 majus
1035 1885 1161 1954 est,
1198 1886 1524 1945 constans
1571 1887 1776 1961 atque
1825 1874 2030 1943 firma
2078 1874 2265 1964 apud
2316 1896 2558 1944 ornnes
2598 1873 2835 1962 opinio

269 1984 492 2043 verae,
528 1985 663 2031 non
691 1962 1144 2033 adumbratae
1180 1964 1474 2043 virtutis,
1530 1963 1645 2032 cui
1695 1964 2204 2054 respondebant
2241 1963 2522 2032 habitus
2570 1964 2714 2032 oris
2746 1964 2836 2033 ad

272 2051 684 2120 modestiam
736 2064 801 2122 et
849 2052 1311 2122 humilitatem
1376 2054 1825 2143 compositus,
1881 2067 2118 2121 sancta
2155 2053 2304 2123 sine
2349 2053 2507 2122 luco
2557 2052 2830 2141 simpli-

273 2141 446 2210 citas
497 2140 984 2229 poenitentiam
1049 2141 1519 2232 praeseferens
1572 2154 1638 2211 et
1703 2154 2202 2232 paupertatem,
2256 2142 2493 2210 omnia
2542 2140 2837 2211 demum

271 2228 633 2299 coelestem
665 2230 1041 2316 quamdam
1081 2231 1416 2321 spirantia
1448 2232 1905 2310 sanctitatem,
1936 2253 2114 2317 quae
2148 2243 2433 2318 aspectu
2470 2231 2622 2320 ipso
2646 2251 2839 2298 com-

277 2316 645 2387 movebant
678 2319 974 2400 animoS,
1010 2330 1074 2387 et
1120 2318 1206 2388 ad
1250 2321 1365 2389 Dei
1415 2342 1719 2389 amorem
1773 2319 2156 2409 rapiebant.
2196 2320 2370 2387 Hinc
2404 2316 2836 2387 incredibilis

278 2404 488 2474 fiebat
536 2404 621 2474 ad
656 2428 813 2476 eum
847 2407 1414 2488 auscultandum,
1474 2409 1615 2477 sive
1661 2431 1742 2478 ex
1775 2429 1994 2495 aequo
2043 2408 2185 2476 sive
2214 2430 2251 2476 e
2282 2409 2641 2497 superiore
2688 2406 2838 2476 loco

270 2493 357 2563 de
403 2495 608 2567 rebus
641 2495 897 2567 divinis
928 2496 1314 2579 dissereret,
1354 2497 1717 2567 hominum
1753 2519 2140 2568 concursus
2188 2497 2499 2586 cujusvis
2535 2495 2832 2585 generiS,

270 2584 586 2673 cujusvis
619 2585 1059 2667 conditioniS,
1110 2587 1422 2677 cujusvis
1453 2588 1719 2668 aetatiS,
1768 2587 2041 2677 ipsique
2090 2585 2260 2654 adeo
2296 2584 2649 2664 haeretici,
2708 2585 2838 2653 vir-

274 2674 441 2742 tutis
471 2673 931 2744 admiratione
974 2676 1183 2765 capti,
1222 2675 1722 2745 catholicorum
1755 2675 2072 2745 ardorem
2120 2673 2424 2762 quodam
2467 2673 2677 2743 modo
2724 2695 2837 2742 ae-

271 2761 530 2832 mulari
572 2778 639 2833 et
666 2764 940 2833 vincere
964 2763 1322 2833 certabant
1346 2764 1401 2833 ⁸.

359 2854 396 2938 ξ
442 2855 596 2924 19.
652 2851 940 2922 Difficile
986 2865 1090 2922 est
1137 2853 1502 2931 hominum
1533 2853 1708 2922 inire
1739 2874 2138 2933 numerum,
2173 2874 2349 2939 quos
2381 2851 2481 2921 vel
2519 2852 2606 2921 ab
2639 2852 2833 2931 omni

272 2962 523 3030 genere
570 2941 992 3032 flagitiorum
1036 2941 1122 3010 ad
1165 2942 1415 3012 bonam
1453 2942 1723 3032 frugem
1777 2942 2048 3011 reduxit
2094 2953 2160 3011 et
2210 2943 2277 3010 in
2329 2944 2411 3010 ea
2457 2941 2832 3010 confirma-

272 3030 386 3110 vit,
444 3030 540 3098 vel
594 3029 681 3100 ab
739 3029 1007 3100 haeresi
1054 3030 1140 3100 ad
1197 3030 1539 3101 Ecclesiae
1586 3031 1967 3101 catholicae
2016 3030 2248 3101 sinum
2316 3030 2695 3109 revocavit;
2767 3041 2833 3099 et

270 3118 454 3205 quod
511 3118 904 3188 mirabilius
949 3133 1073 3199 est,
1101 3120 1363 3277 (plures
1418 3120 1794 3189 catholicos
1852 3119 2186 3189 adversus
2252 3121 2484 3209 ipsum
2531 3119 2833 3209 pessime

272 3208 616 3277 animatos
664 3221 730 3277 et
778 3208 1010 3278 hostili
1059 3230 1099 3277 o
1154 3209 1217 3277 io
1265 3211 1611 3288 incensos,
1657 3209 2032 3299 pluresque
2079 3209 2509 3278 calvinianos
2559 3209 2625 3277 in
2681 3208 2833 3277 suis

269 3296 629 3367 erroribus
677 3298 1088 3388 pertinaces,
1141 3309 1207 3367 et
1252 3320 1552 3385 quorum
1585 3298 2105 3367 conversionem
2142 3298 2396 3367 frustra
2427 3297 2547 3366 alii
2593 3296 2832 3365 catho-

271 3383 389 3453 lici
440 3385 787 3475 dogmatis
826 3385 1140 3456 doctores
1169 3388 1479 3478 aggressi
1530 3388 1825 3468 fuerant,
1875 3388 2121 3478 paucis
2151 3389 2297 3488 ipse
2328 3386 2580 3465 verbis,
2618 3385 2832 3453 scele-

269 3473 488 3554 ribuS,
559 3474 1052 3562 erroribusque
1106 3489 1404 3566 ereptos,
1472 3477 1893 3547 christianae
1965 3476 2243 3554 virtuti,
2316 3474 2832 3561 catholicaeque

268 3563 537 3632 veritati
600 3564 920 3633 restituit.
988 3569 1225 3651 Itaque
1274 3565 1701 3652 ubicumque
1771 3564 2154 3654 evangelici
2203 3564 2492 3634 seminis
2555 3563 2829 3633 serendi

269 3656 481 3721 causa
532 3673 654 3742 per
714 3651 992 3739 aliquod
1058 3665 1332 3744 tempus
1391 3653 1692 3743 degerat,
1762 3652 2370 3743 conspiciebantur
2431 3675 2584 3723 com
2645 3674 2833 3722 ressa

270 3739 454 3820 odia,
509 3742 808 3810 extincta
854 3740 1169 3823 dissidia,
1234 3742 1524 3832 expulsa
1572 3743 1916 3832 impietas,
1971 3740 2310 3811 debellata
2360 3743 2558 3832 impu
2615 3741 2823 3821 icitia,

271 3828 575 3928 haeresis
610 3828 991 3899 multorum
1042 3830 1297 3901 animis
1329 3832 1589 3911 evulsa,
1648 3831 2140 3920 perditissimis
2168 3830 2375 3899 etiam
2414 3830 2831 3901 mulieribus

273 3918 653 4009 1nspiratus
703 3941 899 3988 amor
946 3920 1300 3999 castitatiS,
1347 3921 1701 3990 restitutus
1749 3932 2339 3990 sacramentorum
2392 3941 2587 3999 usuS,
2630 3919 2831 4009 pueri

268 4021 335 4075 et
383 4008 663 4097 majoris
706 4010 947 4077 aetatis
986 4008 1304 4078 homines
1356 4008 1424 4077 in
1486 4008 1867 4078 christiana
1927 4008 2238 4078 doctrina
2289 4008 2417 4077 rite
2479 4008 2824 4087 instituti,

271 4116 497 4164 mores
545 4097 860 4166 omnium
892 4097 1265 4177 immutati,
1318 4109 1384 4166 et
1431 4098 1517 4166 ad
1558 4097 1977 4167 christianae
2016 4098 2286 4187 pietatis
2337 4097 2613 4188 regulas
2660 4119 2832 4167 con-

272 4181 579 4257 formati:
620 4185 791 4254 tales
821 4199 1018 4255 erant
1062 4186 1214 4277 ejus
1263 4185 1579 4256 laborum
1619 4199 1685 4256 et
1731 4187 2091 4277 apostolici
2135 4186 2262 4255 zeli
2314 4186 2604 4267 fructuS,
2662 4185 2828 4255 talia

267 4269 419 4360 ejus
458 4273 843 4344 sanctitatis
880 4287 946 4344 et
982 4274 1416 4366 evangelicae
1447 4274 1980 4366 praedicationis
2014 4276 2308 4346 illustria
2339 4288 2820 4345 monumenta.

357 4362 394 4447 ξ
446 4365 614 4434 21).
673 4367 880 4433 Sacro
929 4375 1159 4433 autem
1204 4364 1387 4433 verbi
1433 4364 1816 4435 ministerio
1864 4364 2169 4456 primum
2225 4386 2345 4455 per
2382 4364 2644 4452 aliquot
2672 4363 2830 4431 dies

319 4488 346 4516 2'
372 4488 631 4539 apostolici
649 4487 836 4532 labores
853 4490 1043 4533 heroice
1065 4491 1113 4533 et
1131 4492 1253 4533 miro
1271 4492 1536 4534 animarum
1556 4492 1717 4534 fructu
1737 4493 1986 4537 exantltm
2013 4492 2121 4533 vide
2142 4496 2187 4532 et
2210 4501 2340 4543 seqq.
2361 4491 2419 4543 ἐξ.
