<?xml version="1.0" encoding="UTF-8"?>
<!DOCTYPE html PUBLIC "-//W3C//DTD XHTML 1.0 Transitional//EN"
    "http://www.w3.org/TR/xhtml1/DTD/xhtml1-transitional.dtd">
<html xmlns="http://www.w3.org/1999/xhtml" xml:lang="en" lang="en">
 <head>
  <title>
</title>
<meta http-equiv="Content-Type" content="text/html;charset=utf-8" />
  <meta name='ocr-system' content='tesseract 3.04.00' />
  <meta name='ocr-capabilities' content='ocr_page ocr_carea ocr_par ocr_line ocrx_word'/>
</head>
<body>
  <div class='ocr_page' id='page_1' title='image "./historiaeseuvit02lippgoog_0416.png"; bbox 0 0 3357 4995; ppageno 0'>
   <div class='ocr_carea' id='block_1_1' title="bbox 637 197 3116 308">
    <p class='ocr_par' dir='ltr' id='par_1_1' title="bbox 637 197 3116 308">
     <span class='ocr_line' id='line_1_1' title="bbox 637 197 3116 308; baseline 0 -1"><span class='ocrx_word' id='word_1_1' title='bbox 637 244 766 308; x_wconf 73' lang='lat'>400</span> <span class='ocrx_word' id='word_1_2' title='bbox 1292 197 1407 307; x_wconf 46' lang='grc' dir='ltr'>’ως</span> <span class='ocrx_word' id='word_1_3' title='bbox 1456 261 1512 307; x_wconf 88' lang='lat' dir='ltr'>s.</span> <span class='ocrx_word' id='word_1_4' title='bbox 1563 260 1806 308; x_wconf 67' lang='lat' dir='ltr'>sommi</span> <span class='ocrx_word' id='word_1_5' title='bbox 1854 259 2079 308; x_wconf 67' lang='lat' dir='ltr'>rame.</span> <span class='ocrx_word' id='word_1_6' title='bbox 2136 259 2315 307; x_wconf 75' lang='lat' dir='ltr'>nssffls</span> <span class='ocrx_word' id='word_1_7' title='bbox 2756 244 2793 306; x_wconf 84' lang='lat' dir='ltr'>J</span> <span class='ocrx_word' id='word_1_8' title='bbox 2807 242 2978 308; x_wconf 80' lang='lat' dir='ltr'><strong>UNII</strong></span> <span class='ocrx_word' id='word_1_9' title='bbox 3033 245 3116 307; x_wconf 77' lang='grc'>16</span> 
     </span>
    </p>
   </div>
   <div class='ocr_carea' id='block_1_2' title="bbox 476 343 3184 4338">
    <p class='ocr_par' dir='ltr' id='par_1_2' title="bbox 476 343 3184 3185">
     <span class='ocr_line' id='line_1_2' title="bbox 553 343 3116 501; baseline 0 -88"><span class='ocrx_word' id='word_1_10' title='bbox 553 343 954 413; x_wconf 90' lang='lat' dir='ltr'>hominibus</span> <span class='ocrx_word' id='word_1_11' title='bbox 1004 344 1382 433; x_wconf 80' lang='lat' dir='ltr'>imaginem</span> <span class='ocrx_word' id='word_1_12' title='bbox 1413 367 1552 431; x_wconf 90' lang='lat' dir='ltr'>qua</span> <span class='ocrx_word' id='word_1_13' title='bbox 1584 346 1671 414; x_wconf 90' lang='lat' dir='ltr'>ad</span> <span class='ocrx_word' id='word_1_14' title='bbox 1710 347 1825 414; x_wconf 88' lang='lat' dir='ltr'>Dei</span> <span class='ocrx_word' id='word_1_15' title='bbox 1874 344 2401 416; x_wconf 85' lang='lat' dir='ltr'>similitudinem</span> <span class='ocrx_word' id='word_1_16' title='bbox 2433 343 2590 412; x_wconf 88' lang='lat' dir='ltr'>facti</span> <span class='ocrx_word' id='word_1_17' title='bbox 2626 356 2814 424; x_wconf 91' lang='lat' dir='ltr'>sunt,</span> <span class='ocrx_word' id='word_1_18' title='bbox 2854 357 2920 413; x_wconf 89' lang='lat' dir='ltr'>et</span> <span class='ocrx_word' id='word_1_19' title='bbox 2938 367 3116 501; x_wconf 52' lang='lat' dir='ltr'>(pre-</span> 
     </span>
     <span class='ocr_line' id='line_1_3' title="bbox 556 433 3117 523; baseline 0 -22"><span class='ocrx_word' id='word_1_20' title='bbox 556 434 725 501; x_wconf 89' lang='lat' dir='ltr'>tium</span> <span class='ocrx_word' id='word_1_21' title='bbox 782 454 1117 521; x_wconf 87' lang='lat' dir='ltr'>magnum</span> <span class='ocrx_word' id='word_1_22' title='bbox 1165 453 1302 519; x_wconf 90' lang='lat' dir='ltr'>quo</span> <span class='ocrx_word' id='word_1_23' title='bbox 1354 433 1689 523; x_wconf 79' lang='lat' dir='ltr'>redempti</span> <span class='ocrx_word' id='word_1_24' title='bbox 1741 446 1942 513; x_wconf 88' lang='lat' dir='ltr'>sunt,</span> <span class='ocrx_word' id='word_1_25' title='bbox 2003 456 2137 502; x_wconf 88' lang='lat' dir='ltr'>non</span> <span class='ocrx_word' id='word_1_26' title='bbox 2190 445 2419 502; x_wconf 92' lang='lat' dir='ltr'>autem</span> <span class='ocrx_word' id='word_1_27' title='bbox 2483 433 2776 502; x_wconf 87' lang='lat' dir='ltr'>bonores</span> <span class='ocrx_word' id='word_1_28' title='bbox 2824 448 2890 501; x_wconf 84' lang='lat' dir='ltr'>et</span> <span class='ocrx_word' id='word_1_29' title='bbox 2991 435 3117 502; x_wconf 86' lang='lat' dir='ltr'>ivi-</span> 
     </span>
     <span class='ocr_line' id='line_1_4' title="bbox 554 521 3115 611; baseline 0.001 -21"><span class='ocrx_word' id='word_1_30' title='bbox 554 521 683 590; x_wconf 91' lang='lat' dir='ltr'>tias</span> <span class='ocrx_word' id='word_1_31' title='bbox 713 535 777 590; x_wconf 90' lang='lat' dir='ltr'>et</span> <span class='ocrx_word' id='word_1_32' title='bbox 811 543 1100 610; x_wconf 89' lang='lat' dir='ltr'>pompas</span> <span class='ocrx_word' id='word_1_33' title='bbox 1140 534 1207 590; x_wconf 90' lang='lat' dir='ltr'>et</span> <span class='ocrx_word' id='word_1_34' title='bbox 1251 522 1621 591; x_wconf 86' lang='lat' dir='ltr'>vanitatem</span> <span class='ocrx_word' id='word_1_35' title='bbox 1657 523 1895 592; x_wconf 91' lang='lat' dir='ltr'>seculi.</span> <span class='ocrx_word' id='word_1_36' title='bbox 1956 521 2226 591; x_wconf 88' lang='lat' dir='ltr'>Intimis</span> <span class='ocrx_word' id='word_1_37' title='bbox 2265 522 2480 611; x_wconf 87' lang='lat' dir='ltr'>igitur</span> <span class='ocrx_word' id='word_1_38' title='bbox 2519 522 2739 590; x_wconf 90' lang='lat' dir='ltr'>animi</span> <span class='ocrx_word' id='word_1_39' title='bbox 2779 523 3115 592; x_wconf 76' lang='lat' dir='ltr'>sensibus</span> 
     </span>
     <span class='ocr_line' id='line_1_5' title="bbox 548 610 3105 700; baseline 0.001 -22"><span class='ocrx_word' id='word_1_40' title='bbox 548 622 613 678; x_wconf 79' lang='lat' dir='ltr'>et</span> <span class='ocrx_word' id='word_1_41' title='bbox 646 610 802 679; x_wconf 91' lang='lat' dir='ltr'>totis</span> <span class='ocrx_word' id='word_1_42' title='bbox 835 610 1190 680; x_wconf 85' lang='lat' dir='ltr'>charitatis</span> <span class='ocrx_word' id='word_1_43' title='bbox 1240 611 1642 690; x_wconf 81' lang='lat' dir='ltr'>visceribuS,</span> <span class='ocrx_word' id='word_1_44' title='bbox 1684 634 1844 680; x_wconf 91' lang='lat' dir='ltr'>cum</span> <span class='ocrx_word' id='word_1_45' title='bbox 1899 632 2280 700; x_wconf 83' lang='lat' dir='ltr'>pauperum</span> <span class='ocrx_word' id='word_1_46' title='bbox 2339 610 2701 698; x_wconf 88' lang='lat' dir='ltr'>angustias</span> <span class='ocrx_word' id='word_1_47' title='bbox 2749 624 3105 694; x_wconf 78' lang='lat' dir='ltr'>cerneret,</span> 
     </span>
     <span class='ocr_line' id='line_1_6' title="bbox 548 697 3114 789; baseline 0.001 -23"><span class='ocrx_word' id='word_1_48' title='bbox 548 699 1130 767; x_wconf 79' lang='lat' dir='ltr'>commovebatur.</span> <span class='ocrx_word' id='word_1_49' title='bbox 1170 697 1448 769; x_wconf 85' lang='lat' dir='ltr'>Nullum</span> <span class='ocrx_word' id='word_1_50' title='bbox 1487 721 1709 789; x_wconf 88' lang='lat' dir='ltr'>genus</span> <span class='ocrx_word' id='word_1_51' title='bbox 1737 712 1880 769; x_wconf 88' lang='lat' dir='ltr'>erat</span> <span class='ocrx_word' id='word_1_52' title='bbox 1927 699 2340 769; x_wconf 77' lang='lat' dir='ltr'>calamitatis</span> <span class='ocrx_word' id='word_1_53' title='bbox 2369 753 2386 777; x_wconf 93' lang='lat'>,</span> <span class='ocrx_word' id='word_1_54' title='bbox 2443 699 2623 784; x_wconf 88' lang='lat' dir='ltr'>quod</span> <span class='ocrx_word' id='word_1_55' title='bbox 2680 721 2814 768; x_wconf 89' lang='lat' dir='ltr'>non</span> <span class='ocrx_word' id='word_1_56' title='bbox 2880 700 3114 769; x_wconf 88' lang='lat' dir='ltr'>suble-</span> 
     </span>
     <span class='ocr_line' id='line_1_7' title="bbox 547 786 3107 877; baseline 0.001 -23"><span class='ocrx_word' id='word_1_57' title='bbox 547 797 756 865; x_wconf 88' lang='lat' dir='ltr'>varet;</span> <span class='ocrx_word' id='word_1_58' title='bbox 805 786 1040 856; x_wconf 90' lang='lat' dir='ltr'>nullus</span> <span class='ocrx_word' id='word_1_59' title='bbox 1070 809 1296 877; x_wconf 81' lang='lat' dir='ltr'>aeger,</span> <span class='ocrx_word' id='word_1_60' title='bbox 1341 789 1451 857; x_wconf 89' lang='lat' dir='ltr'>cui</span> <span class='ocrx_word' id='word_1_61' title='bbox 1498 809 1634 857; x_wconf 89' lang='lat' dir='ltr'>non</span> <span class='ocrx_word' id='word_1_62' title='bbox 1687 800 2139 865; x_wconf 89' lang='lat' dir='ltr'>succurreret;</span> <span class='ocrx_word' id='word_1_63' title='bbox 2178 786 2416 856; x_wconf 85' lang='lat' dir='ltr'>nullus</span> <span class='ocrx_word' id='word_1_64' title='bbox 2468 788 2701 868; x_wconf 86' lang='lat' dir='ltr'>miser,</span> <span class='ocrx_word' id='word_1_65' title='bbox 2743 788 2858 856; x_wconf 89' lang='lat' dir='ltr'>cui</span> <span class='ocrx_word' id='word_1_66' title='bbox 2902 810 3107 876; x_wconf 87' lang='lat' dir='ltr'>opem</span> 
     </span>
     <span class='ocr_line' id='line_1_8' title="bbox 548 875 3106 965; baseline 0 -22"><span class='ocrx_word' id='word_1_67' title='bbox 548 897 684 944; x_wconf 90' lang='lat' dir='ltr'>non</span> <span class='ocrx_word' id='word_1_68' title='bbox 736 875 983 946; x_wconf 87' lang='lat' dir='ltr'>ferret:</span> <span class='ocrx_word' id='word_1_69' title='bbox 1050 876 1223 945; x_wconf 91' lang='lat' dir='ltr'>alios</span> <span class='ocrx_word' id='word_1_70' title='bbox 1287 877 1509 946; x_wconf 87' lang='lat' dir='ltr'>verbis</span> <span class='ocrx_word' id='word_1_71' title='bbox 1555 877 2081 956; x_wconf 76' lang='lat' dir='ltr'>consolabatur,</span> <span class='ocrx_word' id='word_1_72' title='bbox 2138 877 2294 946; x_wconf 90' lang='lat' dir='ltr'>aliis</span> <span class='ocrx_word' id='word_1_73' title='bbox 2356 898 2560 965; x_wconf 85' lang='lat' dir='ltr'>opere</span> <span class='ocrx_word' id='word_1_74' title='bbox 2627 876 3106 946; x_wconf 77' lang='lat' dir='ltr'>subveniebat.</span> 
     </span>
     <span class='ocr_line' id='line_1_9' title="bbox 548 964 3138 1053; baseline 0.001 -21"><span class='ocrx_word' id='word_1_75' title='bbox 548 964 670 1033; x_wconf 91' lang='lat' dir='ltr'>His</span> <span class='ocrx_word' id='word_1_76' title='bbox 720 978 956 1034; x_wconf 90' lang='lat' dir='ltr'>natum</span> <span class='ocrx_word' id='word_1_77' title='bbox 1008 977 1210 1051; x_wconf 88' lang='lat' dir='ltr'>atque</span> <span class='ocrx_word' id='word_1_78' title='bbox 1258 964 1716 1034; x_wconf 89' lang='lat' dir='ltr'>inserviendis</span> <span class='ocrx_word' id='word_1_79' title='bbox 1743 965 2099 1034; x_wconf 90' lang='lat' dir='ltr'>addictum</span> <span class='ocrx_word' id='word_1_80' title='bbox 2149 987 2221 1033; x_wconf 90' lang='lat' dir='ltr'>se</span> <span class='ocrx_word' id='word_1_81' title='bbox 2273 966 2579 1053; x_wconf 86' lang='lat' dir='ltr'>putabat,</span> <span class='ocrx_word' id='word_1_82' title='bbox 2613 966 2724 1033; x_wconf 90' lang='lat' dir='ltr'>his</span> <span class='ocrx_word' id='word_1_83' title='bbox 2774 966 3138 1035; x_wconf 89' lang='lat' dir='ltr'>diurnam·</span> 
     </span>
     <span class='ocr_line' id='line_1_10' title="bbox 550 1054 3108 1144; baseline 0.002 -24"><span class='ocrx_word' id='word_1_84' title='bbox 550 1065 1106 1140; x_wconf 81' lang='lat' dir='ltr'>nocturnamque</span> <span class='ocrx_word' id='word_1_85' title='bbox 1138 1075 1418 1143; x_wconf 86' lang='lat' dir='ltr'>operam</span> <span class='ocrx_word' id='word_1_86' title='bbox 1449 1055 1517 1121; x_wconf 87' lang='lat' dir='ltr'>in</span> <span class='ocrx_word' id='word_1_87' title='bbox 1546 1054 1939 1144; x_wconf 88' lang='lat' dir='ltr'>ergastulis,</span> <span class='ocrx_word' id='word_1_88' title='bbox 1982 1054 2047 1121; x_wconf 87' lang='lat' dir='ltr'>in</span> <span class='ocrx_word' id='word_1_89' title='bbox 2087 1054 2526 1133; x_wconf 87' lang='lat' dir='ltr'>nosocomiis,</span> <span class='ocrx_word' id='word_1_90' title='bbox 2564 1055 2632 1121; x_wconf 90' lang='lat' dir='ltr'>in</span> <span class='ocrx_word' id='word_1_91' title='bbox 2661 1076 2902 1123; x_wconf 89' lang='lat' dir='ltr'>eorum</span> <span class='ocrx_word' id='word_1_92' title='bbox 2928 1055 3108 1124; x_wconf 89' lang='lat' dir='ltr'>casis</span> 
     </span>
     <span class='ocr_line' id='line_1_11' title="bbox 548 1142 3105 1232; baseline 0.001 -22"><span class='ocrx_word' id='word_1_93' title='bbox 548 1142 985 1231; x_wconf 85' lang='lat' dir='ltr'>praestabat:</span> <span class='ocrx_word' id='word_1_94' title='bbox 1041 1142 1215 1212; x_wconf 91' lang='lat' dir='ltr'>duos</span> <span class='ocrx_word' id='word_1_95' title='bbox 1267 1143 1663 1231; x_wconf 86' lang='lat' dir='ltr'>praesertim</span> <span class='ocrx_word' id='word_1_96' title='bbox 1722 1157 2054 1232; x_wconf 77' lang='lat' dir='ltr'>aegrot05‚</span> <span class='ocrx_word' id='word_1_97' title='bbox 2101 1165 2225 1211; x_wconf 89' lang='lat' dir='ltr'>seu</span> <span class='ocrx_word' id='word_1_98' title='bbox 2321 1143 2500 1211; x_wconf 89' lang='lat' dir='ltr'>otius</span> <span class='ocrx_word' id='word_1_99' title='bbox 2551 1143 2922 1212; x_wconf 83' lang='lat' dir='ltr'>hominum</span> <span class='ocrx_word' id='word_1_100' title='bbox 2994 1166 3105 1214; x_wconf 89' lang='lat' dir='ltr'>ca-</span> 
     </span>
     <span class='ocr_line' id='line_1_12' title="bbox 547 1230 3108 1317; baseline 0.001 -18"><span class='ocrx_word' id='word_1_101' title='bbox 547 1231 819 1311; x_wconf 87' lang='lat' dir='ltr'>davera,</span> <span class='ocrx_word' id='word_1_102' title='bbox 857 1251 1035 1317; x_wconf 88' lang='lat' dir='ltr'>quae</span> <span class='ocrx_word' id='word_1_103' title='bbox 1067 1230 1382 1301; x_wconf 82' lang='lat' dir='ltr'>foeditate</span> <span class='ocrx_word' id='word_1_104' title='bbox 1427 1231 1646 1300; x_wconf 91' lang='lat' dir='ltr'>morbi</span> <span class='ocrx_word' id='word_1_105' title='bbox 1673 1245 1738 1299; x_wconf 90' lang='lat' dir='ltr'>et</span> <span class='ocrx_word' id='word_1_106' title='bbox 1774 1232 2163 1300; x_wconf 88' lang='lat' dir='ltr'>maleolenti</span> <span class='ocrx_word' id='word_1_107' title='bbox 2210 1253 2248 1298; x_wconf 95' lang='lat' dir='ltr'>o</span> <span class='ocrx_word' id='word_1_108' title='bbox 2301 1253 2416 1300; x_wconf 85' lang='lat' dir='ltr'>ore</span> <span class='ocrx_word' id='word_1_109' title='bbox 2446 1252 2688 1300; x_wconf 91' lang='lat' dir='ltr'>omnes</span> <span class='ocrx_word' id='word_1_110' title='bbox 2722 1255 2762 1299; x_wconf 92' lang='lat' dir='ltr'>a</span> <span class='ocrx_word' id='word_1_111' title='bbox 2813 1254 2887 1300; x_wconf 91' lang='lat' dir='ltr'>se</span> <span class='ocrx_word' id='word_1_112' title='bbox 2914 1255 3108 1301; x_wconf 88' lang='lat' dir='ltr'>aver-</span> 
     </span>
     <span class='ocr_line' id='line_1_13' title="bbox 548 1319 3105 1409; baseline -0 -20"><span class='ocrx_word' id='word_1_113' title='bbox 548 1333 791 1399; x_wconf 77' lang='lat' dir='ltr'>terant,</span> <span class='ocrx_word' id='word_1_114' title='bbox 844 1320 993 1408; x_wconf 87' lang='lat' dir='ltr'>ipse</span> <span class='ocrx_word' id='word_1_115' title='bbox 1030 1320 1262 1399; x_wconf 89' lang='lat' dir='ltr'>adivit,</span> <span class='ocrx_word' id='word_1_116' title='bbox 1320 1319 1578 1390; x_wconf 87' lang='lat' dir='ltr'>solatus</span> <span class='ocrx_word' id='word_1_117' title='bbox 1623 1334 1748 1399; x_wconf 90' lang='lat' dir='ltr'>est,</span> <span class='ocrx_word' id='word_1_118' title='bbox 1805 1331 1870 1388; x_wconf 86' lang='lat' dir='ltr'>et</span> <span class='ocrx_word' id='word_1_119' title='bbox 1916 1321 2104 1388; x_wconf 86' lang='lat' dir='ltr'>omni</span> <span class='ocrx_word' id='word_1_120' title='bbox 2154 1320 2540 1389; x_wconf 83' lang='lat' dir='ltr'>officiorum</span> <span class='ocrx_word' id='word_1_121' title='bbox 2591 1342 2842 1409; x_wconf 85' lang='lat' dir='ltr'>genere</span> <span class='ocrx_word' id='word_1_122' title='bbox 2894 1321 3105 1389; x_wconf 86' lang='lat' dir='ltr'>fovit:</span> 
     </span>
     <span class='ocr_line' id='line_1_14' title="bbox 552 1407 3106 1499; baseline 0 -22"><span class='ocrx_word' id='word_1_123' title='bbox 552 1408 882 1478; x_wconf 89' lang='lat' dir='ltr'>miracula</span> <span class='ocrx_word' id='word_1_124' title='bbox 944 1419 1008 1476; x_wconf 89' lang='lat' dir='ltr'>et</span> <span class='ocrx_word' id='word_1_125' title='bbox 1058 1408 1369 1498; x_wconf 90' lang='lat' dir='ltr'>prodigia</span> <span class='ocrx_word' id='word_1_126' title='bbox 1418 1407 1555 1477; x_wconf 90' lang='lat' dir='ltr'>fere</span> <span class='ocrx_word' id='word_1_127' title='bbox 1628 1431 1763 1477; x_wconf 86' lang='lat' dir='ltr'>non</span> <span class='ocrx_word' id='word_1_128' title='bbox 1817 1410 1883 1476; x_wconf 88' lang='lat' dir='ltr'>in</span> <span class='ocrx_word' id='word_1_129' title='bbox 1945 1409 2239 1478; x_wconf 87' lang='lat' dir='ltr'>aliorum</span> <span class='ocrx_word' id='word_1_130' title='bbox 2297 1431 2506 1495; x_wconf 91' lang='lat' dir='ltr'>quam</span> <span class='ocrx_word' id='word_1_131' title='bbox 2559 1409 2627 1475; x_wconf 90' lang='lat' dir='ltr'>in</span> <span class='ocrx_word' id='word_1_132' title='bbox 2709 1432 3106 1499; x_wconf 88' lang='lat' dir='ltr'>pauperum</span> 
     </span>
     <span class='ocr_line' id='line_1_15' title="bbox 552 1496 2775 1587; baseline 0 -23"><span class='ocrx_word' id='word_1_133' title='bbox 552 1497 845 1587; x_wconf 85' lang='lat' dir='ltr'>gratiam</span> <span class='ocrx_word' id='word_1_134' title='bbox 874 1508 1079 1583; x_wconf 90' lang='lat' dir='ltr'>atque</span> <span class='ocrx_word' id='word_1_135' title='bbox 1126 1497 1195 1565; x_wconf 92' lang='lat' dir='ltr'>in</span> <span class='ocrx_word' id='word_1_136' title='bbox 1249 1498 1658 1567; x_wconf 85' lang='lat' dir='ltr'>miserorum</span> <span class='ocrx_word' id='word_1_137' title='bbox 1710 1499 2044 1566; x_wconf 89' lang='lat' dir='ltr'>auxilium</span> <span class='ocrx_word' id='word_1_138' title='bbox 2086 1511 2352 1586; x_wconf 88' lang='lat' dir='ltr'>patrare</span> <span class='ocrx_word' id='word_1_139' title='bbox 2397 1496 2775 1566; x_wconf 79' lang='lat' dir='ltr'>videbatur.</span> 
     </span>
     <span class='ocr_line' id='line_1_16' title="bbox 502 1586 3184 1686; baseline 0.001 -36"><span class='ocrx_word' id='word_1_140' title='bbox 502 1643 507 1650; x_wconf 88' lang='lat'>.</span> <span class='ocrx_word' id='word_1_141' title='bbox 640 1589 678 1672; x_wconf 65' lang='grc' dir='ltr'>ξ</span> <span class='ocrx_word' id='word_1_142' title='bbox 723 1590 798 1655; x_wconf 65' lang='lat'>2.</span> <span class='ocrx_word' id='word_1_143' title='bbox 856 1587 1199 1686; x_wconf 88' lang='lat' dir='ltr'>Despectis</span> <span class='ocrx_word' id='word_1_144' title='bbox 1234 1586 1591 1656; x_wconf 89' lang='lat' dir='ltr'>insolentis</span> <span class='ocrx_word' id='word_1_145' title='bbox 1631 1586 1818 1676; x_wconf 85' lang='lat' dir='ltr'>vulgi</span> <span class='ocrx_word' id='word_1_146' title='bbox 1875 1586 2198 1656; x_wconf 85' lang='lat' dir='ltr'>ludibriis</span> <span class='ocrx_word' id='word_1_147' title='bbox 2247 1600 2311 1654; x_wconf 91' lang='lat' dir='ltr'>et</span> <span class='ocrx_word' id='word_1_148' title='bbox 2372 1607 2741 1674; x_wconf 88' lang='lat' dir='ltr'>puerorum</span> <span class='ocrx_word' id='word_1_149' title='bbox 2779 1586 3111 1655; x_wconf 82' lang='lat' dir='ltr'>exsibila-</span> <span class='ocrx_word' id='word_1_150' title='bbox 3179 1614 3184 1619; x_wconf 91' lang='lat'>·</span> 
     </span>
     <span class='ocr_line' id='line_1_17' title="bbox 558 1673 3114 1765; baseline 0 -22"><span class='ocrx_word' id='word_1_151' title='bbox 558 1673 884 1754; x_wconf 90' lang='lat' dir='ltr'>tionibus,</span> <span class='ocrx_word' id='word_1_152' title='bbox 941 1696 1127 1745; x_wconf 86' lang='lat' dir='ltr'>visus</span> <span class='ocrx_word' id='word_1_153' title='bbox 1156 1687 1259 1744; x_wconf 90' lang='lat' dir='ltr'>est</span> <span class='ocrx_word' id='word_1_154' title='bbox 1293 1697 1411 1765; x_wconf 89' lang='lat' dir='ltr'>per</span> <span class='ocrx_word' id='word_1_155' title='bbox 1454 1675 1752 1743; x_wconf 79' lang='lat' dir='ltr'>mediam</span> <span class='ocrx_word' id='word_1_156' title='bbox 1787 1675 2030 1744; x_wconf 89' lang='lat' dir='ltr'>urbem</span> <span class='ocrx_word' id='word_1_157' title='bbox 2067 1689 2132 1743; x_wconf 90' lang='lat' dir='ltr'>et</span> <span class='ocrx_word' id='word_1_158' title='bbox 2161 1674 2499 1743; x_wconf 86' lang='lat' dir='ltr'>confertas</span> <span class='ocrx_word' id='word_1_159' title='bbox 2525 1674 2782 1764; x_wconf 91' lang='lat' dir='ltr'>populo</span> <span class='ocrx_word' id='word_1_160' title='bbox 2830 1675 2978 1743; x_wconf 85' lang='lat' dir='ltr'>vias</span> <span class='ocrx_word' id='word_1_161' title='bbox 3009 1675 3114 1743; x_wconf 89' lang='lat' dir='ltr'>ire</span> 
     </span>
     <span class='ocr_line' id='line_1_18' title="bbox 552 1763 3116 1852; baseline -0.001 -19"><span class='ocrx_word' id='word_1_162' title='bbox 552 1774 847 1833; x_wconf 89' lang='lat' dir='ltr'>onustus</span> <span class='ocrx_word' id='word_1_163' title='bbox 883 1775 1413 1834; x_wconf 90' lang='lat' dir='ltr'>stramentorum</span> <span class='ocrx_word' id='word_1_164' title='bbox 1465 1764 1793 1842; x_wconf 77' lang='lat' dir='ltr'>fascibuS,</span> <span class='ocrx_word' id='word_1_165' title='bbox 1847 1785 2020 1849; x_wconf 89' lang='lat' dir='ltr'>quos</span> <span class='ocrx_word' id='word_1_166' title='bbox 2055 1763 2554 1832; x_wconf 80' lang='lat' dir='ltr'>emendicando</span> <span class='ocrx_word' id='word_1_167' title='bbox 2597 1777 2979 1852; x_wconf 86' lang='lat' dir='ltr'>paraverat,</span> <span class='ocrx_word' id='word_1_168' title='bbox 3035 1777 3116 1832; x_wconf 90' lang='lat' dir='ltr'>ut</span> 
     </span>
     <span class='ocr_line' id='line_1_19' title="bbox 555 1851 3106 1943; baseline -0 -22"><span class='ocrx_word' id='word_1_169' title='bbox 555 1852 1068 1941; x_wconf 86' lang='lat' dir='ltr'>aegrotantibus</span> <span class='ocrx_word' id='word_1_170' title='bbox 1116 1853 1350 1943; x_wconf 79' lang='lat' dir='ltr'>egenis</span> <span class='ocrx_word' id='word_1_171' title='bbox 1399 1851 1653 1921; x_wconf 90' lang='lat' dir='ltr'>lectum</span> <span class='ocrx_word' id='word_1_172' title='bbox 1702 1865 2051 1921; x_wconf 87' lang='lat' dir='ltr'>sterneret.</span> <span class='ocrx_word' id='word_1_173' title='bbox 2099 1856 2264 1921; x_wconf 87' lang='lat' dir='ltr'>Cum</span> <span class='ocrx_word' id='word_1_174' title='bbox 2315 1867 2625 1921; x_wconf 86' lang='lat' dir='ltr'>cessante</span> <span class='ocrx_word' id='word_1_175' title='bbox 2659 1853 3106 1932; x_wconf 82' lang='lat' dir='ltr'>commerciO,</span> 
     </span>
     <span class='ocr_line' id='line_1_20' title="bbox 558 1940 3109 2040; baseline 0 -31"><span class='ocrx_word' id='word_1_176' title='bbox 558 1941 1080 2040; x_wconf 86' lang='lat' dir='ltr'>languescerent</span> <span class='ocrx_word' id='word_1_177' title='bbox 1125 1955 1345 2022; x_wconf 87' lang='lat' dir='ltr'>artes,</span> <span class='ocrx_word' id='word_1_178' title='bbox 1399 1952 1464 2009; x_wconf 87' lang='lat' dir='ltr'>et</span> <span class='ocrx_word' id='word_1_179' title='bbox 1511 1941 1894 2010; x_wconf 84' lang='lat' dir='ltr'>artificibus</span> <span class='ocrx_word' id='word_1_180' title='bbox 1947 1940 2113 2009; x_wconf 87' lang='lat' dir='ltr'>nihil</span> <span class='ocrx_word' id='word_1_181' title='bbox 2181 1941 2429 2009; x_wconf 85' lang='lat' dir='ltr'>valeret</span> <span class='ocrx_word' id='word_1_182' title='bbox 2497 1941 2843 2009; x_wconf 88' lang='lat' dir='ltr'>industria</span> <span class='ocrx_word' id='word_1_183' title='bbox 2901 1954 2981 2011; x_wconf 91' lang='lat' dir='ltr'>ut</span> <span class='ocrx_word' id='word_1_184' title='bbox 3038 1963 3109 2010; x_wconf 92' lang='lat' dir='ltr'>se</span> 
     </span>
     <span class='ocr_line' id='line_1_21' title="bbox 557 2028 3113 2129; baseline -0 -30"><span class='ocrx_word' id='word_1_185' title='bbox 557 2049 894 2116; x_wconf 89' lang='lat' dir='ltr'>suamque</span> <span class='ocrx_word' id='word_1_186' title='bbox 932 2029 1267 2099; x_wconf 82' lang='lat' dir='ltr'>familiam</span> <span class='ocrx_word' id='word_1_187' title='bbox 1317 2028 1599 2109; x_wconf 89' lang='lat' dir='ltr'>alerent,</span> <span class='ocrx_word' id='word_1_188' title='bbox 1654 2052 1894 2098; x_wconf 88' lang='lat' dir='ltr'>eorum</span> <span class='ocrx_word' id='word_1_189' title='bbox 1944 2029 2217 2129; x_wconf 82' lang='lat' dir='ltr'>opificia</span> <span class='ocrx_word' id='word_1_190' title='bbox 2253 2030 2338 2096; x_wconf 90' lang='lat' dir='ltr'>ad</span> <span class='ocrx_word' id='word_1_191' title='bbox 2382 2029 2626 2099; x_wconf 88' lang='lat' dir='ltr'>divites</span> <span class='ocrx_word' id='word_1_192' title='bbox 2694 2042 3113 2099; x_wconf 85' lang='lat' dir='ltr'>mercatores</span> 
     </span>
     <span class='ocr_line' id='line_1_22' title="bbox 555 2117 3108 2208; baseline 0.001 -22"><span class='ocrx_word' id='word_1_193' title='bbox 555 2117 836 2198; x_wconf 89' lang='lat' dir='ltr'>ferebat,</span> <span class='ocrx_word' id='word_1_194' title='bbox 857 2140 1108 2205; x_wconf 83' lang='lat' dir='ltr'>eosque</span> <span class='ocrx_word' id='word_1_195' title='bbox 1139 2119 1459 2187; x_wconf 82' lang='lat' dir='ltr'>exorabat</span> <span class='ocrx_word' id='word_1_196' title='bbox 1491 2130 1568 2188; x_wconf 90' lang='lat' dir='ltr'>ut</span> <span class='ocrx_word' id='word_1_197' title='bbox 1592 2140 1810 2205; x_wconf 89' lang='lat' dir='ltr'>aequo</span> <span class='ocrx_word' id='word_1_198' title='bbox 1839 2132 2053 2208; x_wconf 84' lang='lat' dir='ltr'>pretio</span> <span class='ocrx_word' id='word_1_199' title='bbox 2086 2118 2446 2186; x_wconf 71' lang='lat' dir='ltr'>emerent*.</span> <span class='ocrx_word' id='word_1_200' title='bbox 2490 2117 2766 2197; x_wconf 82' lang='lat' dir='ltr'>l’uellis,</span> <span class='ocrx_word' id='word_1_201' title='bbox 2809 2141 3108 2204; x_wconf 88' lang='lat' dir='ltr'>quarum</span> 
     </span>
     <span class='ocr_line' id='line_1_23' title="bbox 557 2206 3112 2298; baseline 0 -23"><span class='ocrx_word' id='word_1_202' title='bbox 557 2229 664 2277; x_wconf 91' lang='lat' dir='ltr'>res</span> <span class='ocrx_word' id='word_1_203' title='bbox 711 2207 899 2275; x_wconf 91' lang='lat' dir='ltr'>domi</span> <span class='ocrx_word' id='word_1_204' title='bbox 949 2219 1243 2296; x_wconf 84' lang='lat' dir='ltr'>angusta</span> <span class='ocrx_word' id='word_1_205' title='bbox 1281 2220 1446 2289; x_wconf 87' lang='lat' dir='ltr'>erat,</span> <span class='ocrx_word' id='word_1_206' title='bbox 1503 2228 1586 2276; x_wconf 90' lang='lat' dir='ltr'>ne</span> <span class='ocrx_word' id='word_1_207' title='bbox 1625 2219 1920 2295; x_wconf 86' lang='lat' dir='ltr'>egestate</span> <span class='ocrx_word' id='word_1_208' title='bbox 1952 2206 2510 2296; x_wconf 78' lang='lat' dir='ltr'>opprimerentur</span> <span class='ocrx_word' id='word_1_209' title='bbox 2543 2220 2662 2275; x_wconf 92' lang='lat' dir='ltr'>aut</span> <span class='ocrx_word' id='word_1_210' title='bbox 2706 2229 3112 2298; x_wconf 87' lang='lat' dir='ltr'>corrumpe·</span> 
     </span>
     <span class='ocr_line' id='line_1_24' title="bbox 557 2295 3114 2386; baseline -0 -20"><span class='ocrx_word' id='word_1_211' title='bbox 557 2309 797 2366; x_wconf 86' lang='lat' dir='ltr'>rentur</span> <span class='ocrx_word' id='word_1_212' title='bbox 842 2296 1022 2375; x_wconf 88' lang='lat' dir='ltr'>oti0,</span> <span class='ocrx_word' id='word_1_213' title='bbox 1080 2297 1227 2386; x_wconf 89' lang='lat' dir='ltr'>ipse</span> <span class='ocrx_word' id='word_1_214' title='bbox 1274 2316 1482 2385; x_wconf 85' lang='lat' dir='ltr'>opera</span> <span class='ocrx_word' id='word_1_215' title='bbox 1539 2295 1813 2364; x_wconf 81' lang='lat' dir='ltr'>feminei</span> <span class='ocrx_word' id='word_1_216' title='bbox 1867 2295 2507 2364; x_wconf 80' lang='lat' dir='ltr'>artificii-facienda</span> <span class='ocrx_word' id='word_1_217' title='bbox 2565 2296 2984 2381; x_wconf 87' lang='lat' dir='ltr'>quaerebat,</span> <span class='ocrx_word' id='word_1_218' title='bbox 3039 2309 3114 2365; x_wconf 93' lang='lat' dir='ltr'>ut</span> 
     </span>
     <span class='ocr_line' id='line_1_25' title="bbox 557 2384 3116 2471; baseline -0 -18"><span class='ocrx_word' id='word_1_219' title='bbox 557 2385 913 2454; x_wconf 89' lang='lat' dir='ltr'>laboribus</span> <span class='ocrx_word' id='word_1_220' title='bbox 961 2385 1108 2453; x_wconf 89' lang='lat' dir='ltr'>suis</span> <span class='ocrx_word' id='word_1_221' title='bbox 1157 2385 1477 2464; x_wconf 90' lang='lat' dir='ltr'>viverent,</span> <span class='ocrx_word' id='word_1_222' title='bbox 1516 2406 1640 2454; x_wconf 91' lang='lat' dir='ltr'>nec</span> <span class='ocrx_word' id='word_1_223' title='bbox 1669 2385 1825 2453; x_wconf 91' lang='lat' dir='ltr'>aliis</span> <span class='ocrx_word' id='word_1_224' title='bbox 1858 2385 2073 2464; x_wconf 89' lang='lat' dir='ltr'>oneri,</span> <span class='ocrx_word' id='word_1_225' title='bbox 2129 2405 2253 2452; x_wconf 87' lang='lat' dir='ltr'>nec</span> <span class='ocrx_word' id='word_1_226' title='bbox 2296 2384 2427 2452; x_wconf 89' lang='lat' dir='ltr'>sibi</span> <span class='ocrx_word' id='word_1_227' title='bbox 2462 2384 2873 2453; x_wconf 86' lang='lat' dir='ltr'>detrimento</span> <span class='ocrx_word' id='word_1_228' title='bbox 2909 2398 3116 2471; x_wconf 88' lang='lat' dir='ltr'>atque</span> 
     </span>
     <span class='ocr_line' id='line_1_26' title="bbox 554 2471 3113 2563; baseline -0.001 -19"><span class='ocrx_word' id='word_1_229' title='bbox 554 2473 756 2544; x_wconf 88' lang='lat' dir='ltr'>exitio</span> <span class='ocrx_word' id='word_1_230' title='bbox 789 2486 1037 2543; x_wconf 85' lang='lat' dir='ltr'>essent.</span> <span class='ocrx_word' id='word_1_231' title='bbox 1077 2474 1389 2544; x_wconf 89' lang='lat' dir='ltr'>Ostiatim</span> <span class='ocrx_word' id='word_1_232' title='bbox 1425 2472 1668 2563; x_wconf 91' lang='lat' dir='ltr'>stipem</span> <span class='ocrx_word' id='word_1_233' title='bbox 1705 2473 2204 2553; x_wconf 87' lang='lat' dir='ltr'>emendicabat,</span> <span class='ocrx_word' id='word_1_234' title='bbox 2240 2485 2314 2542; x_wconf 93' lang='lat' dir='ltr'>ut</span> <span class='ocrx_word' id='word_1_235' title='bbox 2348 2473 2598 2543; x_wconf 85' lang='lat' dir='ltr'>deinde</span> <span class='ocrx_word' id='word_1_236' title='bbox 2631 2471 2996 2542; x_wconf 86' lang='lat' dir='ltr'>collectam</span> <span class='ocrx_word' id='word_1_237' title='bbox 3026 2473 3113 2543; x_wconf 89' lang='lat' dir='ltr'>ad</span> 
     </span>
     <span class='ocr_line' id='line_1_27' title="bbox 556 2563 3106 2654; baseline -0.001 -23"><span class='ocrx_word' id='word_1_238' title='bbox 556 2563 839 2632; x_wconf 89' lang='lat' dir='ltr'>alendos</span> <span class='ocrx_word' id='word_1_239' title='bbox 894 2584 1230 2654; x_wconf 88' lang='lat' dir='ltr'>pauperes</span> <span class='ocrx_word' id='word_1_240' title='bbox 1288 2576 1353 2633; x_wconf 90' lang='lat' dir='ltr'>et</span> <span class='ocrx_word' id='word_1_241' title='bbox 1400 2563 1888 2633; x_wconf 89' lang='lat' dir='ltr'>sustentandos</span> <span class='ocrx_word' id='word_1_242' title='bbox 1935 2584 2207 2633; x_wconf 85' lang='lat' dir='ltr'>carcere</span> <span class='ocrx_word' id='word_1_243' title='bbox 2267 2563 2574 2631; x_wconf 89' lang='lat' dir='ltr'>inclusos</span> <span class='ocrx_word' id='word_1_244' title='bbox 2634 2563 3106 2632; x_wconf 83' lang='lat' dir='ltr'>distribueret.</span> 
     </span>
     <span class='ocr_line' id='line_1_28' title="bbox 556 2650 3108 2743; baseline -0.001 -21"><span class='ocrx_word' id='word_1_245' title='bbox 556 2651 987 2743; x_wconf 89' lang='lat' dir='ltr'>Pupillorum</span> <span class='ocrx_word' id='word_1_246' title='bbox 1037 2665 1103 2721; x_wconf 88' lang='lat' dir='ltr'>et</span> <span class='ocrx_word' id='word_1_247' title='bbox 1132 2651 1501 2720; x_wconf 84' lang='lat' dir='ltr'>viduarum</span> <span class='ocrx_word' id='word_1_248' title='bbox 1551 2674 1800 2721; x_wconf 82' lang='lat' dir='ltr'>causas</span> <span class='ocrx_word' id='word_1_249' title='bbox 1840 2652 2026 2737; x_wconf 89' lang='lat' dir='ltr'>apud</span> <span class='ocrx_word' id='word_1_250' title='bbox 2080 2650 2353 2738; x_wconf 84' lang='lat' dir='ltr'>judices</span> <span class='ocrx_word' id='word_1_251' title='bbox 2416 2663 2692 2720; x_wconf 88' lang='lat' dir='ltr'>strenue</span> <span class='ocrx_word' id='word_1_252' title='bbox 2746 2651 3108 2729; x_wconf 89' lang='lat' dir='ltr'>tuebatur,</span> 
     </span>
     <span class='ocr_line' id='line_1_29' title="bbox 555 2740 3107 2831; baseline -0.001 -21"><span class='ocrx_word' id='word_1_253' title='bbox 555 2763 642 2810; x_wconf 89' lang='lat' dir='ltr'>ne</span> <span class='ocrx_word' id='word_1_254' title='bbox 681 2741 971 2810; x_wconf 90' lang='lat' dir='ltr'>divitum</span> <span class='ocrx_word' id='word_1_255' title='bbox 1009 2741 1312 2830; x_wconf 77' lang='lat' dir='ltr'>potentia</span> <span class='ocrx_word' id='word_1_256' title='bbox 1337 2740 1674 2831; x_wconf 85' lang='lat' dir='ltr'>oppressi,</span> <span class='ocrx_word' id='word_1_257' title='bbox 1706 2740 1804 2808; x_wconf 91' lang='lat' dir='ltr'>vel</span> <span class='ocrx_word' id='word_1_258' title='bbox 1840 2741 2324 2831; x_wconf 86' lang='lat' dir='ltr'>improborum</span> <span class='ocrx_word' id='word_1_259' title='bbox 2354 2740 2596 2809; x_wconf 86' lang='lat' dir='ltr'>fraude</span> <span class='ocrx_word' id='word_1_260' title='bbox 2625 2741 3107 2820; x_wconf 88' lang='lat' dir='ltr'>circumventi,</span> 
     </span>
     <span class='ocr_line' id='line_1_30' title="bbox 555 2828 3111 2919; baseline -0 -21"><span class='ocrx_word' id='word_1_261' title='bbox 555 2829 893 2898; x_wconf 89' lang='lat' dir='ltr'>damnum</span> <span class='ocrx_word' id='word_1_262' title='bbox 922 2839 1125 2916; x_wconf 86' lang='lat' dir='ltr'>atque</span> <span class='ocrx_word' id='word_1_263' title='bbox 1150 2830 1483 2919; x_wconf 87' lang='lat' dir='ltr'>injuriam</span> <span class='ocrx_word' id='word_1_264' title='bbox 1525 2829 1669 2898; x_wconf 89' lang='lat' dir='ltr'>acci</span> <span class='ocrx_word' id='word_1_265' title='bbox 1724 2841 1936 2897; x_wconf 88' lang='lat' dir='ltr'>erent.</span> <span class='ocrx_word' id='word_1_266' title='bbox 1974 2833 2208 2915; x_wconf 88' lang='lat' dir='ltr'>Itaque</span> <span class='ocrx_word' id='word_1_267' title='bbox 2238 2828 2648 2897; x_wconf 89' lang='lat' dir='ltr'>miserorum</span> <span class='ocrx_word' id='word_1_268' title='bbox 2687 2828 2882 2917; x_wconf 88' lang='lat' dir='ltr'>perfu</span> <span class='ocrx_word' id='word_1_269' title='bbox 2938 2830 3111 2909; x_wconf 90' lang='lat' dir='ltr'>ium,</span> 
     </span>
     <span class='ocr_line' id='line_1_31' title="bbox 556 2915 3118 3007; baseline -0 -21"><span class='ocrx_word' id='word_1_270' title='bbox 556 2916 984 3007; x_wconf 89' lang='lat' dir='ltr'>pupillorum</span> <span class='ocrx_word' id='word_1_271' title='bbox 1024 2930 1225 2997; x_wconf 90' lang='lat' dir='ltr'>tutor,</span> <span class='ocrx_word' id='word_1_272' title='bbox 1267 2916 1632 2987; x_wconf 87' lang='lat' dir='ltr'>viduarum</span> <span class='ocrx_word' id='word_1_273' title='bbox 1714 2917 2004 2995; x_wconf 81' lang='lat' dir='ltr'>efensor,</span> <span class='ocrx_word' id='word_1_274' title='bbox 2052 2915 2503 2991; x_wconf 88' lang='lat' dir='ltr'>esurientium</span> <span class='ocrx_word' id='word_1_275' title='bbox 2555 2917 2780 2997; x_wconf 81' lang='lat' dir='ltr'>cibuS,</span> <span class='ocrx_word' id='word_1_276' title='bbox 2827 2939 2908 2985; x_wconf 89' lang='lat' dir='ltr'>ca</span> <span class='ocrx_word' id='word_1_277' title='bbox 2939 2918 3118 2987; x_wconf 86' lang='lat' dir='ltr'>ami-</span> 
     </span>
     <span class='ocr_line' id='line_1_32' title="bbox 557 3005 3121 3096; baseline 0 -20"><span class='ocrx_word' id='word_1_278' title='bbox 557 3018 866 3076; x_wconf 90' lang='lat' dir='ltr'>tosorum</span> <span class='ocrx_word' id='word_1_279' title='bbox 906 3027 1087 3095; x_wconf 90' lang='lat' dir='ltr'>spes,</span> <span class='ocrx_word' id='word_1_280' title='bbox 1134 3027 1497 3096; x_wconf 87' lang='lat' dir='ltr'>aegrorum</span> <span class='ocrx_word' id='word_1_281' title='bbox 1533 3005 1881 3086; x_wconf 89' lang='lat' dir='ltr'>solatium,</span> <span class='ocrx_word' id='word_1_282' title='bbox 1919 3006 2313 3075; x_wconf 90' lang='lat' dir='ltr'>communis</span> <span class='ocrx_word' id='word_1_283' title='bbox 2340 3006 2655 3075; x_wconf 90' lang='lat' dir='ltr'>omnium</span> <span class='ocrx_word' id='word_1_284' title='bbox 2687 3027 2942 3095; x_wconf 85' lang='lat' dir='ltr'>parens</span> <span class='ocrx_word' id='word_1_285' title='bbox 2972 3017 3121 3076; x_wconf 89' lang='lat' dir='ltr'>erat</span> 
     </span>
     <span class='ocr_line' id='line_1_33' title="bbox 476 3094 2057 3185; baseline -0.002 -21"><span class='ocrx_word' id='word_1_286' title='bbox 476 3145 484 3155; x_wconf 86' lang='lat'>.</span> <span class='ocrx_word' id='word_1_287' title='bbox 555 3103 760 3181; x_wconf 86' lang='lat' dir='ltr'>atque</span> <span class='ocrx_word' id='word_1_288' title='bbox 808 3094 894 3163; x_wconf 90' lang='lat' dir='ltr'>ab</span> <span class='ocrx_word' id='word_1_289' title='bbox 942 3094 1271 3165; x_wconf 87' lang='lat' dir='ltr'>omnibus</span> <span class='ocrx_word' id='word_1_290' title='bbox 1307 3094 1512 3185; x_wconf 91' lang='lat' dir='ltr'>vulgo</span> <span class='ocrx_word' id='word_1_291' title='bbox 1551 3094 2057 3184; x_wconf 89' lang='lat' dir='ltr'>appellabatur.</span> 
     </span>
    </p>

    <p class='ocr_par' dir='ltr' id='par_1_3' title="bbox 554 3182 3129 4338">
     <span class='ocr_line' id='line_1_34' title="bbox 643 3182 3121 3273; baseline 0 -20"><span class='ocrx_word' id='word_1_292' title='bbox 643 3186 680 3270; x_wconf 70' lang='grc' dir='ltr'><strong>ξ</strong></span> <span class='ocrx_word' id='word_1_293' title='bbox 729 3187 810 3253; x_wconf 75' lang='lat' dir='ltr'>S.</span> <span class='ocrx_word' id='word_1_294' title='bbox 867 3188 1162 3265; x_wconf 82' lang='lat' dir='ltr'>Mentem</span> <span class='ocrx_word' id='word_1_295' title='bbox 1215 3182 1706 3253; x_wconf 88' lang='lat' dir='ltr'>Falconensem</span> <span class='ocrx_word' id='word_1_296' title='bbox 1756 3183 2120 3273; x_wconf 90' lang='lat' dir='ltr'>oppidum,</span> <span class='ocrx_word' id='word_1_297' title='bbox 2175 3183 2537 3269; x_wconf 86' lang='lat' dir='ltr'>vicinaque</span> <span class='ocrx_word' id='word_1_298' title='bbox 2598 3183 2785 3262; x_wconf 76' lang='lat' dir='ltr'>loca,</span> <span class='ocrx_word' id='word_1_299' title='bbox 2837 3205 2979 3269; x_wconf 85' lang='lat' dir='ltr'>quo</span> <span class='ocrx_word' id='word_1_300' title='bbox 3028 3183 3121 3253; x_wconf 88' lang='lat' dir='ltr'>ad</span> 
     </span>
     <span class='ocr_line' id='line_1_35' title="bbox 554 3271 3119 3363; baseline 0 -23"><span class='ocrx_word' id='word_1_301' title='bbox 554 3272 885 3341; x_wconf 88' lang='lat' dir='ltr'>hibernas</span> <span class='ocrx_word' id='word_1_302' title='bbox 912 3271 1278 3341; x_wconf 89' lang='lat' dir='ltr'>missiones</span> <span class='ocrx_word' id='word_1_303' title='bbox 1318 3272 1600 3341; x_wconf 90' lang='lat' dir='ltr'>ineunte</span> <span class='ocrx_word' id='word_1_304' title='bbox 1638 3295 1821 3342; x_wconf 89' lang='lat' dir='ltr'>anno</span> <span class='ocrx_word' id='word_1_305' title='bbox 1847 3293 2047 3341; x_wconf 70' lang='lat' dir='ltr'>uncxr</span> <span class='ocrx_word' id='word_1_306' title='bbox 2071 3272 2460 3349; x_wconf 83' lang='lat' dir='ltr'>advenerat,</span> <span class='ocrx_word' id='word_1_307' title='bbox 2492 3283 2685 3340; x_wconf 82' lang='lat' dir='ltr'>atrox</span> <span class='ocrx_word' id='word_1_308' title='bbox 2727 3271 3119 3363; x_wconf 86' lang='lat' dir='ltr'>pestilentia</span> 
     </span>
     <span class='ocr_line' id='line_1_36' title="bbox 555 3360 3121 3451; baseline 0 -22"><span class='ocrx_word' id='word_1_309' title='bbox 555 3361 926 3441; x_wconf 62' lang='lat' dir='ltr'>invaseram</span> <span class='ocrx_word' id='word_1_310' title='bbox 978 3360 1322 3440; x_wconf 73' lang='lat' dir='ltr'>omnium,</span> <span class='ocrx_word' id='word_1_311' title='bbox 1375 3361 1725 3447; x_wconf 89' lang='lat' dir='ltr'>quierant</span> <span class='ocrx_word' id='word_1_312' title='bbox 1770 3362 2164 3451; x_wconf 85' lang='lat' dir='ltr'>contagioso</span> <span class='ocrx_word' id='word_1_313' title='bbox 2214 3361 2454 3430; x_wconf 89' lang='lat' dir='ltr'>morbo</span> <span class='ocrx_word' id='word_1_314' title='bbox 2498 3361 2818 3451; x_wconf 88' lang='lat' dir='ltr'>correpti,</span> <span class='ocrx_word' id='word_1_315' title='bbox 2872 3383 3121 3430; x_wconf 88' lang='lat' dir='ltr'>curam</span> 
     </span>
     <span class='ocr_line' id='line_1_37' title="bbox 558 3448 3122 3540; baseline -0 -21"><span class='ocrx_word' id='word_1_316' title='bbox 558 3448 807 3519; x_wconf 79' lang='lat' dir='ltr'>alacris</span> <span class='ocrx_word' id='word_1_317' title='bbox 860 3450 1200 3540; x_wconf 85' lang='lat' dir='ltr'>suscepit,</span> <span class='ocrx_word' id='word_1_318' title='bbox 1253 3460 1705 3519; x_wconf 89' lang='lat' dir='ltr'>contemnens</span> <span class='ocrx_word' id='word_1_319' title='bbox 1762 3451 2142 3539; x_wconf 89' lang='lat' dir='ltr'>praesentis</span> <span class='ocrx_word' id='word_1_320' title='bbox 2194 3450 2432 3519; x_wconf 82' lang='lat' dir='ltr'>mortis</span> <span class='ocrx_word' id='word_1_321' title='bbox 2505 3449 2894 3540; x_wconf 90' lang='lat' dir='ltr'>periculum</span> <span class='ocrx_word' id='word_1_322' title='bbox 2933 3504 2948 3530; x_wconf 91' lang='lat'>,</span> <span class='ocrx_word' id='word_1_323' title='bbox 3002 3450 3122 3520; x_wconf 90' lang='lat' dir='ltr'>cui</span> 
     </span>
     <span class='ocr_line' id='line_1_38' title="bbox 554 3536 3125 3637; baseline 0.002 -33"><span class='ocrx_word' id='word_1_324' title='bbox 554 3538 783 3607; x_wconf 83' lang='lat' dir='ltr'>vivere</span> <span class='ocrx_word' id='word_1_325' title='bbox 816 3536 1127 3609; x_wconf 88' lang='lat' dir='ltr'>Christus</span> <span class='ocrx_word' id='word_1_326' title='bbox 1174 3551 1341 3619; x_wconf 86' lang='lat' dir='ltr'>erat,</span> <span class='ocrx_word' id='word_1_327' title='bbox 1397 3539 1573 3608; x_wconf 91' lang='lat' dir='ltr'>mori</span> <span class='ocrx_word' id='word_1_328' title='bbox 1630 3548 1860 3608; x_wconf 89' lang='lat' dir='ltr'>autem</span> <span class='ocrx_word' id='word_1_329' title='bbox 1913 3537 2211 3608; x_wconf 89' lang='lat' dir='ltr'>lucrum.</span> <span class='ocrx_word' id='word_1_330' title='bbox 2264 3539 2485 3608; x_wconf 82' lang='lat' dir='ltr'>Anicii</span> <span class='ocrx_word' id='word_1_331' title='bbox 2533 3539 2725 3637; x_wconf 86' lang='lat' dir='ltr'>gravi</span> <span class='ocrx_word' id='word_1_332' title='bbox 2775 3539 3125 3610; x_wconf 87' lang='lat' dir='ltr'>saeviente</span> 
     </span>
     <span class='ocr_line' id='line_1_39' title="bbox 557 3625 3124 3784; baseline 0.001 -90"><span class='ocrx_word' id='word_1_333' title='bbox 557 3625 761 3707; x_wconf 87' lang='lat' dir='ltr'>fame,</span> <span class='ocrx_word' id='word_1_334' title='bbox 818 3627 1130 3717; x_wconf 89' lang='lat' dir='ltr'>ingentes</span> <span class='ocrx_word' id='word_1_335' title='bbox 1171 3648 1561 3717; x_wconf 80' lang='lat' dir='ltr'>pauperum</span> <span class='ocrx_word' id='word_1_336' title='bbox 1594 3648 1837 3717; x_wconf 89' lang='lat' dir='ltr'>greges</span> <span class='ocrx_word' id='word_1_337' title='bbox 1879 3650 2143 3784; x_wconf 64' lang='lat' dir='ltr'>pauper</span> <span class='ocrx_word' id='word_1_338' title='bbox 2174 3628 2344 3725; x_wconf 87' lang='lat' dir='ltr'>ipse,</span> <span class='ocrx_word' id='word_1_339' title='bbox 2399 3626 2545 3696; x_wconf 77' lang='lat' dir='ltr'>sola</span> <span class='ocrx_word' id='word_1_340' title='bbox 2587 3627 2702 3696; x_wconf 92' lang='lat' dir='ltr'>Dei</span> <span class='ocrx_word' id='word_1_341' title='bbox 2756 3627 3124 3717; x_wconf 90' lang='lat' dir='ltr'>providen-</span> 
     </span>
     <span class='ocr_line' id='line_1_40' title="bbox 558 3714 3124 3805; baseline 0.001 -23"><span class='ocrx_word' id='word_1_342' title='bbox 558 3714 654 3783; x_wconf 72' lang='lat' dir='ltr'>tia</span> <span class='ocrx_word' id='word_1_343' title='bbox 700 3714 1029 3797; x_wconf 86' lang='lat' dir='ltr'>confisus,</span> <span class='ocrx_word' id='word_1_344' title='bbox 1084 3715 1369 3785; x_wconf 88' lang='lat' dir='ltr'>alendos</span> <span class='ocrx_word' id='word_1_345' title='bbox 1412 3716 1743 3805; x_wconf 90' lang='lat' dir='ltr'>suscepit,</span> <span class='ocrx_word' id='word_1_346' title='bbox 1783 3728 1870 3796; x_wconf 92' lang='lat' dir='ltr'>et,</span> <span class='ocrx_word' id='word_1_347' title='bbox 1934 3739 2017 3786; x_wconf 90' lang='lat' dir='ltr'>su</span> <span class='ocrx_word' id='word_1_348' title='bbox 2069 3714 2268 3786; x_wconf 82' lang='lat' dir='ltr'>sidiis</span> <span class='ocrx_word' id='word_1_349' title='bbox 2314 3716 2625 3802; x_wconf 86' lang='lat' dir='ltr'>undique</span> <span class='ocrx_word' id='word_1_350' title='bbox 2690 3716 3124 3788; x_wconf 72' lang='lat' dir='ltr'>industriosa</span> 
     </span>
     <span class='ocr_line' id='line_1_41' title="bbox 554 3802 3124 3894; baseline 0 -22"><span class='ocrx_word' id='word_1_351' title='bbox 554 3802 889 3872; x_wconf 87' lang='lat' dir='ltr'>charitate</span> <span class='ocrx_word' id='word_1_352' title='bbox 925 3817 991 3872; x_wconf 89' lang='lat' dir='ltr'>et</span> <span class='ocrx_word' id='word_1_353' title='bbox 1022 3804 1137 3894; x_wconf 71' lang='lat' dir='ltr'>pia</span> <span class='ocrx_word' id='word_1_354' title='bbox 1166 3804 1637 3875; x_wconf 87' lang='lat' dir='ltr'>sollicitudine</span> <span class='ocrx_word' id='word_1_355' title='bbox 1685 3805 2086 3894; x_wconf 78' lang='lat' dir='ltr'>corrogatiS,</span> <span class='ocrx_word' id='word_1_356' title='bbox 2132 3816 2230 3873; x_wconf 88' lang='lat' dir='ltr'>ter</span> <span class='ocrx_word' id='word_1_357' title='bbox 2257 3806 2459 3874; x_wconf 89' lang='lat' dir='ltr'>etiam</span> <span class='ocrx_word' id='word_1_358' title='bbox 2499 3804 2961 3893; x_wconf 87' lang='lat' dir='ltr'>multiplicato</span> <span class='ocrx_word' id='word_1_359' title='bbox 3002 3826 3124 3894; x_wconf 86' lang='lat' dir='ltr'>per</span> 
     </span>
     <span class='ocr_line' id='line_1_42' title="bbox 557 3890 3125 3983; baseline 0.002 -25"><span class='ocrx_word' id='word_1_360' title='bbox 557 3890 977 3961; x_wconf 87' lang='lat' dir='ltr'>miraculum</span> <span class='ocrx_word' id='word_1_361' title='bbox 1030 3892 1399 3974; x_wconf 80' lang='lat' dir='ltr'>frumentO,</span> <span class='ocrx_word' id='word_1_362' title='bbox 1455 3894 1884 3963; x_wconf 86' lang='lat' dir='ltr'>sustentavit.</span> <span class='ocrx_word' id='word_1_363' title='bbox 1926 3892 2279 3979; x_wconf 83' lang='lat' dir='ltr'>Siquidem</span> <span class='ocrx_word' id='word_1_364' title='bbox 2313 3895 2661 3963; x_wconf 86' lang='lat' dir='ltr'>renovavit</span> <span class='ocrx_word' id='word_1_365' title='bbox 2695 3893 3125 3983; x_wconf 87' lang='lat' dir='ltr'>benignissi-</span> 
     </span>
     <span class='ocr_line' id='line_1_43' title="bbox 560 3981 3124 4072; baseline 0.002 -25"><span class='ocrx_word' id='word_1_366' title='bbox 560 4000 721 4049; x_wconf 85' lang='lat' dir='ltr'>mus</span> <span class='ocrx_word' id='word_1_367' title='bbox 768 3984 946 4051; x_wconf 87' lang='lat' dir='ltr'>Deus</span> <span class='ocrx_word' id='word_1_368' title='bbox 979 4003 1098 4072; x_wconf 90' lang='lat' dir='ltr'>per</span> <span class='ocrx_word' id='word_1_369' title='bbox 1149 4002 1401 4052; x_wconf 87' lang='lat' dir='ltr'>manus</span> <span class='ocrx_word' id='word_1_370' title='bbox 1449 3982 1627 4053; x_wconf 90' lang='lat' dir='ltr'>servi</span> <span class='ocrx_word' id='word_1_371' title='bbox 1660 3982 1770 4051; x_wconf 88' lang='lat' dir='ltr'>sui</span> <span class='ocrx_word' id='word_1_372' title='bbox 1812 3981 2128 4072; x_wconf 88' lang='lat' dir='ltr'>prodigia</span> <span class='ocrx_word' id='word_1_373' title='bbox 2168 3982 2353 4051; x_wconf 88' lang='lat' dir='ltr'>Eliae</span> <span class='ocrx_word' id='word_1_374' title='bbox 2393 3984 2472 4050; x_wconf 86' lang='lat' dir='ltr'>in</span> <span class='ocrx_word' id='word_1_375' title='bbox 2535 3982 3124 4072; x_wconf 86' lang='lat' dir='ltr'>multiplicatione</span> 
     </span>
     <span class='ocr_line' id='line_1_44' title="bbox 559 4065 3125 4161; baseline 0.002 -26"><span class='ocrx_word' id='word_1_376' title='bbox 559 4065 887 4138; x_wconf 87' lang='lat' dir='ltr'>frumenti</span> <span class='ocrx_word' id='word_1_377' title='bbox 915 4070 1097 4156; x_wconf 89' lang='lat' dir='ltr'>quod</span> <span class='ocrx_word' id='word_1_378' title='bbox 1132 4072 1201 4141; x_wconf 92' lang='lat' dir='ltr'>in</span> <span class='ocrx_word' id='word_1_379' title='bbox 1232 4070 1638 4141; x_wconf 86' lang='lat' dir='ltr'>alimoniam</span> <span class='ocrx_word' id='word_1_380' title='bbox 1676 4091 2088 4161; x_wconf 89' lang='lat' dir='ltr'>pauperum,</span> <span class='ocrx_word' id='word_1_381' title='bbox 2125 4070 2195 4139; x_wconf 90' lang='lat' dir='ltr'>in</span> <span class='ocrx_word' id='word_1_382' title='bbox 2228 4074 2504 4140; x_wconf 72' lang='lat' dir='ltr'>summa</span> <span class='ocrx_word' id='word_1_383' title='bbox 2527 4071 2647 4140; x_wconf 77' lang='lat' dir='ltr'>illa</span> <span class='ocrx_word' id='word_1_384' title='bbox 2675 4072 2964 4141; x_wconf 85' lang='lat' dir='ltr'>caritate</span> <span class='ocrx_word' id='word_1_385' title='bbox 2999 4094 3125 4141; x_wconf 87' lang='lat' dir='ltr'>an-</span> 
     </span>
     <span class='ocr_line' id='line_1_45' title="bbox 566 4156 3129 4246; baseline 0.003 -23"><span class='ocrx_word' id='word_1_386' title='bbox 566 4176 814 4238; x_wconf 88' lang='lat' dir='ltr'>nonae,</span> <span class='ocrx_word' id='word_1_387' title='bbox 849 4156 1145 4231; x_wconf 78' lang='lat' dir='ltr'>feminae</span> <span class='ocrx_word' id='word_1_388' title='bbox 1177 4158 1713 4231; x_wconf 87' lang='lat' dir='ltr'>custodiendum</span> <span class='ocrx_word' id='word_1_389' title='bbox 1772 4157 2167 4228; x_wconf 88' lang='lat' dir='ltr'>tradiderat.</span> <span class='ocrx_word' id='word_1_390' title='bbox 2220 4165 2387 4229; x_wconf 88' lang='lat' dir='ltr'>Nam</span> <span class='ocrx_word' id='word_1_391' title='bbox 2439 4181 2633 4230; x_wconf 87' lang='lat' dir='ltr'>servo</span> <span class='ocrx_word' id='word_1_392' title='bbox 2693 4160 2812 4230; x_wconf 82' lang='lat' dir='ltr'>Dei</span> <span class='ocrx_word' id='word_1_393' title='bbox 2843 4160 3129 4246; x_wconf 86' lang='lat' dir='ltr'>jubenti</span> 
     </span>
     <span class='ocr_line' id='line_1_46' title="bbox 567 4247 3129 4338; baseline 0.002 -25"><span class='ocrx_word' id='word_1_394' title='bbox 567 4254 646 4313; x_wconf 90' lang='lat' dir='ltr'>ut</span> <span class='ocrx_word' id='word_1_395' title='bbox 691 4248 1116 4336; x_wconf 84' lang='lat' dir='ltr'>pauperibus</span> <span class='ocrx_word' id='word_1_396' title='bbox 1145 4247 1614 4329; x_wconf 87' lang='lat' dir='ltr'>distribueret,</span> <span class='ocrx_word' id='word_1_397' title='bbox 1646 4247 2004 4338; x_wconf 87' lang='lat' dir='ltr'>respondit</span> <span class='ocrx_word' id='word_1_398' title='bbox 2029 4248 2149 4319; x_wconf 89' lang='lat' dir='ltr'>illa</span> <span class='ocrx_word' id='word_1_399' title='bbox 2180 4271 2411 4319; x_wconf 86' lang='lat' dir='ltr'>arcam</span> <span class='ocrx_word' id='word_1_400' title='bbox 2463 4250 2599 4338; x_wconf 87' lang='lat' dir='ltr'>jam</span> <span class='ocrx_word' id='word_1_401' title='bbox 2638 4247 3129 4337; x_wconf 85' lang='lat' dir='ltr'>frequentibus</span> 
     </span>
    </p>
   </div>
   <div class='ocr_carea' id='block_1_3' title="bbox 619 4372 1384 4418">
    <p class='ocr_par' dir='ltr' id='par_1_4' title="bbox 619 4372 1384 4418">
     <span class='ocr_line' id='line_1_47' title="bbox 619 4372 1384 4418; baseline 0.005 -5"><span class='ocrx_word' id='word_1_402' title='bbox 619 4372 646 4400; x_wconf 73' lang='lat'>⁸</span> <span class='ocrx_word' id='word_1_403' title='bbox 671 4372 942 4417; x_wconf 66' lang='lat' dir='ltr'>ndu-triu·</span> <span class='ocrx_word' id='word_1_404' title='bbox 967 4374 1213 4418; x_wconf 63' lang='lat' dir='ltr'>charit-tt·</span> <span class='ocrx_word' id='word_1_405' title='bbox 1239 4377 1384 4418; x_wconf 70' lang='lat' dir='ltr'>aeliu.</span> 
     </span>
    </p>
   </div>
   <div class='ocr_carea' id='block_1_4' title="bbox 3319 1915 3321 3585">
    <p class='ocr_par' dir='ltr' id='par_1_5' title="bbox 3319 1915 3321 3585">
     <span class='ocr_line' id='line_1_48' title="bbox 3319 1915 3321 3585; baseline 0 0"><span class='ocrx_word' id='word_1_406' title='bbox 3319 1915 3321 3585; x_wconf 95' lang='lat' dir='ltr'> </span> 
     </span>
    </p>
   </div>
   <div class='ocr_carea' id='block_1_5' title="bbox 3319 4010 3321 4762">
    <p class='ocr_par' dir='ltr' id='par_1_6' title="bbox 3319 4010 3321 4762">
     <span class='ocr_line' id='line_1_49' title="bbox 3319 4010 3321 4762; baseline 0 0"><span class='ocrx_word' id='word_1_407' title='bbox 3319 4010 3321 4762; x_wconf 95' lang='lat' dir='ltr'> </span> 
     </span>
    </p>
   </div>
  </div>
 </body>
</html>
