3357 4995
658 299 786 363 458
1458 313 1535 359 nr.
1583 313 1640 359 s.
1695 313 1921 360 zosmo
1970 313 2259 359 mama
2765 294 2985 358 JUNII
3034 293 3116 357 ⁴9

568 399 1038 486 consequaris.
1107 397 1202 466 Ad
1260 398 1426 467 haec
1476 411 1758 467 sanctus
1808 409 2069 487 martyr
2117 398 2479 466 Leontius:
2528 419 2563 463 «
2615 401 2692 465 Et
2738 417 3110 484 quaenam,

572 490 833 575 inquit,
888 487 1192 576 dignitas
1240 487 1404 556 tanti
1457 488 1629 567 erit,
1686 498 1761 556 ut
1807 508 1932 576 ego
1994 492 2206 556 Deum
2258 508 2490 555 meum
2535 506 2777 576 negem
2817 541 2831 566 ,
2885 493 2956 554 et‘
2998 484 3122 554 tibi

569 577 936 648 obediam?
971 581 1161 646 Mene
1203 575 1521 658 hortariS,
1569 589 1647 645 ut
1705 576 2164 646 daemonibus
2198 576 2335 646 tuis
2391 574 2797 654 sacrificem,
2835 596 2994 644 cum
3037 595 3122 642 ne

569 679 750 735 totus
797 665 1077 752 quidem
1132 666 1439 734 mundus
1467 665 1638 733 tanti
1672 665 1783 744 sit,
1828 676 1904 734 ut
1943 687 2103 734 cum
2139 664 2389 733 Christi
2432 664 2563 733 mei
2599 663 2929 733 charitate
2959 684 3122 732 con·

568 754 726 824 ferri
779 755 1040 845 possit?
1076 778 1112 820 »
1164 759 1328 828 Cum
1385 754 1597 844 igitur
1645 754 1986 823 Adrianus
2032 755 2183 843 ejus
2219 766 2516 823 mentem
2562 753 2652 822 ita
2693 753 2967 822 firmam
3020 751 3117 819 vi-

569 845 804 924 disset,
858 855 933 913 ut
985 844 1237 918 mutari
1290 865 1423 911 non
1471 855 1721 933 posset,
1771 843 1948 911 hanc
1982 843 2388 912 sententiam
2426 856 2666 910 contra
2698 841 2898 910 illum
2933 839 3112 909 tulit:

572 932 970 1013 Leontium,
1035 933 1157 1019 qui
1206 932 1341 1001 diis
1391 932 1629 1012 libare,
1684 945 1748 1000 et
1815 931 2258 1021 Imperatoris
2305 931 2529 1000 edicto
2581 933 2819 1021 parere
2869 929 3115 1009 noluit,

574 1033 980 1109 nostrosque
1031 1022 1228 1090 nobis
1278 1022 1610 1112 propitios
1660 1020 1825 1089 deos
1873 1021 2307 1109 contempsit,
2352 1021 2687 1109 jubemus
2735 1041 2771 1087 e
2820 1030 3119 1105 quatuor

574 1111 880 1179 vectibus
928 1132 1372 1200 suspensum,
1430 1123 1566 1179 tam
1615 1110 1738 1178 diu
1788 1108 2152 1190 verberari,
2208 1108 2424 1178 donec
2473 1109 2779 1177 animam
2829 1109 3118 1177 emittat.

662 1202 698 1286 ξ
737 1203 884 1271 18.
941 1205 1107 1268 Cum
1158 1199 1370 1288 igitur
1418 1212 1701 1268 sauctus
1752 1209 2013 1287 martyr
2060 1199 2381 1267 Leontius
2415 1198 2681 1268 diutius
2732 1197 3118 1265 verberare·

579 1301 709 1366 tur,
764 1302 829 1356 et
876 1287 1280 1357 vulneribus
1327 1310 1405 1356 ac
1456 1287 1678 1377 plagis
1731 1287 2166 1366 laceraretur,
2223 1287 2542 1377 spiritum
2581 1308 2788 1354 suurn
2837 1285 3125 1354 Domino

578 1377 879 1457 tradidit,
918 1389 981 1444 et
1012 1377 1081 1444 in
1126 1376 1347 1466 ipsius
1394 1375 1688 1465 Tripolis
1734 1375 2202 1465 (Phaem'ciae)
2253 1389 2454 1465 portu
2504 1374 2817 1464 sepultus
2865 1388 2967 1442 est
3008 1373 3126 1442 de-

580 1466 999 1534 cimooctavo
1062 1464 1172 1533 die
1233 1466 1493 1534 mensis
1533 1465 1767 1553 junii,
1822 1488 1979 1533 cum
2037 1464 2296 1533 mundo
2359 1463 2492 1554 ipsi
2543 1463 2802 1532 bonum
2855 1463 3127 1532 virtutis

578 1566 1106 1623 monumentum
1157 1553 1635 1640 dereliquerit:
1696 1566 1976 1642 martyr,
2025 1554 2334 1639 inquam,
2391 1553 2734 1630 Leontius,
2769 1574 2891 1642 per
2917 1573 3124 1639 quem

581 1649 755 1711 Deus
805 1643 913 1711 sui
962 1643 1153 1731 regni
1209 1655 1466 1732 partem
1513 1643 1711 1712 nobis
1759 1643 2112 1712 concedat.
2161 1647 2339 1710 Haec
2390 1642 2886 1710 commentaria
2948 1640 3153 1709 beati·

579 1733 894 1818 martyris
954 1732 1208 1800 Leontii
1269 1736 1484 1819 Cyrus
1518 1732 1802 1819 quidam
1856 1733 2083 1800 scriba
2132 1731 2201 1798 in
2251 1730 2503 1799 tabulis
2555 1730 2905 1819 plumbeis
2961 1750 3127 1799 con-

578 1821 876 1909 scripsit,
914 1832 978 1888 et
1011 1820 1196 1909 apud
1247 1821 1466 1889 sancti
1516 1821 1838 1908 martyris
1876 1832 2402 1889 monumentum
2436 1841 2510 1886 ea
2545 1819 2885 1908 deposuit,
2926 1832 3002 1888 ut
3044 1819 3130 1887 iis

576 1910 696 1994 qui
740 1922 967 1998 postea
1011 1909 1225 1977 futuri
1279 1922 1462 1988 sunt,
1500 1910 1839 2009 optimum
1871 1909 2261 1999 exemplum
2305 1908 2723 1994 relinqueret
2754 1908 2821 1976 in
2865 1907 3129 1977 Christo

575 2003 741 2066 Jesu
792 1999 1074 2066 Domino
1123 2009 1375 2068 nostro.
1434 1999 1762 2085 Quisquis
1812 1998 2024 2088 igitur
2083 2021 2156 2066 ea
2211 1998 2395 2087 legit,
2435 2010 2499 2064 et
2547 1997 2798 2065 bonam
2861 2019 2938 2066 ac
2970 2019 3130 2065 san-

577 2098 753 2154 ctam
802 2087 1115 2175 Martyris
1150 2086 1650 2157 confessionem
1685 2087 1899 2166 audit,
1939 2110 2183 2156 manus
2218 2087 2289 2153 in
2324 2085 2592 2155 coelum
2630 2086 2872 2175 erigat,
2904 2098 2969 2154 et
3000 2091 3129 2155 Deo

580 2175 714 2264 ipsi
750 2176 1037 2265 gloriam
1084 2175 1344 2255 reddat,
1393 2177 1512 2262 qui
1561 2177 1846 2264 martyri
1883 2176 2279 2265 patientiam
2320 2175 2688 2265 suggessit.
2727 2175 3127 2264 Martyrium

579 2277 804 2332 autem
838 2265 1205 2354 complevit
1237 2265 1485 2333 Christi
1519 2279 1780 2353 martyr
1814 2266 2133 2334 Leontius
2167 2264 2674 2332 decimooctavo
2709 2263 2821 2331 die
2873 2264 3130 2333 mensis

573 2353 779 2440 junii,
836 2368 911 2422 ut
948 2355 1093 2441 jam
1147 2353 1473 2434 diximuS,
1533 2356 1664 2423 sub
1714 2359 2132 2443 Imperatore
2166 2353 2618 2442 Vespasiano,
2659 2353 2726 2420 in
2766 2352 2966 2422 nobis
3006 2375 3129 2420 au-

581 2455 709 2510 tem
763 2455 1091 2533 regnante
1143 2443 1430 2512 Domino
1483 2456 1714 2512 nostro
1760 2450 1927 2512 ,lesu
1977 2443 2284 2512 Christo:
2341 2440 2461 2510 Cui
2511 2441 2600 2511 sit
2648 2440 2875 2531 gloria
2924 2442 2990 2510 in
3027 2463 3130 2510 se-

579 2532 735 2599 cula
787 2533 1203 2611 seculorum,
1259 2537 1493 2601 Amen.

1276 2739 1896 2840 MARTYRlUM
1965 2739 2039 2839 S.
2113 2738 2433 2839 ZOSlMl

1859 2957 1893 2992 η.

686 2980 764 3026 Ex
811 2979 949 3026 MSS·
1002 2977 1263 3027 GRAECIS
1312 2979 1582 3026 OPTIMAE
1630 2980 1823 3026 FIDEI.
1939 2980 2448 3027 INTERPRETANTR
2496 2980 2676 3028 CARD.
2730 2978 3006 3026 SIRLRTO.

1075 3141 1364 3196 Ineunte
1406 3154 1581 3197 saec.
1627 3142 1721 3197 Π.
1769 3171 1845 3180 -
1887 3143 1995 3195 Ex
2035 3141 2296 3197 Pisidia
2335 3141 2410 3198 in
2450 3143 2635 3199 Asia..

670 3326 705 3408 ,ξ
746 3329 822 3393 Ι.
879 3322 1148 3403 Quibus
1198 3323 1624 3411 temporibus
1674 3324 2011 3413 Trajanus
2059 3328 2440 3413 Imperator
2487 3329 2957 3393 Romanorum
2992 3326 3131 3390 Im-

582 3411 851 3502 perium
906 3412 1197 3490 tenebat,
1255 3412 1472 3480 multa
1524 3412 1868 3481 idolorum
1908 3412 2180 3480 insania
2227 3426 2293 3481 et
2338 3433 2551 3493 error,
2592 3413 2949 3499 multaque
2978 3432 3134 3479 cae-

578 3502 748 3569 citas
821 3499 1121 3568 Gentiles
1181 3499 1551 3569 detinebat.
1619 3501 2079 3583 Quamobrem
2149 3523 2401 3592 magna
2462 3501 2845 3591 persecutio
2900 3512 3140 3570 contra

575 3589 953 3657 Ecclesiam
1026 3588 1135 3657 Dei
1208 3589 1793 3658 commovebatur.
1863 3595 2019 3658 Erat
2080 3603 2307 3659 autem
2362 3589 2793 3658 Domitianus
2848 3589 3134 3676 quidam

578 3678 971 3746 Antiochiae
999 3676 1297 3746 Pisidiae
1323 3684 1621 3747 l'raeses:
1655 3678 1776 3764 qui
1807 3700 1967 3747 cum
2002 3684 2491 3767 Imperatorem
2519 3679 2891 3769 Trajanum
2922 3678 3134 3748 adiis-

579 3779 703 3846 set,
761 3767 952 3856 petiit
986 3766 1118 3836 sibi
1171 3766 1319 3835 dari
1372 3778 1773 3856 potestatem
1825 3767 2159 3837 adversus
2211 3767 2631 3837 Christianos
2682 3768 3024 3849 homineS,
3053 3778 3132 3836 ut

576 3856 1004 3943 quicumque
1055 3855 1190 3924 diis
1225 3855 1396 3946 ipsis
1427 3854 1790 3924 immolare
1819 3856 2175 3936 noluisset,
2213 3856 2403 3946 gravi
2435 3856 2784 3946 supplicio
2825 3856 3127 3924 afficere-

575 3957 710 4013 tur.
745 3944 867 4013 Hic
894 3965 1055 4013 cum
1087 3944 1490 4032 hujusmodi
1569 3957 1923 4013 otestatem
1953 3945 2356 4035 accepisset,
2395 3957 2461 4014 et
2487 3947 2842 4014 armatura
2876 3944 3134 4013 diaboli

575 4033 864 4102 indutus
891 4045 1092 4113 esset,
1142 4046 1470 4118 tanquam
1542 4055 1621 4101 eo
1654 4034 1941 4119 quidam
1974 4033 2308 4103 fremebat
2348 4034 2682 4105 adversus
2721 4056 2838 4103 eos
2869 4034 3018 4121 qui,
3051 4032 3135 4102 ad

575 4134 864 4192 mortem
917 4143 1163 4208 usque,
1203 4121 1316 4190 Dei
1366 4120 1871 4191 confessionem
1924 4122 2310 4192 servabant.
2369 4123 2563 4192 Venit
2609 4136 2838 4192 autem
2888 4125 2960 4191 in
3023 4144 3140 4191 ur-

576 4211 735 4281 bem
803 4211 1290 4301 Apolloniam,
1349 4231 1468 4299 per
1518 4211 2059 4300 Soropolitarum
2115 4211 2491 4301 regionem.
2548 4216 2856 4298 Cumque
2907 4233 3139 4301 perse-

577 4301 763 4370 cutio
814 4300 1258 4380 immineret,
1314 4300 1624 4370 Zosimus
1696 4300 1983 4386 quidam
2035 4299 2234 4370 miles
2284 4300 2493 4370 fidem
2545 4300 2792 4369 Christi
2842 4300 3138 4391 cupiens

624 4422 650 4448 ¹⁸
679 4423 933 4471 Perpetem
954 4419 1120 4462 surius
1143 4431 1197 4462 ex
1217 4422 1503 4470 Lypomano,
1535 4423 1835 4472 Memphi-asro
1854 4427 2029 4461 auctore
2048 4421 2339 4471 praemunt.
