3357 4995
176 319 390 386 JUNII
437 323 479 385 5
848 339 925 384 nn
973 338 1028 385 s.
1085 336 1419 387 nomi-Amo
1466 337 1665 386 muse.
1721 338 1798 386 m·
1843 339 2032 386 mar.
2453 345 2456 348 ·
2496 323 2609 386 42⁴
2701 331 2706 342 ·

181 423 466 493 Orabam
519 422 830 493 tentoriis
877 422 1030 492 fixis
1078 422 1379 509 quadam
1413 434 1607 493 nocte
1647 423 2051 513 permansit.
2098 428 2255 493 Tota
2310 437 2537 495 autern
2592 447 2711 502 no-

183 524 284 581 cte
325 511 442 580 illa
475 511 592 581 lux
631 510 922 581 coelitus
956 533 1196 601 sparsa
1244 510 1498 591 locum,
1554 512 1623 579 in
1674 533 1814 598 quo
1863 510 1981 580 ille
2020 511 2365 594 manebat,
2398 515 2704 586 ambivit:

183 613 375 688 atque
422 600 494 669 in
551 600 704 691 ipsa
761 599 912 668 luce
961 603 1026 669 S.
1064 599 1347 669 Michael
1401 600 1665 670 Archan
1721 599 1871 670 elus
1919 599 1981 669 ei
2029 621 2117 690 ap
2172 602 2376 681 aruit,
2412 624 2713 690 eumque

182 690 249 757 in
294 689 583 758 Domino
630 687 1057 758 confortavit.
1116 693 1309 758 Mane
1358 688 1461 757 vir
1508 689 1625 758 Dei
1702 689 1972 759 andans
2011 701 2077 758 et
2124 623 2538 759 benedicens
2589 698 2713 761 Do-

179 778 467 856 minum,
521 777 883 847 Missarum
937 776 1271 847 solemnia
1320 776 1461 846 illic
1509 777 1883 857 celebrat,·
1921 799 2000 847 ac
2049 777 2299 847 deinde
2346 779 2585 848 eodem
2638 784 2710 850 in

178 867 318 937 loco
369 866 743 956 prandium
794 866 923 935 sibi
975 867 1204 955 parari
1242 866 1463 955 jubet.
1512 867 1787 936 Dicente
1834 879 2062 936 autem
2111 866 2428 936 ministro
2477 868 2714 941 deesse

170 954 401 1025 cibum
474 975 612 1043 quo
673 968 1097 1035 vesceretur,
1160 954 1275 1023 ille
1322 955 1714 1056 respondit:
1770 959 1959 1024 Itane
2005 955 2128 1041 qui
2178 952 2291 1026 tot'
2342 956 2709 1028 hominum

167 1044 382 1113 millia
437 1044 508 1113 in
558 1043 825 1113 deserto
870 1044 1073 1113 annis
1120 1043 1384 1130 quadra
1436 1057 1580 1114 tnta
1631 1045 1828 1132 pavit-
1866 1046 2145 1125 manna,
2200 1044 2373 1113 mihi
2424 1044 2713 1137 indigno

165 1132 441 1202 servulo
492 1154 618 1202 suo
658 1153 793 1201 non
848 1144 1061 1222 potest
1109 1132 1322 1202 unius
1421 1133 1506 1202 iei
1574 1133 1979 1218 alimoniam
2047 1133 2541 1233 suppeditare?
2591 1137 2712 1205 His

161 1221 393 1301 dictis,
440 1221 643 1311 jubet
682 1221 934 1310 apponi
1000 1242 1333 1290 mensam.
1390 1226 1653 1291 Interea
1702 1220 2072 1309 quaedam
2103 1243 2250 1291 avis
2297 1222 2592 1304 advolat,
2647 1237 2712 1293 et

161 1312 431 1400 piscem
484 1331 602 1379 ore
649 1307 874 1378 ferens
905 1310 1022 1396 qui
1067 1308 1184 1378 illo
1217 1309 1329 1379 die
1376 1310 1460 1378 ad
1504 1310 1739 1379 cibum
1777 1309 2143 1390 sufficeret,
2183 1323 2341 1379 ante
2399 1333 2709 1381 mensam

159 1399 474 1489 deponit.
530 1402 701 1467 Tum
757 1418 909 1467 vero
957 1411 1238 1468 sanctus
1277 1398 1556 1467 Praesul
1619 1401 1876 1490 gratias
1925 1399 2067 1489 agit
2117 1403 2270 1480 Deo,
2312 1400 2712 1489 piscemque

161 1487 454 1558 mandat
501 1508 718 1576 ocyus
766 1487 1185 1587 praeparari.
1220 1491 1533 1574 'Cumque
1588 1509 1668 1558 ex
1719 1486 1835 1556 illo
1886 1486 2318 1568 comedisset,
2383 1489 2713 1576 reliquias

158 1576 225 1644 in
284 1577 553 1645 flumen
606 1576 849 1665 projici
892 1574 1110 1662 jubet.
1145 1575 1313 1644 Inde
1342 1588 1659 1678 coeptum
1696 1597 1988 1667 carpens
2039 1576 2187 1656 iter,
2222 1577 2710 1668 Thuringiam-

157 1686 293 1751 que
344 1667 755 1754 peragranS.
808 1676 1123 1733 accurate
1186 1664 1611 1755 perquisivit,
1672 1665 1874 1765 cujus
1922 1678 2101 1736 esset
2150 1665 2265 1734 ille
2316 1666 2529 1747 locus,
2562 1668 2708 1737 ubi

156 1774 232 1822 ea
268 1754 452 1822 visio
486 1752 621 1841 ipsi
650 1751 782 1821 fuit
827 1751 1076 1821 oblata.
1116 1757 1420 1838 Cumque
1466 1765 1914 1842 comperisset
1952 1758 2310 1854 Hugonem
2368 1757 2709 1825 seniorem

157 1844 313 1931 eJ'us
364 1863 518 1911 esse
566 1840 954 1920 dominum,
1020 1842 1214 1930 petiit
1275 1840 1474 1910 illum
1539 1840 1671 1911 sibi
1717 1841 1896 1912 dono
1943 1841 2118 1910 dari.
2177 1847 2324 1912 Non
2372 1846 2713 1915 recusavit

158 1935 365 2020 Hugo
396 1984 413 2011 ,
538 1930 893 2015 rimusque
954 1928 1137 2018 apud
1190 1929 1580 2019 Thuringos
1629 1929 2113 1999 haereditatem
2184 1953 2378 2001 suam
2431 1932 2713 2002 tradidit

156 2040 464 2088 veneran
518 2039 562 2087 o
632 2017 958 2096 Praesuli.
1028 2022 1183 2087 Post
1228 2040 1384 2087 eum
1438 2017 1769 2098 Alboltus,
1844 2019 2379 2108 pluresquealii
2429 2021 2712 2120 praedia

156 2106 312 2176 loco
366 2106 477 2175 illi
526 2106 748 2175 vicina
783 2106 1168 2175 donarunt:
1223 2106 1477 2193 quibus
1517 2105 1807 2197 adeptis,
1845 2120 2124 2178 sanctus
2153 2108 2542 2181 Bonifacius
2571 2109 2711 2180 fru-

156 2197 335 2266 tices
367 2194 516 2264 illic
563 2195 913 2285 extirpari,
969 2207 1357 2281 terramque
1404 2194 1611 2264 incoli
1657 2195 2027 2275 mandavit,
2074 2197 2418 2286 jactisque
2466 2197 2711 2267 funda-

153 2284 447 2362 mentis,
507 2282 836 2373 templum
886 2283 1201 2352 extruxit.

240 2375 283 2460 ξ
335 2375 481 2444 18.
536 2372 813 2441 Interim
852 2373 954 2440 vir
987 2372 1225 2443 beatus
1262 2371 1669 2459 praedicans
1699 2384 1764 2441 et
1798 2373 2153 2462 baptizans
2193 2373 2378 2461 apud
2416 2373 2711 2443 Thurin-

152 2483 282 2551 gos
317 2474 390 2531 et
420 2460 694 2530 Catthos
722 2460 865 2530 sive
895 2464 1166 2538 Hessos,
1207 2458 1374 2530 vidit
1416 2460 1702 2530 multam
1755 2461 2034 2548 quidem
2088 2459 2229 2531 illic
2260 2473 2486 2531 extare
2536 2483 2712 2533 mes-

152 2572 335 2630 sem,
376 2549 499 2620 sed
547 2549 895 2639 operarios
940 2571 1223 2706 praucosn
1259 2562 1324 2618 et
1355 2550 1471 2635 qui
1527 2562 1751 2619 tantae
1798 2550 2225 2619 credentium
2279 2550 2710 2619 multitudini

154 2637 634 2709 instituendae
668 2660 801 2707 non
853 2660 934 2707 su
989 2649 1266 2707 merent.
1314 2639 1494 2708 Misit
1532 2639 1746 2728 igitur
1793 2639 1861 2707 in
1924 2639 2212 2728 patriam
2265 2659 2489 2719 suam,
2529 2640 2708 2708 acci-

155 2729 415 2817 vitque,
438 2748 574 2795 non
619 2726 821 2796 modo
872 2727 1052 2796 viros
1101 2726 1481 2816 religiOSOS,
1523 2740 1589 2796 et
1635 2727 2028 2797 multivaria
2076 2724 2462 2796 eruditione
2515 2750 2710 2818 prae-

158 2830 453 2895 stantes,
494 2814 611 2883 sed
661 2815 864 2884 etiam
916 2815 1274 2886 foeminas.
1331 2819 1405 2883 ln
1461 2816 1543 2886 iis
1605 2816 1962 2905 praecipui
2011 2815 2201 2886 fuere
2239 2816 2703 2897 BurcharduS,

161 2904 407 2974 Lullus
452 2904 552 2993 (et
588 2902 989 2992 Willeadus)
1038 2903 1497 2985 Williboldus,
1546 2904 2056 2985 winnibaldus,
2096 2903 2245 2991 ejus
2277 2904 2483 2974 frater
2509 2906 2710 2976 Witta

160 3006 223 3061 et
270 2998 406 3064 Gre
459 2991 684 3061 orius:
740 2992 808 3060 in
860 2990 1180 3062 foeminis
1235 3006 1464 3063 autem
1533 2993 1927 3084 religiosis,
1998 3006 2356 3063 matertera
2409 2999 2473 3062 S.
2531 2996 2708 3065 Lulli

162 3016 581 3171 Cunigffffls,
633 3094 699 3150 et
748 3081 888 3149 filia
935 3081 1085 3172 ejus
1143 3086 1292 3150 Bert
1346 3082 1481 3161 itis,
1540 3083 1699 3152 item
1752 3082 2174 3177 Cunitrudis
2215 3083 2436 3162 Tecla‚
2478 3084 2705 3165 Lioba,

159 3184 225 3238 et
274 3169 702 3326 waltpurgis
733 3190 926 3240 soror
980 3170 1269 3241 Willibol
1332 3171 1444 3240 iet
1472 3171 1913 3252 Winnibaldi,
1958 3176 2023 3241 S.
2063 3170 2452 3241 Cunihildis
2477 3185 2542 3241 et
2566 3172 2712 3243 filia

166 3259 526 3348 Bertgitis,
624 3257 1004 3328 iberalibus
1052 3259 1357 3330 scientiis
1415 3259 1749 3340 eruditae,
1802 3259 1986 3351 apud
2037 3260 2425 3350 Thuringos
2491 3264 2711 3351 magi-

166 3359 349 3417 strae
397 3361 563 3417 sunt
587 3347 1016 3416 constitutae.
1058 3347 1457 3417 Cunitrudis
1488 3348 1700 3418 missa
1728 3362 1830 3418 est
1862 3349 1931 3417 in
1976 3348 2385 3435 Bajoariam,
2420 3363 2497 3418 ut
2525 3351 2711 3420 verbi

166 3433 388 3504 divini
438 3447 811 3505 sementem
882 3435 1024 3504 illic
1083 3435 1352 3504 faceret.
1421 3436 1686 3505 Teclam
1750 3458 1788 3504 a
1842 3436 1935 3507 ud
2002 3442 2365 3528 Moganum
2419 3437 2709 3507 fluvium

168 3523 531 3614 Kissingae
554 3535 619 3592 et
645 3523 1043 3593 Ochnofurti
1081 3523 1294 3594 voluit
1330 3545 1625 3594 manere.
1683 3459 1960 3595 Liobam
1996 3525 2293 3612 denique
2325 3526 2712 3615 virginibus

169 3612 387 3681 sacris
434 3611 620 3702 apud
671 3611 1327 3683 Bischofeshemium
1382 3612 1707 3702 praefecit
1733 3614 1789 3681 ’ἃ

252 3702 293 3787 ξ
341 3704 495 3771 19.
548 3704 856 3787 Cumque
889 3701 1106 3770 multa
1136 3701 1496 3771 hominum
1551 3701 1795 3781 millia,
1844 3714 1979 3771 tam
2011 3723 2132 3792 per
2162 3723 2255 3783 se,
2295 3702 2506 3789 quam
2551 3724 2712 3773 suos

171 3801 654 3858 conterraneos
701 3788 787 3858 ad
838 3789 1086 3859 Christi
1150 3789 1549 3879 religionem
1616 3790 1964 3871 traducta,
2031 3790 2467 3881 baptismatis
2516 3791 2709 3860 unda

173 3872 515 3959 diluisset,
569 3876 893 3946 defuncto
940 3877 1177 3947 beatae
1225 3878 1594 3948 memoriae
1625 3878 1949 3969 Gregorio
1981 3882 2040 3948 11
2074 3879 2256 3950 sedis
2292 3878 2715 3968 Apostolicae

170 3965 524 4046 Pontifice‚
586 3965 941 4052 Tertioque
990 3966 1312 4056 Gregorio
1359 3967 1670 4036 eamdem
1722 3967 1962 4037 sedem
1995 3968 2366 4048 obtinente,
2423 3973 2713 4037 Romam

172 4048 437 4142 legatos
484 4053 675 4125 misit
718 4053 840 4140 qui
887 4076 1046 4124 cum
1107 4075 1279 4124 novo
1336 4055 1662 4125 Pontifice
1724 4056 1975 4145 prioris
2032 4057 2375 4126 amicitiae
2442 4056 2715 4127 foedera

96 4154 101 4163 '
170 4155 601 4223 renovarent,
654 4153 721 4211 et
768 4142 1130 4232 pristinam
1183 4141 1684 4213 humanitatem
1738 4158 1943 4232 atque
1981 4144 2523 4215 benevolentiam
2560 4147 2713 4235 ejus

216 4340 245 4366 ·
275 4339 512 4381 coluntur
537 4340 695 4382 Sancti
717 4360 764 4369 -
784 4341 1084 4381 wammam
1105 4343 1206 4382 sive
1224 4342 1494 4381 wammam
1517 4350 1530 4380 ι
1550 4343 1676 4391 mm.
1698 4362 1748 4372 -
1770 4343 2106 4385 wicmannus
2128 4354 2191 4384 vu
2208 4345 2297 4393 jul.
2322 4364 2371 4373 -
2391 4344 2539 4384 LroaA
2561 4353 2713 4384 xxviii

165 4394 291 4441 sept.
314 4410 372 4421 -
390 4393 702 4434 Bou-manus
732 4403 815 4435 xxv
845 4395 936 4435 oct.
959 4413 1010 4449 .-
1030 4395 1219 4437 'rnecm
1247 4403 1308 4435 xv
1338 4398 1426 4434 oct.
1454 4414 1504 4423 —
1523 4394 1718 4435 Lucus
1749 4406 1847 4438 xvii
1878 4401 1969 4437 oct.
1995 4416 2048 4427 —
2080 4399 2396 4439 thtauanus
2426 4405 2508 4438 vm
2538 4406 2642 4437 nov.
2664 4416 2713 4424 -—

163 4446 512 4487 memotnus
539 4456 657 4488 xviii
685 4447 784 4488 dec.
