3357 4995
219 349 440 417 JUNII
495 349 578 412 12
1071 357 1154 412 οε·
1198 366 1254 412 s.
1309 362 1636 411 nonurmo
1684 363 1959 411 annum
2576 349 2693 414 274

223 451 643 537 derelinquit
667 470 1040 540 pauperem
1067 449 1138 517 in
1167 447 1519 519 seculum?
1543 450 1891 517 Patientia
1906 470 2287 538 pauperum
2302 472 2434 520 non
2448 452 2701 540 peribit
2722 455 2794 522 in

218 545 421 631 finem
470 540 755 630 (Psalm.
795 537 914 608 9³?
952 543 1029 607 Et
1089 558 1334 607 rursus
1382 536 1582 607 dicit:
1621 537 1952 607 Exaudiet
1976 557 2092 607 eos
2126 538 2463 609 Dominus
2494 551 2560 610 et
2609 540 2782 610 libe-

221 630 407 700 rabit
451 651 567 698 eos
615 628 702 697 ab
733 650 773 696 a
850 627 1099 696 ictione
1127 628 1464 717 ipsorum.
1503 632 1626 696 Dat
1656 626 1843 695 enim
1887 626 2224 696 Dominus
2271 626 2654 715 unicuique
2682 652 2785 700 se-

221 717 539 789 cundum
583 717 911 797 laborem,
950 737 1156 802 quem
1195 727 1472 806 propter
1520 716 1755 805 ipsum
1807 715 2160 787 sustinuit.
2208 720 2454 786 Beatus
2472 729 2575 788 est
2620 740 2696 788 er
2744 741 2784 788 o

119 869 128 872 -
222 808 346 894 qui
386 805 550 876 facit
581 806 696 875 Dei
748 805 1167 875 voluntatem
1201 826 1411 895 super
1440 817 1718 873 terram.
1750 803 1988 895 Angeli
2028 804 2428 875 ministrant
2466 806 2554 886 ei,
2594 819 2660 876 et
2716 830 2792 877 a-

223 896 422 997 ciunt
476 916 635 964 eum
700 894 1027 975 exultare,
1081 906 1146 963 et
1202 895 1266 963 ei
1328 895 1508 963 vires
1556 891 1826 963 addunt
1874 892 2174 983 singulis
2223 892 2449 974 hori5‚
2488 894 2656 964 dum
2690 909 2793 966 est

226 1007 296 1053 in
332 1004 565 1054 carne.

309 1076 350 1161 ξ
397 1076 493 1143 8.
543 1098 572 1138 ι
613 1076 780 1141 Cum
815 1083 1042 1141 autem
1081 1095 1121 1140 a
1145 1071 1412 1142 ‘sanctis
1448 1072 1787 1162 patribus,
1827 1072 1948 1158 qui
1983 1083 2180 1140 erant
2214 1070 2285 1138 in
2328 1073 2770 1158 monasterio,

224 1163 394 1232 haec
442 1161 844 1232 didicissem
893 1182 1018 1251 ego
1055 1161 1393 1230 minimus
1443 1159 1841 1241 Honofrius,
1883 1171 2215 1247 tanquam
2266 1159 2472 1230 melle
2519 1159 2793 1246 suavis-

228 1252 405 1324 simo
452 1261 517 1319 et
557 1250 792 1318 anima
821 1262 886 1319 et
914 1249 1119 1318 corde
1167 1249 1492 1338 repletus,
1537 1269 1861 1339 magnam
1912 1249 1981 1316 in
2034 1270 2144 1317 me
2175 1249 2379 1319 'sensi
2426 1252 2790 1344 correctio-

224 1361 410 1420 nem,
466 1339 635 1408 adeo
675 1350 750 1407 ut
799 1338 884 1407 ab
932 1338 1021 1409 iis
1069 1359 1245 1424 quae
1294 1338 1552 1416 audivi,
1609 1336 1894 1427 perinde
1942 1360 2024 1405 ac
2074 1338 2134 1408 si
2183 1336 2471 1408 fuissem
2526 1340 2597 1407 in
2649 1340 2787 1409 alio

226 1427 515 1508 mundo,
569 1449 722 1496 mea
793 1438 1056 1496 mutata
1116 1428 1203 1497 sit
1268 1427 1610 1517 cogitati0‚
1673 1438 2131 1517 promptoque
2178 1438 2243 1495 et
2293 1426 2505 1496 alacri
2536 1429 2790 1498 animo

227 1528 437 1586 noctu
478 1537 795 1606 surgens,
837 1516 1071 1605 accepi
1122 1537 1380 1606 paucos
1430 1537 1666 1605 panes,
1704 1515 1825 1601 qui
1877 1515 2051 1584 mihi
2099 1516 2266 1584 satis
2305 1527 2502 1586 erant
2550 1516 2635 1586 ad
2667 1517 2792 1586 ali-

225 1619 538 1674 mentum
590 1626 809 1689 usque
858 1605 941 1672 ad
993 1617 1293 1691 quatuor
1337 1604 1510 1673 dies.
1568 1603 1941 1674 Studebam
1972 1604 2158 1672 enim
2193 1626 2633 1695 cognoscere,
2673 1606 2789 1674 de-

224 1693 479 1764 ductus
527 1694 724 1763 a'Dei
773 1693 1227 1783 providentia,
1268 1693 1557 1778 ubinam
1592 1715 1702 1761 me
1734 1691 1932 1762 vellet
1981 1693 2318 1762 habitare.
2354 1698 2402 1761 E
2446 1707 2787 1765 monaste-

224 1783 327 1852 rio
375 1794 603 1852 autem
637 1782 998 1873 egrediens
1033 1782 1152 1850 illa
1184 1794 1404 1863 nocte,
1444 1782 1596 1851 veni
1625 1782 1694 1848 in
1728 1781 1906 1850 viam
1939 1782 2216 1862 montiS,
2252 1782 2490 1851 volens
2517 1783 2789 1873 ingredi

225 1871 297 1940 in
350 1871 825 1941 solitudinem.
872 1870 1336 1940 Animadverti
1372 1892 1526 1939 vero
1577 1869 1799 1939 lucem
1844 1892 2022 1957 quae
2051 1883 2199 1940 erat
2231 1885 2390 1940 ante
2422 1894 2557 1942 me.
2587 1877 2789 1942 Cum—

225 1982 364 2048 que
411 1982 565 2029 eam
618 1960 967 2041 vidissem,
1022 1960 1220 2029 valde
1268 1981 1425 2028 sum
1477 1960 1905 2050 perterrituS,
1938 1959 2108 2029 adeo
2157 1972 2233 2029 ut
2271 1959 2644 2029 consilium
2674 1982 2789 2029 ce-

277 2049 452 2117 erim
495 2048 581 2118 de
630 2048 1027 2118 revertendo
1092 2048 1176 2117 ad
1231 2048 1459 2118 locum
1525 2049 1591 2116 in
1644 2070 1785 2134 quo
1834 2070 2022 2118 eram
2074 2049 2294 2138 priuS‚
2349 2061 2414 2118 et
2454 2048 2540 2118 de
2591 2048 2659 2117 in
2711 2071 2791 2119 eo

225 2071 631 2219 iiabitandc),
685 2151 761 2207 ut
810 2138 1028 2227 prius.
1086 2137 1213 2206 Sed
1252 2137 1378 2207 hoc
1414 2137 1587 2206 mihi
1622 2136 1753 2206 suit
1785 2149 2274 2227 argumentum
2312 2138 2599 2225 majoris
2632 2160 2791 2228 pro-

225 2225 449 2295 fectus
497 2227 566 2293 in
624 2228 931 2310 Domino.
975 2232 1141 2294 Ecce
1188 2228 1372 2294 enim
1424 2247 1583 2295 cum
1617 2248 1744 2315 ego
1783 2226 2070 2297 fuissem
2123 2226 2427 2306 territuS,
2488 2227 2787 2316 insignis

229 2314 374 2395 ille,
428 2315 853 2402 quicumque
902 2316 961 2385 is
994 2328 1212 2406 esset,
1253 2316 1320 2383 id
1372 2316 1621 2394 sciens,
1661 2328 1764 2383 est
1810 2315 1896 2383 ad
1934 2336 2043 2384 me
2075 2336 2474 2395 conversuS,
2514 2316 2782 2385 etmihi

223 2425 446 2494 appro
499 2404 821 2489 inquens,
877 2404 1083 2472 dixit:
1139 2409 1230 2472 Ne
1284 2404 1550 2484 timeas,
1608 2425 1736 2493 ego
1784 2426 1939 2472 sum
1990 2403 2312 2494 AngeluS,
2385 2404 2507 2490 qui
2560 2417 2789 2473 tecum

225 2492 443 2562 ambu
475 2516 514 2562 o
544 2516 584 2562 a
634 2506 752 2563 tua
792 2493 1071 2563 ineunte
1106 2506 1346 2562 aetate.
1394 2496 1534 2562 Hoc
1583 2493 1767 2561 enim
1805 2492 2176 2563 consilium
2209 2506 2273 2563 et
2307 2492 2475 2562 haec
2509 2493 2791 2583 dispen—

225 2582 427 2656 satio,
485 2596 762 2671 propter
830 2604 1040 2670 quam
1095 2583 1310 2651 voluit
1359 2587 1535 2650 Deus
1587 2603 1695 2650 me
1746 2596 1968 2651 tecum
2022 2581 2356 2661 hahitare,
2427 2603 2614 2661 nunc
2668 2582 2789 2651 tibi

221 2671 609 2762 perficitur.
1395 2686 1404 2693 ·

308 2762 346 2846 ξ
391 2762 562 2832 un.-
611 2784 645 2824 «
685 2762 852 2828 Cum
901 2760 1069 2828 haec
1102 2773 1347 2842 autem¹
1385 2759 1556 2827 mihi
1606 2758 1915 2833 dixisset,
1954 2765 2225 2828 mecum
2280 2758 2688 2838 ambulavit,
2724 2770 2789 2828 et

220 2849 408 2917 venit
456 2848 526 2915 in
570 2847 1014 2917 solitudinem
1069 2849 1252 2917 circa
1280 2871 1394 2917 sex
1429 2847 1531 2915 vel
1564 2860 1820 2937 septem
1859 2845 2208 2916 milliaria.
2244 2851 2412 2916 Cum
2449 2869 2605 2916 vero
2631 2869 2789 2937 spe-

221 2936 503 3006 luncam
554 2937 879 3005 vidissem
934 2937 1418 3019 venerabilem,
1474 2937 1734 3006 accessi
1784 2957 1998 3036 prope
2046 2958 2224 3015 eam,
2281 2935 2515 3006 volens
2575 2936 2778 3017 scire,

220 3046 309 3094 an
366 3026 572 3094 homo
621 3027 692 3093 in
754 3047 832 3095 ea
882 3026 1243 3095 habitaret.
1298 3030 1605 3112 Cumque
1655 3045 2120 3114 pervenissem
2173 3024 2257 3094 ad
2309 3025 2591 3105 ostium,
2643 3025 2784 3095 cla—

220 3114 406 3184 mavi
436 3137 448 3180 :
485 3114 800 3194 Benedic‚
835 3115 1160 3183 Domine:
1199 3113 1264 3182 id
1303 3113 1541 3183 dicens
1569 3134 1693 3203 pro
1721 3135 1909 3182 more
1937 3113 2230 3183 fratrum
2258 3113 2787 3203 Christiaman-

221 3203 423 3272 tium.
480 3202 628 3271 Vidi
680 3215 909 3272 autem
961 3224 1193 3271 senem
1245 3203 1473 3271 virum
1524 3202 2072 3281 sanctissimum,
2105 3200 2327 3271 forma
2356 3224 2511 3271 vero
2542 3202 2783 3273 admo-

219 3290 390 3361 dum
444 3292 859 3381 speciosum,
902 3304 967 3360 et
998 3291 1193 3361 vultu
1228 3313 1481 3381 magna
1523 3291 1805 3381 plenum
1858 3291 2100 3381 gratia.
2157 3296 2321 3360 Cum
2357 3313 2515 3361 eum
2552 3303 2787 3361 autem

218 3379 575 3459 vidissem,
631 3402 740 3449 me
789 3380 874 3449 ad
909 3382 1062 3470 ejus
1096 3380 1306 3470 pedes
1336 3380 1565 3449 statim
1611 3380 1870 3469 projeci
1923 3380 1989 3447 in
2031 3394 2305 3458 terram,
2335 3392 2402 3448 et
2425 3401 2585 3449 eum
2620 3401 2778 3450 sum

218 3481 608 3549 veneratus,
669 3475 821 3560 Ipse
869 3490 1026 3537 vero
1078 3490 1185 3537 me
1237 3490 1452 3541 manu
1491 3468 1805 3558 erigens:
1853 3474 1952 3537 Tu
1986 3489 2082 3547 es,
2123 3467 2372 3554 inquit,
2408 3468 2616 3537 frater
2646 3472 2781 3537 llo-

219 3555 515 3636 nofrius,
571 3558 693 3645 qui
719 3579 793 3629 es
821 3578 1017 3626 meus
1051 3556 1118 3624 in
1161 3558 1446 3627 Domino
1493 3569 1917 3647 cooperator.
1984 3555 2374 3647 Ingredere,
2415 3557 2557 3625 fili:
2600 3561 2783 3627 Deus

221 3646 347 3716 tibi
393 3667 594 3735 opem
645 3646 835 3728 seret,
876 3667 1426 3736 perseveresque,
1471 3659 1547 3716 ut
1578 3667 1651 3715 es
1701 3657 2004 3726 vocatus,
2039 3645 2223 3714 bona
2250 3644 2550 3734 implens
2575 3667 2787 3736 opera

219 3734 291 3803 iu
341 3736 493 3824 ejus
554 3736 821 3804 timore.
877 3741 1243 3825 Ingressus
1292 3747 1521 3805 autem
1574 3734 1722 3804 sedi
1760 3755 1919 3805 cum
1970 3755 2051 3804 eo
2101 3755 2362 3825 paucos
2409 3733 2580 3815 dies,
2637 3747 2784 3805 stu-

219 3822 393 3893 dens
422 3845 502 3892 ex
542 3845 622 3893 eo
676 3824 944 3895 discere
1001 3835 1318 3894 sanctum
1382 3846 1583 3915 opus,
1637 3823 1824 3910 quod
1859 3824 2066 3893 etiam
2115 3821 2391 3893 accidit.
2450 3828 2549 3892 Me
2596 3824 2785 3892 enim

221 3911 461 3983 docuit
503 3913 818 3983 instituta
865 3913 1042 3982 vitae
1101 3912 1584 3983 Eremitarum.
1640 3918 1809 3983 Cum
1877 3913 2027 4003 ipse
2072 3925 2301 3982 autem
2352 3913 2788 4003 cognovisset

215 4000 696 4071 illuminatum
745 4023 896 4072 esse
938 4024 1170 4072 meum
1214 4002 1538 4093 spiritum
1581 4001 1669 4070 ad
1705 4002 2120 4074 discendum
2146 4023 2325 4093 opus
2355 4002 2631 4071 Domini
2658 4023 2787 4070 no-

215 4090 340 4159 stri
374 4094 545 4160 Jesu
575 4091 849 4172 Christi,
887 4103 960 4161 et
993 4092 1457 4162 resistendum
1490 4091 1785 4161 occultis
1833 4090 2035 4161 bellis
2083 4091 2486 4171 adversarii,
2524 4104 2590 4160 et
2638 4112 2783 4159 me-

219 4189 368 4248 tum
434 4201 642 4267 quem
696 4181 904 4251 habet
951 4180 1273 4262 solitud0‚
1319 4181 1487 4250 dicit
1535 4181 1757 4251 mihi:
1815 4185 2056 4281 Surge,
2126 4180 2253 4262 fili,
2316 4193 2393 4250 ut
2441 4180 2788 4249 abducam

214 4277 278 4335 te
327 4268 399 4336 in
451 4267 738 4339 alteram
789 4269 1194 4361 speluncam
1233 4270 1303 4339 in
1341 4270 1652 4338 interiori
1703 4268 2102 4350 solitudine,
2141 4281 2208 4339 et
2254 4281 2331 4340 tu
2361 4270 2432 4338 in
2467 4291 2546 4338 ea
2590 4267 2782 4339 solus

216 4354 514 4437 habites,
556 4370 623 4427 et
672 4358 972 4429 laborem
1013 4359 1376 4428 sustineas.
1426 4358 1587 4428 Ideo
1633 4359 1825 4429 enim
1854 4370 1917 4428 te
1948 4359 2136 4428 misit
2185 4359 2521 4427 Dominus
2548 4367 2615 4426 et
2645 4357 2776 4425 hoc

217 4445 534 4527 consilio,
591 4459 667 4516 ut
734 4460 806 4518 tu
856 4449 926 4516 in
979 4449 1286 4519 interiori
1342 4448 1610 4519 habites
1659 4447 2058 4520 solitudine.
2114 4452 2283 4519 Cum
2321 4447 2492 4517 baec
2540 4457 2773 4517 autem
