3357 4995
225 327 432 392 JIJNII
485 330 526 391 ὃ
898 347 975 393 ΒΕ
1021 347 1077 393 s.
1132 346 1466 395 nominoio
1514 347 1712 395 arisc.
1765 349 1841 396 ET
1887 350 2076 398 mar.
2547 338 2670 402 ⁴15

312 431 345 515 ξ
389 434 481 500 6.
538 433 639 499 Ita
686 451 848 520 ergo
897 430 1255 518 utriusque
1307 431 1609 506 hominis
1664 432 1927 501 solatiis
1976 434 2376 517 instructuS,
2433 460 2760 528 prospero

226 538 422 587 cursu
472 520 599 587 iter
647 519 1002 610 ingressus
1048 532 1180 600 est,
1246 520 1690 610 pervenitque
1752 521 1836 591 ad
1898 521 2126 592 locum
2191 524 2312 609 qui
2375 526 2760 613 antiquitus

221 606 765 697 Anglosaxoiium
821 608 1149 678 vocabulo
1179 609 1435 678 dicitur
1458 609 1946 691 Lundenuvic;
1986 633 2106 680 nec
2141 612 2358 680 multo
2455 628 2560 685 ost
2586 616 2759 684 abiit

220 696 281 762 in
340 700 639 765 Dorstet:
704 697 828 766 ubi
889 696 1323 783 aliquamdiu
1362 711 1694 779 moratus,
1756 698 1867 768 die
1920 722 1999 784 ac
2047 712 2244 769 nocte
2309 700 2392 770 de
2444 703 2574 774 itas
2624 708 2756 773 Deo

215 783 533 872 persolvit
594 784 859 856 laudes.
912 790 1002 854 Ea
1064 798 1458 876 tempestate
1498 787 1676 856 inter
1720 786 2035 857 Carolum
2092 792 2507 860 Francorum
2561 793 2757 881 prin-

209 873 426 973 cipem
480 885 546 942 et
597 878 849 942 Ducem
899 875 1281 964 egregium,
1345 876 1849 963 Frisonumque
1911 899 2138 967 regem
2190 878 2576 949 Ratbbdum
2633 883 2753 949 ho-

206 961 380 1031 stilis
428 974 579 1031 orta
627 962 991 1043 dissensio,
1048 962 1342 1063 populos
1390 964 1718 1053 utrinque
1782 964 2266 1054 perturbabat,
2340 980 2406 1036 et
2454 969 2755 1039 maxima

204 1072 363 1138 pars
387 1050 865 1127 ,Ecclesiarum
916 1051 1161 1120 Christi
1212 1073 1389 1139 quae
1439 1053 1505 1120 in
1560 1053 1774 1122 Frisia
1843 1052 2085 1122 ditioni
2139 1059 2552 1126 Francorum
2593 1059 2754 1127 sub-

201 1139 384 1210 ditae
433 1138 731 1219 fuerant,
774 1139 1079 1209 Ratbodo
1127 1153 1580 1230 persequente
1627 1153 1693 1211 et
1740 1164 1967 1211 servos
2009 1142 2255 1214 Christi
2289 1145 2744 1300 sprofligante,

199 1240 465 1296 vastata
530 1240 594 1297 et
659 1227 1003 1321 destructa
1059 1242 1204 1310 est,
1260 1228 1818 1317 daemonumque
1882 1229 2113 1303 cultus
2163 1254 2286 1321 pro
2316 1234 2469 1302 anis
2525 1247 2754 1303 extru-

197 1316 329 1385 ctis
401 1315 610 1396 fanis‚
668 1316 1141 1387 miserandum
1193 1319 1261 1385 in
1319 1318 1600 1388 modum
1649 1318 2100 1389 instauratus.
2157 1322 2366 1412 Cujus
2418 1323 2513 1392 rei
2575 1324 2754 1392 indi-

197 1406 464 1494 gnitate
519 1418 869 1493 permotus
917 1406 1019 1475 vir
1067 1407 1206 1487 Dei,
1261 1407 1347 1476 ab
1419 1406 1558 1475 illis
1620 1406 1788 1477 locis
1854 1409 2155 1489 recessit,
2212 1411 2753 1499 perveniensque

197 1493 448 1563 Trecht
495 1494 649 1582 (sic
697 1494 879 1562 enim
932 1509 1170 1564 auctor
1218 1495 1441 1576 habet,
1548 1509 1663 1565 uto
1715 1509 1941 1565 autem
2007 1499 2387 1587 Trajectum
2450 1523 2527 1569 ea
2592 1523 2750 1569 voce

197 1581 648 1738 significari}
684 1604 843 1651 cum
879 1583 1136 1670 aliquot
1184 1584 1330 1653 dies
1364 1583 1458 1653 ibi
1516 1584 1782 1664 ecisset,
1809 1607 1886 1654 eo
1917 1586 2298 1656 venientem
2335 1609 2560 1688 regem
2592 1593 2751 1658 Rat-

192 1671 467 1827 ‹iimd’um
532 1669 594 1738 al
628 1684 872 1748 ocutus
938 1686 1070 1753 est,
1151 1694 1379 1753 oram,
1435 1685 1508 1742 ut
1558 1672 1657 1741 vel
1710 1673 1982 1742 tandem
2049 1697 2090 1743 a
2155 1689 2338 1745 tanta
2404 1677 2751 1767 impietate

239 1772 583 1828 esisteret.

281 1851 321 1933 ξ
374 1852 455 1919 ⁸2.
517 1847 768 1916 Deinde
797 1848 1173 1938 peragratis
1198 1848 1349 1939 ejus
1373 1862 1587 1919 terrae
1621 1848 1811 1928 lociS‚
1854 1850 2116 1920 solicite
2145 1853 2542 1942 exploravit,
2576 1877 2742 1925 num

192 1935 460 2006 alicubi
517 1937 583 2003 in
620 1957 697 2004 ea
739 1937 1091 2025 provincia
1132 1936 1573 2026 praedicandi
1624 1939 1807 2008 verbi
1855 1939 1970 2008 Dei
2028 1962 2099 2011 se
2149 1963 2221 2011 se
2268 1944 2746 2033 opportunitas

189 2025 499 2094 offerret.
556 2025 680 2095 Ubi
719 2038 943 2094 autem
998 2039 1148 2114 post
1197 2025 1483 2095 multam
1535 2027 2053 2112 inquisitionem
2114 2033 2431 2119 cognovit
2479 2053 2552 2101 se
2601 2032 2743 2101 sru-

191 2127 334 2182 stra
393 2112 542 2182 illic
583 2125 955 2182 sementem
1006 2113 1374 2196 facturum,
1431 2136 1643 2183 vacua
1682 2116 1983 2206 'spiritali
2038 2116 2380 2188 fertilitate
2428 2142 2590 2187 arva
2642 2144 2747 2189 re—

192 2201 558 2288 linquens,
611 2200 695 2270 ad
750 2201 971 2270 natale
1003 2201 1228 2271 solum
1260 2224 1332 2271 se
1371 2203 1635 2293 recipit.
1677 2208 1940 2273 Interea
1976 2208 2372 2276 monasterii
2416 2209 2524 2277 sui
2559 2223 2750 2298 pater

190 2290 526 2381 migravit
572 2312 611 2357 a
659 2290 834 2358 vita:
871 2289 1075 2378 cujus
1105 2290 1299 2360 obitu
1350 2290 1541 2360 valde
1589 2291 1822 2363 afflicti
1863 2292 2127 2374 fratreS‚
2164 2297 2381 2365 sancti
2425 2296 2550 2364 viri
2601 2299 2750 2387 spi-

188 2378 526 2448 ritalibus
562 2378 924 2465 colloquiis
973 2380 1254 2448 recreati
1301 2394 1487 2460 sunt,
1545 2380 1883 2460 hortantis
1930 2404 2045 2452 eos
2085 2396 2160 2451 ut
2201 2384 2268 2452 in
2321 2385 2743 2454 monasticae

186 2466 619 2557 disciplinae
664 2467 1094 2537 observantia
1138 2482 1637 2558 permanerent,
1692 2482 1755 2539 et
1803 2470 2102 2558 aliquem
2174 2473 2306 2541 sibi
2355 2473 2738 2573 spiritalem

188 2569 463 2647 patrem
515 2556 868 2647 eligerent.
915 2555 1021 2625 Illi
1072 2580 1226 2626 vero
1265 2557 1631 2647 diligenter
1676 2581 1756 2627 ea
1806 2561 1873 2627 in
1929 2583 1998 2628 re
2061 2561 2145 2629 ab
2197 2561 2346 2651 ipso
2395 2565 2738 2641 instructi,

185 2668 443 2715 omnes
496 2667 652 2714 eum
702 2645 1125 2714 unanimiter
1174 2647 1630 2735 precabantur
1660 2648 1814 2737 (per
1852 2648 1921 2717 id
1972 2661 2197 2717 autem
2250 2663 2525 2739 tempus
2560 2652 2747 2720 Win—

186 2734 426 2804 sridus
458 2733 868 2821 dicebatur),
923 2747 1001 2803 ut
1049 2736 1340 2830 pastoris
1388 2757 1548 2825 erga
1586 2737 1774 2825 ipsos
1800 2737 1942 2805 vice
1997 2737 2192 2827 fungi
2241 2760 2325 2807 ne
2367 2753 2736 2809 recusaret.

186 2828 262 2892 At
312 2823 435 2891 ille
484 2821 728 2891 altiora
775 2823 1008 2891 animo
1060 2823 1402 2903 volutans,
1460 2847 1592 2893 non
1641 2824 1920 2912 quidem
1984 2825 2260 2895 illorum
2315 2849 2546 2917 preces
2596 2828 2740 2898 ullo

190 2912 567 3001 superbiae
614 2910 797 2980 fastu
844 2912 1276 3000 contempsit,
1330 2913 1447 2981 sed
1481 2913 1796 2982 animum
1847 2936 2051 2983 suum
2108 2914 2246 2984 illis
2296 2919 2733 3006 expromens,

190 3001 283 3068 ait
346 3022 420 3068 se
494 2999 754 3089 patriae
817 2998 1197 3070 honoribus
1242 3013 1308 3069 et
1361 2999 1806 3071 facultatibus
1868 3002 1988 3073 des
2042 3002 2229 3084 ectiS,
2303 3027 2424 3094 pro
2494 3006 2743 3076 Christi

189 3110 428 3157 amore
475 3101 543 3158 et
591 3087 885 3157 aliorum
952 3087 1171 3158 salute
1221 3090 1804 3189 peregrinationes
1864 3113 1971 3159 me
2025 3091 2201 3160 itari.
2270 3094 2465 3175 Quod
2514 3108 2590 3164 ut
2641 3095 2746 3163 illi

191 3176 592 3256 audierunt,
662 3197 936 3245 summa
990 3177 1463 3247 benevolentia
1510 3178 1660 3266 ejus
1705 3181 2051 3268 proposito
2085 3203 2459 3253 assensere.
2500 3188 2581 3251 Ut
2620 3206 2745 3252 au-

82 3266 93 3277 “
194 3278 324 3333 tem
383 3267 605 3355 major
653 3264 1001 3333 accederet
1048 3266 1439 3347 auctoritaS,
1486 3267 1689 3336 etiam
1731 3266 1863 3336 loci
1910 3268 2060 3356 ejus
2104 3270 2551 3341 reverendum
2588 3273 2740 3361 Epi·

192 3375 487 3442 scopum
542 3352 887 3422 Danielem
942 3353 1133 3433 adiit,
1192 3367 1425 3444 petens
1475 3356 1562 3425 ab
1628 3355 1772 3434 illo,
1832 3370 1906 3425 ut
1953 3356 2104 3443 eius
2154 3358 2631 3430 benedictione
2678 3372 2742 3429 ct

194 3439 413 3511 literis
452 3442 1057 3521 commendatitiis,
1103 3447 1386 3513 Romam
1440 3444 1684 3523 ituruS‚
1723 3443 1859 3513 frui
1913 3458 2309 3517 mereretur.
2357 3449 2740 3538 Episcopus

195 3527 422 3598 libens
469 3530 739 3610 annuit,
778 3542 847 3621 ‘et
896 3530 1163 3620 providi
1214 3532 1504 3620 pastoris
1552 3532 1778 3602 ossicio
1817 3533 1939 3602 sun
1993 3556 2138 3613 ens,
2180 3536 2604 3625 Stephanum
2643 3538 2740 3605 vi-

194 3639 350 3687 rum
391 3620 650 3689 bonum
702 3620 976 3688 orbatae
1024 3621 1537 3710 congregationi
1567 3620 1935 3711 praeficien
1992 3645 2106 3691 um
2157 3624 2444 3704 curavit,
2502 3639 2565 3695 et
2615 3631 2739 3699 Bo-

196 3706 529 3776 nisacium
583 3708 697 3775 Dei
746 3729 1044 3787 servum,
1102 3709 1387 3798 longum
1425 3710 1550 3779 iter
1582 3712 1861 3800 peregre
1913 3724 2423 3795 suscepturum,
2464 3714 2548 3781 ad
2594 3714 2742 3783 loca

195 3808 429 3884 optata
478 3817 639 3866 cum
673 3797 819 3865 suis
868 3796 1081 3867 literis
1130 3819 1170 3865 a
1218 3820 1289 3866 se
1337 3797 1625 3869 dimisit.

278 3885 318 3969 ξ
369 3886 447 3954 8.
506 3890 593 3952 Ea
644 3885 854 3974 igitur
900 3884 1374 3955 benedictione
1435 3887 1671 3967 fretuS,
1732 3910 1887 3957 mox
1939 3888 2324 3959 valedicens
2372 3889 2733 3969 fratribus,

192 3970 309 4039 dat
361 3994 432 4041 se
489 3974 755 4053 itineri,
813 3986 1148 4043 terrarum
1197 3989 1262 4044 et
1322 3977 1534 4045 maris
1599 3976 1804 4065 longa
1851 3977 2073 4065 spatia
2134 3991 2199 4047 et
2266 3979 2537 4068 ignotas
2598 3980 2740 4047 vias

195 4081 632 4130 emensurus.
687 4061 975 4132 Collecta
1019 4076 1182 4133 sunt
1228 4076 1457 4133 autem
1493 4064 1577 4133 ad
1606 4087 1765 4133 eum
1796 4065 2104 4152 undique
2140 4088 2272 4135 non
2327 4068 2531 4155 pauci
2562 4070 2739 4137 servi

199 4149 341 4225 Dei,
375 4148 608 4218 eodem
639 4151 887 4240 spiritu
923 4150 1291 4222 ferventes:
1328 4153 1702 4243 cunctique
1739 4175 1880 4223 uno
1907 4156 2139 4224 animo
2179 4155 2486 4242 quotidie
2520 4157 2741 4225 multa

198 4250 598 4307 sanctorum
649 4240 902 4329 templa
954 4241 1358 4321 invisentes,
1415 4243 1750 4331 rogabant
1806 4257 1880 4312 ut
1927 4243 2260 4313 divinitus
2312 4245 2574 4336 adjuti,
2633 4260 2739 4314 tu-

198 4325 345 4393 tius
395 4325 658 4415 Alpium
701 4327 877 4418 ,iuga
905 4350 1255 4418 superare,
1291 4342 1354 4399 et
1388 4330 1996 4421 Longobardorum
2049 4333 2226 4404 feros
2275 4334 2544 4403 animos
2577 4356 2739 4422 erga

199 4434 273 4481 se
347 4410 529 4483 lenes
584 4416 1058 4491 et.humanos
1097 4419 1347 4487 sentire
1414 4432 1862 4490 mererentur.
1919 4425 2223 4508 Cumque
2296 4421 2735 4493 saevissimae
