3357 4995
728 323 811 389 98
2559 347 2570 357 ·
2880 314 2918 379 J
2925 311 3088 379 UNII
3132 312 3164 377 3

1175 544 1417 644 VITA
1487 543 1564 646 S.
1635 542 2143 645 LlPHARDl
2213 539 2652 642 ABBATIS

640 819 718 868 Aa
765 817 1030 867 mosam
1068 817 1308 875 omnm:
1354 812 1670 874 AUCTORE,
1711 816 1847 875 ssu,
1894 811 1978 862 υτ
2024 813 2333 874 armam,
2382 811 2510 861 ΝοΝ
2557 812 2750 861 uuam
2780 812 2924 860 mna
2969 811 3158 859 snm:

728 924 930 973 roano
980 926 1095 972 rsa
1146 923 1335 971 mna.
1388 922 1626 971 suanm
1673 919 1957 972 annaei-A
2003 921 2070 970 IN
2131 916 2563 980 commolunt,
2619 921 2732 968 san
2781 919 2922 969 snm
2965 917 3164 967 msto-

728 1032 876 1080 mn:
925 1029 1344 1079 paramum-o.
2901 1007 2910 1018 '

1237 1207 1510 1265 Floruit
1551 1206 1828 1265 saeculo
1871 1206 1969 1263 Ἦ
2010 1235 2088 1246 —-—
2128 1207 2287 1264 Nat.
2320 1206 2589 1263 Gallus,

730 1394 768 1478 ἓ
813 1396 891 1463 1.
944 1394 1190 1460 Beatus
1223 1387 1613 1479 Liphardus
1661 1385 1844 1476 apud
1879 1388 2280 1457 Aurelianos
2323 1385 2800 1476 inclytaortus
2832 1386 3154 1479 prosapia,

642 1481 715 1549 in
766 1479 918 1568 ipsa
939 1478 1301 1568 juventute
1349 1477 1432 1547 ad
1475 1476 1740 1567 Judicis
1787 1487 1891 1545 est
1937 1475 2345 1567 dignitatem
2383 1489 2660 1550 evectus
2745 1499 2820 1547 ro
2854 1498 2979 1547 sua
3017 1497 3163 1567 pru-

645 1568 878 1639 dentia
923 1580 987 1637 et
1035 1567 1267 1656 legum
1317 1563 1731 1657 cognitione.
1773 1569 1852 1633 In
1900 1585 2039 1653 quo
2087 1586 2255 1634 sane
2306 1586 2596 1634 munere
2633 1499 3162 1637 acfministrando

646 1659 742 1728 ita
774 1668 877 1726 est
923 1656 1255 1726 rationem
1305 1666 1370 1726 et
1420 1654 1833 1743 aequitatem
1875 1675 2149 1744 semper
2194 1666 2498 1735 secutuS,
2537 1665 2614 1723 ut
2659 1676 2704 1724 a
2740 1654 3046 1744 justitiae
3074 1669 3164 1721 re·

643 1744 979 1817 ctitudine
1028 1766 1162 1814 non
1213 1744 1583 1814 deflexerit.
1622 1741 1834 1812 Multa
1871 1765 2031 1813 eum
2081 1765 2323 1814 omnes
2357 1741 2799 1814 veneratione
2822 1762 3165 1833 proseque-

643 1836 903 1906 bantur
938 1832 1122 1921 quod
1164 1831 1421 1924 dignus
1456 1836 1588 1902 Deo
1638 1832 1787 1903 sine
1813 1831 2121 1920 ,querela
2163 1830 2343 1901 inter
2399 1831 2719 1901 homines
2759 1843 3159 1901 versaretur:

646 1922 961 1993 moribus
999 1921 1285 2012 integer,
1349 1942 1665 1992 sermone
1721 1920 1976 2000 suaviS,
2022 1919 2220 1990 vultu
2266 1919 2589 2010 insignis,
2628 1919 2718 1990 ab
2768 1920 2957 1991 omni
3004 1917 3163 1989 fellis

647 2011 1015 2082 acerbitate
1047 2009 1339 2090 alienuS,
1376 2009 1675 2098 denique
1708 2009 1888 2079 inter
1933 2008 2251 2080 homines
2297 2030 2459 2078 cum
2508 2007 2808 2098 degeret,
2865 2007 3167 2100 perfecto-

645 2121 801 2170 rum
856 2099 1272 2170 Clericorum
1320 2098 1527 2168 vitam
1577 2100 1647 2167 in
1686 2119 1756 2166 se
1803 2097 2220 2188 exprimens.
2258 2102 2449 2166 Anno
2478 2110 2708 2167 autem
2761 2099 2999 2167 aetatis
3024 2115 3168 2166 suae

647 2188 1205 2280 quadragesimo,
1250 2188 1485 2258 divino
1535 2198 1890 2277 permotus
1938 2186 2273 2256 instinctu
2307 2242 2322 2268 ,
2394 2184 2523 2256 loci
2572 2186 2724 2275 ejus
2773 2191 2822 2255 E
2876 2188 3165 2276 iscopum

649 2277 841 2359 adiit,
894 2292 958 2348 et
986 2290 1063 2348 ut
1103 2277 1171 2345 in
1225 2277 1492 2346 Clerum
1529 2274 2030 2356 admitteretur,
2069 2276 2308 2346 oravit.
2350 2279 2646 2345 Cernens
2693 2209 2979 2347 antistes
3035 2293 3161 2342 ma·

650 2388 866 2468 gnum
917 2367 1067 2456 ejus
1100 2387 1263 2455 erga
1309 2363 1667 2455 religionis
1698 2364 1964 2434 cultum
2014 2366 2371 2443 fervorem,
2416 2364 2641 2454 primo
2673 2384 2838 2433 eum
2869 2359 3164 2461 ascripsit

648 2477 720 2526 in
784 2454 955 2526 Cleri
1009 2455 1272 2536 album,
1327 2476 1405 2524 ac
1454 2452 1704 2523 deinde
1742 2453 2074 2524 honorem
2123 2451 2518 2534 cumulans,
2573 2452 2844 2525 Levitae
2875 2453 2938 2523 ei
2984 2471 3166 2520 mmi-

649 2546 933 2617 sterium
987 2542 1359 2614 mandavit.
1420 2547 1567 2625 Quo
1617 2543 1876 2612 honore
1923 2555 2171 2613 auctus
2217 2543 2321 2612 vir
2377 2547 2510 2611 Deo
2560 2542 2836 2632 plenus,
2894 2555 3167 2612 terrena-

649 2655 805 2704 rum
859 2655 1091 2703 rerum
1122 2632 1385 2722 abjecta
1432 2633 1730 2711 sarcina,
1785 2654 2025 2702 verum
2063 2630 2485 2700 monachum
2518 2630 2829 2721 profiteri
2856 2629 3091 2719 coepit.

737 2725 775 2809 ξ
825 2728 913 2794 2.
970 2727 1084 2790 Est
1131 2742 1330 2790 mons
1390 2721 1578 2810 apud
1640 2719 2040 2790 Aurelianos
2086 2719 2451 2810 (Orlefans),
2511 2740 2716 2808 quem
2770 2719 3034 2791 incolae
3078 2736 3166 2785 re-

651 2810 879 2901 gionis
927 2809 1117 2879 illius
1179 2809 1603 2899 Magdunum
1651 2808 1957 2900 (Melum)
2002 2819 2268 2889 vocant,
2316 2809 2386 2876 in
2436 2828 2573 2896 quo
2621 2808 3008 2895 antiquitus
3044 2814 3168 2874 erat

649 2909 1033 2968 extructum
1082 2910 1385 2968 castrum
1437 2897 1620 2986 quod
1683 2896 2080 2968 wandalica
2144 2896 2498 2968 barbaries
2547 2897 2635 2967 ad
2691 2896 2922 2968 solum
2973 2913 3171 2981 usque

650 2986 886 3056 diruit.
930 2991 1029 3055 lta
1093 2985 1285 3056 nullo
1335 2986 1477 3056 illic
1520 3000 1840 3057 manente
1889 2986 2293 3065 habitatore,
2348 2985 2750 3055 nemoribus
2801 3002 3173 3056 excrescen-

652 3075 860 3155 tibus,
916 3074 1110 3144 locus
1157 3073 1273 3144 ille
1312 3075 1660 3163 quondam
1711 3075 2026 3156 celebris,
2067 3075 2136 3143 in
2188 3072 2637 3146 solitudinem
2672 3097 2916 3145 versus
2948 3086 3064 3144 est.
3097 3075 3172 3139 tn

652 3163 807 3253 ejus
856 3184 1010 3232 vero
1059 3163 1415 3235 abstrusos
1449 3186 1762 3235 recessus
1796 3163 2183 3254 Liphardus
2216 3176 2607 3254 penetranS,
2647 3185 2789 3233 uno
2841 3163 2984 3234 solo
3029 3180 3175 3230 con-

654 3264 884 3324 tentus
933 3252 1203 3333 comite,
1255 3275 1471 3341 eoque
1520 3274 1648 3324 suo
1695 3251 2064 3342 discipu10,
2120 3252 2304 3352 apud
2357 3252 2648 3327 fluvium
2708 3252 2999 3327 Malvam
3051 3245 3172 3317 cel-

654 3341 875 3411 lulam
925 3341 1058 3411 sibi
1105 3364 1184 3411 ex
1233 3343 1445 3433 virgis
1510 3340 1933 3422 construxit,
1998 3352 2358 3432 coepitque
2407 3340 2549 3411 illic
2597 3340 2913 3412 habitare
2962 3338 3173 3411 solita·

654 3431 825 3512 riuS‚
858 3444 935 3500 ut
960 3432 1047 3501 ab
1073 3430 1434 3500 hominum
1467 3430 1689 3502 turbis
1715 3443 1779 3499 et
1809 3429 2054 3498 mundi
2083 3429 2466 3500 honoribus
2494 3442 2877 3519 separatuS,
2910 3425 3173 3499 liberius

656 3518 741 3589 ad
789 3519 1064 3589 divinae
1094 3541 1242 3588 sese
1290 3518 1461 3609 legis
1495 3519 1999 3608 praescriptum
2048 3517 2572 3589 accommodare
2624 3533 2873 3609 posset.
2929 3522 3176 3599 Quanta

654 3630 814 3679 vero
859 3608 1004 3679 illic
1036 3607 1573 3678 conversationis
1623 3606 1777 3694 ejus
1830 3606 2156 3678 sanctitas
2203 3607 2520 3688 extiterit,
2563 3629 2763 3685 nemo
2810 3605 3035 3677 verbis
3079 3623 3176 3671 as·

656 3699 850 3784 sequi
886 3709 1124 3788 potest.
1182 3701 1470 3785 Corpore
1504 3694 1794 3786 degebat
1827 3696 1894 3764 in
1935 3708 2134 3779 terra,
2180 3696 2414 3765 animo
2442 3697 2618 3767 inter
2658 3716 2996 3787 supernos
3021 3687 3177 3762 coeli

656 3787 837 3856 cives
872 3786 1127 3856 versari
1179 3783 1558 3854 videbatur.
1614 3784 1954 3875 Operibus
2003 3790 2135 3856 Deo
2168 3785 2402 3875 dignis
2435 3800 2710 3867 vacanS,
2765 3785 2989 3855 stabat
3033 3799 3176 3849 suc·

656 3875 927 3945 cinctus
966 3887 1030 3942 et
1082 3885 1361 3962 paratus
1415 3872 1498 3942 ad
1551 3874 2068 3964 confligendum
2133 3873 2468 3943 adversus
2515 3877 2749 3944 a'e‘reas
2800 3882 3170 3965 potestates.

656 3968 871 4033 Tanta
920 3984 1076 4030 vero
1113 3961 1263 4050 ejus
1310 3975 1456 4031 erat
1500 3963 1941 4044 abstinentia,
1979 3976 2055 4033 ut
2103 3962 2304 4053 panis
2365 3962 2754 4043 hordeacei,
2792 3980 2997 4048 quem
3044 3976 3178 4025 suis

644 4052 806 4141 ipse
855 4049 1179 4120 manibus
1227 4049 1656 4132 conficiebat,
1701 4073 1835 4120 non
1887 4050 2021 4121 nisi
2069 4051 2350 4121 unciam
2400 4074 2616 4120 unam
2666 4052 2735 4119 in
2787 4049 3019 4120 cibum
3070 4065 3177 4113 su-

656 4160 841 4209 mere
904 4138 1281 4208 diceretur:
1343 4152 1408 4208 et
1454 4161 1611 4208 curn
1668 4154 1934 4228 praeter
1981 4161 2259 4227 aquam,
2327 4139 2601 4209 nullum
2639 4139 2925 4209 omnino
2973 4133 3177 4205 alium

656 4239 896 4318 potum
942 4226 1351 4307 admitteret,
1394 4229 1495 4298 eai
1506 4250 1628 4317 psa
1660 4229 1856 4299 tertio
1886 4228 2242 4299 dumtaxat
2268 4228 2379 4298 die
2408 4227 2811 4319 parcissime
2845 4224 3172 4295 utebatur.

655 4321 885 4386 Vestes
932 4318 1122 4407 ejuS,
1191 4337 1434 4388 saccus
1505 4331 1569 4387 et
1622 4317 1975 4389 cilicium:
2042 4339 2202 4386 nam
2259 4317 2668 4407 elegantiam
2721 4327 2787 4386 et
2836 4311 3176 4382 mollitiem

658 4427 934 4476 omnem
998 4406 1069 4475 in
1139 4405 1384 4476 vestitu
1450 4405 1653 4497 plane
1721 4405 2257 4497 aspernabatur:
2329 4405 2765 4497 asperitatem
2828 4413 3061 4473 contra
3125 4404 3182 4461 et

1452 4556 1481 4599 ἲ
