3357 4995
179 352 347 420 JUNII
379 353 419 418 2
791 368 871 415 ns
918 368 1013 417 ss.
1065 368 1180 416 uu.
1234 367 1433 416 rsrao
1479 369 1557 418 ar
1604 367 1995 429 macerano
2502 357 2590 421 49

182 456 271 543 qui
304 457 366 526 in
409 455 620 525 domo
665 452 1000 524 Arthemii
1053 463 1271 535 erant,
1325 452 1796 525 crediderunt.
1850 455 2162 525 Pervenit
2216 468 2443 527 autem
2493 457 2679 529 fama

180 544 243 614 ad
266 565 361 618 eos
403 543 525 632 qui
580 543 652 612 in
691 542 947 612 vicinia
995 542 1472 641 morabantur,
1517 554 1586 614 et
1632 564 2014 614 convenere
2055 543 2183 613 viri
2215 545 2522 635 amplius
2550 558 2680 616 tre-

178 635 331 715 centi,
364 633 605 723 plures
645 652 806 703 vero
838 629 1202 701 foemlnae:
1238 630 1363 719 qui
1391 652 1636 702 omnes
1665 648 1811 702 una
1837 654 2001 703 voce
2030 631 2462 705 clamabant:
2486 640 2683 707 Prae-

175 733 247 792 ter
284 722 647 802 Christum,
690 741 829 789 non
877 731 981 790 est
1010 719 1195 789 alius
1230 724 1406 790 Deus
1454 720 1920 811 omnipotens
1961 726 2039 792 In
2088 734 2461 813 conspectu
2492 724 2682 795 enim

170 810 451 891 illorum‚·
480 822 554 880 et
600 831 639 879 a
688 807 1147 878 daemonibus
1192 808 1458 879 obsessi
1500 807 2005 891 liberabantur,
2043 822 2109 880 et
2147 810 2412 881 infirmi
2438 834 2682 883 omnes

163 900 578 971 sanabantur.
633 901 941 985 Cumque
986 918 1231 968 omnes
1272 896 1397 986 qui
1443 897 1530 967 ad
1570 898 1778 968 aedes
1816 898 2148 969 Arthemii
2180 901 2678 983 confluxerant,

160 1002 456 1079 cuperent
500 987 660 1058 fieri
700 985 1092 1068 Christiani,
1145 985 1319 1058 abiit
1349 985 1453 1057 vir
1486 986 1901 1070 Dei‘PetrUS,
1942 998 2009 1058 et
2040 987 2332 1058 adduxit
2360 1000 2677 1059 sanctum

158 1077 601 1150 Marcellinum
653 1074 1135 1166 presbyterum
1164 1129 1181 1156 ,
1234 1096 1275 1145 a
1320 1096 1460 1162 quo
1518 1095 1764 1146 omnes
1811 1076 1883 1145 in
1934 1075 2139 1147 domo
2187 1077 2515 1147 Arthemii
2565 1077 2684 1148 ba-

154 1167 356 1257 ptizati
401 1178 596 1237 sunt.
650 1169 860 1235 Porro
891 1163 1284 1234 Arthemius
1332 1164 1695 1256 ingressus
1726 1163 1814 1233 ad
1844 1186 1962 1236 eos
2019 1166 2143 1253 qui
2190 1179 2387 1236 erant
2425 1166 2496 1235 in
2529 1166 2682 1235 vin-

152 1254 328 1337 culis,
368 1253 547 1325 dixit
593 1253 737 1325 eis:
790 1275 828 1319 «
858 1253 926 1323 Si
972 1251 1132 1340 quis
1178 1251 1326 1322 vult
1372 1253 1654 1323 credere
1702 1253 1773 1322 in
1826 1253 2199 1335 Christum,
2240 1268 2431 1325 exeat
2478 1254 2676 1337 liber,

152 1345 490 1433 veniatque
539 1342 629 1413 ad
680 1340 966 1413 domum
1013 1362 1266 1423 meam,
1320 1353 1387 1411 et
1425 1342 1547 1412 fiat
1593 1342 2123 1417 Christianus.»
2161 1349 2238 1413 At
2284 1342 2388 1413 illi
2443 1364 2686 1416 omnes

152 1433 606 1521 promittentes
653 1452 729 1501 se
774 1430 847 1498 in
897 1429 1249 1515 Christum
1288 1430 1698 1513 credituros,
1737 1432 1999 1521 egressi
2047 1444 2243 1502 sunt:
2297 1433 2684 1503 venientes-

151 1543 265 1609 que
305 1522 389 1592 ad
438 1520 652 1592 aedes
680 1517 1037 1600 Arthemii,
1090 1540 1134 1588 a
1177 1530 1417 1590 sancto
1467 1518 1865 1589 Marcellino
1912 1521 2312 1612 presbytero
2358 1521 2688 1612 baptizati

151 1623 312 1693 sunt,
348 1624 413 1682 et
446 1621 697 1682 sancta
741 1608 1260 1678 consecratione
1307 1606 1712 1705 illuminati.
1767 1613 2034 1679 Interea
2081 1608 2250 1679 dum
2308 1610 2478 1680 haec
2525 1633 2686 1702 age-

151 1711 385 1782 rentur,
422 1696 1043 1790 pestilentissimus
1069 1695 1293 1767 ‚Iudex
1328 1701 1626 1768 Serenus
1664 1697 1738 1766 in
1781 1697 2102 1768 morbum
2148 1699 2416 1779 incidit,
2452 1711 2518 1770 et
2547 1711 2685 1770 toto

152 1789 348 1878 spatio
378 1784 848 1880 aegritudinis
880 1785 1031 1875 ejus
1062 1783 1305 1855 datum
1339 1797 1751 1877 esttempus
1796 1785 2162 1876 baptizatis
2209 1786 2571 1870 omnibuS‚
2609 1801 2688 1860 ut

151 1898 445 1948 sermone
491 1873 904 1965 quotidiano
953 1872 1333 1944 Marcellini
1379 1883 1444 1943 et
1491 1874 1669 1944 Petri
1720 1875 1790 1944 in
1842 1874 1980 1944 fide
2014 1877 2288 1945 Domini
2317 1877 2688 1947 confirma-

152 1979 388 2048 rentur,
435 1986 565 2055 per
602 1961 1066 2053 quadraginta
1112 1975 1179 2034 et
1224 1980 1303 2031 eo
1350 1963 1659 2054 amplius
1705 1962 1880 2034 dies.
2503 2036 2504 2041 ,

218 2056 255 2142 ἓ
295 2061 382 2129 4.
434 2061 596 2125 Post
627 2053 801 2122 haec
831 2051 1487 2121 commentariensis
1515 2052 1708 2122 misit
1735 2052 1823 2122 ad
1858 2052 2282 2122 Arthemium
2315 2053 2676 2125 custodem

150 2144 453 2225 carceris,
506 2140 980 2228 indicavitque
1028 2160 1586 2211 sessurumxesse
1632 2141 1998 2223 vicarium,
2032 2162 2334 2228 eumque
2357 2142 2678 2231 jussisse,

150 2244 215 2301 ut
255 2245 450 2304 nocte
497 2231 819 2323 proxima
863 2234 1136 2320 praesto
1169 2228 1258 2300 sit
1305 2228 1455 2319 ipse
1500 2251 1661 2299 cum
1697 2228 1863 2325 illis,
1903 2230 2027 2317 qui
2057 2243 2250 2300 erant
2280 2230 2350 2300 in
2382 2252 2678 2302 carcere.

148 2324 212 2388 At
251 2320 363 2392 ille
398 2320 912 2412 baptizatorum
943 2317 1261 2388 omnium
1292 2316 1742 2388 osculabatur
1788 2340 2064 2401 manUS,
2118 2318 2527 2407 dicebatque
2552 2321 2680 2402 eiS,

150 2408 201 2476 si
240 2411 395 2497 quis
432 2409 642 2480 vellet
670 2406 904 2478 venire
934 2406 1022 2477 ad
1053 2406 1493 2497 martyrium,
1548 2406 1798 2477 faceret
1844 2406 1916 2476 id
1952 2407 2376 2500 intrepidus:
2430 2409 2491 2478 si
2524 2409 2683 2497 quis

150 2517 290 2568 vero
336 2499 575 2570 mallet
621 2495 963 2580 recedere,
1016 2494 1236 2567 abiret
1272 2494 1580 2568 illaesus
1627 2501 1796 2567 Cum
1843 2517 2008 2589 ergo
2048 2496 2135 2567 ad
2171 2496 2476 2587 primum
2528 2497 2687 2589 pul-

153 2583 354 2657 lorum
403 2598 691 2659 cantum
742 2582 1007 2656 sederet
1056 2589 1353 2655 Serenus
1382 2584 1709 2668 vicariuS,
1745 2585 2158 2676 juberetque
2193 2607 2526 2676 personas
2559 2608 2687 2656 au-

149 2672 417 2748 diendas
468 2674 859 2756 intromitti,
921 2674 1282 2775 ingressus
1328 2673 1747 2756 arthemiuS,
1800 2696 2033 2752 coram
2090 2674 2418 2744 omnibus
2468 2674 2684 2745 dixit:

152 2765 364 2836 Petrus
396 2763 755 2835 Exorcista
794 2762 1367 2845 Christianorum,
1404 2784 1610 2851 quem
1651 2784 1932 2833 caesum
1984 2774 2050 2833 et
2082 2774 2336 2833 tortum
2371 2785 2450 2833 ac
2478 2763 2689 2833 semi-

152 2851 356 2925 n'vum
386 2854 463 2925 in
493 2872 770 2924 carcere
814 2852 1074 2924 servari
1101 2851 1403 2942 jussisti,
1459 2852 1529 2920 in
1580 2851 1863 2922 nomine
1895 2852 2010 2921 Dei
2043 2851 2156 2921 sui
2190 2851 2504 2922 omnium
2539 2852 2687 2921 vi‘n-

156 2939 288 3011 cula
339 2941 572 3022 solvit,
626 2940 802 3012 ostia
839 2940 1080 3012 omnia
1145 2939 1486 3032 patefecit,
1531 2953 1959 3028 cunctosque
2005 2938 2312 3011 efficiens
2364 2939 2691 3011 Christia-

157 3047 282 3110 nos,
331 3052 477 3119 quo
522 3029 799 3112 vellent,
840 3029 941 3100 eis
972 3029 1134 3100 fecit
1171 3028 1477 3100 abeundi
1509 3041 1939 3120 potestatem.
1974 3029 2098 3100 Ille
2130 3051 2287 3100 vero
2317 3051 2478 3100 cum
2515 3034 2689 3100 Mar-

158 3117 379 3190 cellino
426 3118 836 3211 presbytero
898 3140 1247 3207 nusquam
1314 3119 1688 3189 abscedere
1747 3118 2011 3199 voluit;
2077 3119 2193 3189 sed
2254 3120 2520 3206 quoties
2564 3140 2691 3209 ego

160 3225 295 3303 eum
325 3206 677 3278 custodire
705 3206 917 3290 volui,
959 3228 1096 3277 non
1128 3206 1558 3297 comparuit..
1586 3213 1781 3277 Tunc
1809 3212 2106 3279 Serenus
2135 3207 2429 3277 immani
2458 3206 2689 3277 furore

159 3314 488 3378 incensus,
532 3296 746 3385 jussit
786 3294 1213 3367 Arthemium
1263 3296 1648 3386 plumbatis
1695 3296 1914 3378 caedi,
1990 3308 2056 3367 et
2104 3296 2291 3365 trudi
2340 3297 2410 3365 in
2459 3309 2690 3366 custo-

161 3381 364 3454 diam:
416 3397 695 3456 sanctos
742 3397 974 3455 autem
1007 3384 1124 3455 Dei
1156 3396 1496 3475 martyres
1528 3385 2003 3456 Marcellinum
2032 3396 2097 3455 et
2125 3390 2426 3465 Petrum,
2482 3384 2689 3456 intro·

162 3472 316 3541 mitti
352 3476 486 3545 sub
511 3495 676 3545 voce
704 3473 1119 3561 quaestoria,
1146 3473 1372 3561 iisque
1398 3474 1844 3556 intromissiS,
1872 3476 1990 3544 ait:
2030 3473 2302 3543 «Mitius
2329 3473 2689 3543 vobiscum

162 3577 414 3648 agerent
457 3562 846 3643 carnifices,
882 3562 940 3632 si
972 3561 1346 3663 sacrilegos
1380 3562 1740 3655 religionis
1770 3575 2032 3634 vestrae
2059 3563 2235 3633 ritus
2267 3561 2679 3650 abjiceretis,
2718 3620 2731 3637 .

163 3667 358 3738 neque
404 3651 722 3722 homines
769 3651 1010 3722 noxios
1049 3663 1116 3721 et
1162 3652 1539 3730 criminum
1567 3673 1723 3723 reos
1762 3674 1799 3721 e
1832 3672 2108 3723 carcere
2153 3651 2388 3742 egredi
2430 3650 2688 3740 jussis-

165 3738 370 3830 setis.»
402 3738 841 3811 Marcellinus
874 3740 1231 3831 presbyter
1261 3740 1456 3810 dixit:
1492 3740 1832 3811 «Tamdiu
1859 3741 2238 3812 criminum
2268 3761 2428 3810 reus
2457 3752 2687 3809 manet

168 3844 223 3892 ιη
262 3828 403 3898 suis
434 3828 872 3909 criminibus,
924 3828 1266 3917 quamdiu
1314 3829 1386 3897 in
1437 3829 1788 3899 Christum
1841 3851 1977 3899 non
2034 3829 2293 3899 credit:
2347 3850 2552 3920 porro
2601 3829 2690 3899 si·

168 3914 495 4004 mulatque
534 3917 924 3999 crediderit,
964 3940 1122 3989 mox
1153 3918 1342 3988 omni
1371 3917 1579 4008 culpa
1609 3917 1894 3989 ablutus
1919 3931 1985 3988 et
2009 3919 2395 3999 absolutus,
2431 3918 2692 3988 summi

171 4002 265 4070 Dei
296 4004 481 4076 filius
511 4004 926 4097 appellatur.
962 4031 988 4071 ι)
1027 4010 1194 4076 Cum
1223 4006 1393 4076 haec
1441 4021 1507 4076 et
1546 4007 1655 4077 his
1683 4006 1941 4077 similia
1968 4007 2226 4078 diceret
2252 4006 2693 4079 Marcellinus

172 4093 539 4185 presbyter,
583 4095 796 4185 jussit
842 4116 1003 4166 eum
1056 4100 1353 4165 Serenus
1404 4095 1661 4186 pugnis
1709 4095 1904 4165 caedi
1955 4093 2023 4165 in
2076 4097 2369 4167 arteriis.
2423 4102 2502 4166 At
2569 4096 2694 4166 ubi

174 4181 502 4278 caedentes
549 4182 973 4265 defecerunt,
1019 4183 1368 4274 praecepit
1414 4185 1720 4273 separari
1758 4184 2234 4256 Marcellinum
2285 4208 2326 4255 a
2372 4191 2591 4267 Petro,
2629 4196 2694 4254 et

177 4271 325 4364 mitti
357 4272 627 4342 nudum
659 4272 730 4341 in
759 4295 1125 4355 carcerem,
1154 4272 1437 4360 illicque
1462 4272 1715 4342 vitrum
1748 4274 2121 4346 contritum
2159 4275 2420 4365 spargi,
2456 4275 2694 4363 sicque

178 4371 445 4430 vinctum
499 4361 853 4432 inclusum
902 4361 1225 4450 relinqui,
1282 4360 1658 4450 lumenque
1706 4373 1771 4431 et
1818 4385 2066 4449 aquam
2117 4364 2179 4431 ei
2229 4364 2489 4453 negari.

241 4447 275 4531 ἓ
315 4454 396 4520 5.
446 4449 543 4519 Ad
590 4455 864 4521 Petrum
913 4449 1073 4519 inde
1120 4472 1517 4548 conversus,
1561 4451 1647 4519 ait
1681 4475 1695 4514 t
1732 4474 1765 4516 «
1796 4452 1956 4521 Nolo
1984 4465 2046 4521 te
2071 4452 2418 4523 existimes
2455 4452 2691 4522 eculeo

309 4555 580 4616 surius·
607 4555 771 4650 Vitae
797 4555 905 4619 SS.
928 4585 953 4601 -
972 4554 1097 4616 Vol.
1140 4552 1239 4618 vl.
2347 4603 2356 4614 .
2492 4561 2532 4617 4
