3357 4995
170 333 357 399 JUNII
400 337 439 399 5
562 360 577 372 ·
813 355 890 401 nn
938 355 994 402 s.
1048 353 1384 404 nonu-“Aeto
1430 356 1631 406 muse.
1688 357 1764 405 m·
1812 358 2005 406 naar.
2472 342 2583 406 ⁴31

173 438 371 500 decreta
420 437 739 501 Canonum
789 455 1163 519 nequaquam
1210 441 1561 504 audivimus
1605 441 1927 520 judicasse.
1979 442 2138 505 Haec
2177 445 2384 505 omnia
2426 444 2687 506 Domine

174 517 478 581 charissime
508 526 827 598 propterea
858 520 1026 582 vobis
1055 527 1196 583 nota
1226 521 1506 598 fecimuS,
1551 532 1617 584 ut
1646 528 1880 586 vestrae
1908 523 2284 586 auctoritatis
2326 539 2686 601 responsum

175 597 355 659 talibus
391 599 532 661 dare
563 600 898 676 possimus,
944 609 1010 662 ut
1056 615 1162 678 per
1203 600 1500 664 cautelam
1561 607 1800 664 vestrae
1841 604 2154 666 doctrinae
2196 618 2343 666 oves
2387 603 2687 666 Ecclesiae

176 692 273 737 non
296 678 673 751 seducantur,
716 679 820 741 sed
861 679 987 758 lupi
1019 695 1256 758 rapaces
1284 682 1550 744 convicti
1583 688 1646 744 et
1673 682 1943 759 superati
1976 689 2248 762 pereant.
2284 681 2518 746 Interea
2552 699 2688 745 mu-

175 758 377 820 nuscula
418 774 608 836 parva
655 758 830 820 vobis
871 758 1207 823 direximus
1233 807 1249 834 ,
1297 775 1419 823 non
1463 762 1601 840 quia
1650 761 1834 837 digna
1877 763 2003 824 sint
2042 762 2417 825 paternitate
2460 771 2685 838 vestra,

170 836 358 915 sedpro
385 838 611 901 indicio
640 839 975 913 charitatis,
1006 839 1416 913 obedientiae,
1447 849 1508 903 et
1538 841 1905 915 devotionis,
1931 842 1989 904 id
2019 848 2134 916 est,
2161 840 2440 904 villosam
2473 857 2686 917 unam,

167 923 216 975 et
246 919 465 994 argenti
506 926 571 980 et
598 918 732 981 auri
765 918 1089 982 tantillum.
1136 919 1396 982 Dextera
1436 919 1681 983 Domini
1729 928 2109 999 protegente,
2155 922 2527 984 incolumem
2584 939 2690 984 va-

163 992 269 1137 lerg
298 1004 354 1059 et
393 999 460 1059 in
501 995 746 1138 CPristo
777 998 1072 1076 proficere
1113 999 1559 1063 beatitudinem
1603 1010 1870 1064 vestram
1903 1004 1966 1063 iu
2010 1001 2399 1082 longitudine
2441 1002 2682 1064 dierum

163 1089 222 1153 op
278 1093 469 1140 mus...
513 1094 546 1139 e
578 1094 631 1138 c.

403 1226 921 1275 nnvnnnnrissrno
949 1230 1021 1275 ετ
1054 1229 1443 1276 εΑΝοτιεειιιο
1470 1231 1704 1276 marm
1734 1232 2057 1278 noninacto
2097 1232 2404 1288 Episcopi),

851 1346 1195 1392 zacnamas
1220 1346 1445 1394 ssnvus
1474 1348 1785 1394 sur-vonum
1817 1348 1934 1394 nni.
2328 1319 2334 1324 ’

224 1460 504 1540 Susceptis
544 1464 959 1526 sanctissimae
1000 1462 1399 1526 fraternitatis
1445 1471 1581 1527 tuae
1624 1464 1815 1528 literis
1842 1513 1858 1537 ,
1902 1467 2043 1545 quia
2111 1473 2166 1528 te
2231 1467 2512 1543 sospitem
2547 1513 2560 1530 ,
2616 1472 2683 1526 ιιι

158 1555 366 1618 semper
405 1545 718 1622 cupimuS,
762 1558 891 1605 esse
930 1542 1353 1621 cognovimuS,
1396 1546 1803 1622 omnipotenti
1847 1561 1916 1607 ac
1959 1545 2527 1607 misericordissimo
2559 1545 2685 1606 Deo

156 1627 329 1682 nostro
367 1637 623 1702 magnas
665 1621 989 1684 retulimus
1031 1629 1255 1698 grates,
1283 1625 1389 1701 qui
1423 1623 1529 1684 tibi
1574 1626 1637 1685 in
1680 1624 1970 1686 omnibus
2015 1626 2187 1687 bonis
2230 1626 2566 1703 prosperari
2600 1625 2687 1686 di-

154 1709 364 1767 anatur.
410 1701 696 1778 Magnam
737 1703 908 1764 enim
952 1701 1241 1763 cordibus
1283 1704 1505 1765 nostris
1549 1704 1826 1766 infundis
1869 1704 2192 1779 laetitiam,
2227 1707 2468 1783 quoties
2509 1705 2686 1766 nobis

153 1780 457 1841 sanctitatis
504 1788 644 1843 tuae
684 1783 905 1860 scripta
953 1782 1326 1853 mittuntur,
1368 1783 1608 1862 quando
1664 1782 2051 1861 reperimuS,
2094 1801 2248 1861 quae
2298 1784 2371 1846 ad
2427 1784 2685 1847 salutem

154 1860 445 1935 respiciant
486 1862 843 1922 animarum
871 1907 887 1932 ,
931 1876 1071 1924 cum
1114 1862 1394 1940 quotidie
1422 1864 1502 1923 ·in
1547 1865 1790 1939 gremio
1831 1871 2074 1926 sanctae
2117 1865 2331 1926 matris
2383 1863 2686 1927 Ecclesiae

154 1951 241 2013 per
281 1944 441 2000 tuam
485 1941 1002 2017 praedicationem
1046 1942 1192 2002 novi
1240 1940 1445 2020 populi
1490 1943 1842 2017 adduntur,
1890 1945 1993 2005 ubi
2058 1949 2120 2004 et
2183 1951 2304 2006 tres
2367 1942 2687 2022 Episcopos

152 2031 242 2091 per
277 2017 396 2081 loca
439 2020 684 2096 singula
729 2021 1073 2082 secuudum
1127 2023 1349 2083 seriem
1389 2020 1760 2100 syllabarum
1807 2029 2051 2085 tuarum
2118 2029 2175 2085 te
2227 2023 2534 2084 ordinasse
2577 2039 2684 2084 co-

150 2098 476 2171 gnevimuS,
521 2099 628 2176 qui
669 2098 866 2161 eidem
912 2098 1153 2178 populo,
1197 2115 1382 2180 quem
1424 2102 1537 2164 sibi
1565 2101 1860 2164 Dominus
1903 2102 2063 2164 Deus
2109 2111 2316 2164 noster
2361 2118 2468 2181 per
2513 2113 2679 2163 tuam

148 2179 503 2240 sanctitatem
545 2193 886 2255 aggregare
928 2181 1222 2256 dignatus
1263 2189 1389 2252 est,
1441 2196 1716 2259 praeesse
1758 2181 2048 2244 debeant:
2096 2190 2160 2244 et
2202 2182 2430 2260 petisti,
2469 2187 2534 2242 ut
2577 2196 2682 2259 per

148 2258 540 2319 auctoritatem
584 2264 827 2322 nostrae
876 2257 1050 2322 Sedis
1098 2259 1469 2337 Episcopales
1518 2260 1750 2322 ibidem
1796 2260 1980 2323 Sedes
2023 2262 2370 2323 firmentur.
2420 2260 2534 2323 Sed
2582 2271 2681 2323 tua

148 2342 325 2398 sancta
367 2337 722 2400 fraternitas
765 2344 1087 2416 pertractet
1128 2345 1368 2402 mature
1394 2387 1408 2412 ,
1451 2347 1515 2401 et
1562 2339 1770 2402 subtili
1814 2339 2302 2403 consideratione
2347 2339 2680 2414 discernat,

147 2416 186 2473 si
224 2415 476 2493 expedit,
504 2429 616 2478 aut
655 2419 704 2478 si
748 2416 875 2481 loca
919 2423 1027 2480 aut
1058 2417 1417 2495 populorum
1461 2419 1675 2483 turbae
1707 2419 2016 2482 taliaeesse
2055 2421 2411 2500 probantur,
2444 2426 2514 2480 ut
2543 2419 2683 2496 Epi·

149 2508 330 2574 scopos
374 2496 598 2560 babere
628 2505 1006 2561 mereantur.
1054 2499 1404 2561 Meminisse
1444 2502 1612 2561 enim
1654 2499 1861 2572 debes,
1893 2501 2271 2571 charissime,
2302 2499 2464 2578 quod
2494 2500 2683 2562 sacris

152 2570 470 2638 Canonibus
515 2578 920 2655 praecipimur
962 2578 1303 2651 observare,
1336 2587 1402 2640 ut
1444 2580 1706 2641 minime
1738 2579 1801 2640 in
1849 2578 2114 2652 villulas,
2160 2580 2255 2642 vel
2304 2582 2368 2640 iu
2413 2580 2684 2640 modicas

150 2653 397 2717 civitates
425 2656 748 2735 Episcopos
777 2657 1159 2732 ordinemuS,
1206 2674 1283 2721 ne
1332 2659 1581 2722 vilescat
1624 2675 1854 2722 nomen
1899 2659 2198 2738 Episcopi.
2250 2657 2367 2721 Sed
2413 2674 2520 2720 nos
2565 2659 2684 2719 tuis

151 2734 549 2797 sincerissimis
592 2742 778 2815 atque
806 2736 1042 2798 dilectis
1074 2737 1276 2799 verbis
1315 2739 1648 2816 provocati,
1676 2755 1834 2817 quae
1862 2739 2208 2819 poposcisti,
2253 2738 2476 2816 absque
2510 2754 2679 2800 mora

153 2815 538 2888 concedimuS,
584 2822 646 2877 et
687 2816 1012 2878 statuimus
1052 2831 1161 2894 per
1189 2818 1591 2896 Apostolicam
1633 2822 2131 2882 auctoritatem...
2163 2818 2198 2856 *

214 2890 289 2954 De
324 2911 394 2956 eo
421 2907 656 2969 autem,
700 2893 859 2973 quod
904 2894 1077 2957 nobis
1122 2896 1438 2970 intimasti,
1470 2899 1611 2976 quia
1658 2905 1717 2960 te
1760 2898 2238 2962 carolomannus
2261 2897 2433 2960 filius
2478 2905 2683 2960 noster

154 2977 380 3047 rogavit,
426 2976 591 3037 utin
640 2981 805 3052 parte
847 2974 1248 3048 Francorum,
1294 2977 1358 3039 in
1404 2994 1510 3039 sua
1550 2978 1788 3040 ditione
1828 2979 2181 3051 constituta,
2224 2976 2541 3056 Synodum
2587 2994 2682 3040 ce-

155 3048 403 3126 lebrares,
430 3072 505 3118 eo
548 3055 711 3134 quod
755 3056 954 3116 omnis
995 3054 1406 3118 Ecclesiastica
1438 3056 1648 3133 regula
1682 3074 1788 3120 seu
1819 3058 2160 3135 disciplina,
2187 3055 2264 3119 ab
2306 3059 2516 3121 eadem
2549 3073 2685 3137 pro-

157 3130 327 3195 vincia
354 3134 640 3196 funditus
680 3134 899 3196 abolita
942 3142 1055 3207 est,
1103 3135 1287 3196 nimis
1336 3135 1744 3200 moerendum
1781 3144 1895 3211 est,
1940 3137 2100 3217 quod
2141 3152 2250 3217 per
2291 3139 2477 3216 spatia
2522 3143 2684 3199 tanta

158 3212 461 3288 temporum
490 3214 720 3276 ibidem
761 3212 1039 3288 Synodus
1067 3214 1451 3277 sacerdotum
1481 3216 1742 3278 minime
1783 3217 2216 3279 celebraretur.
2265 3214 2435 3279 Unde
2481 3233 2681 3295 neque

157 3288 272 3429 ggiid
298 3293 375 3355 sit
412 3293 852 3364 sacerdotium,
880 3291 957 3355 ab
997 3293 1086 3354 eis
1106 3294 1209 3373 qui
1239 3310 1303 3355 se
1331 3295 1672 3357 sacerdotes
1700 3312 1831 3359 esse
1864 3297 2241 3370 existimant,
2272 3298 2679 3374 cognoscitur.

288 3370 456 3446 dnm,
484 3372 743 3449 juvante
785 3372 930 3447 Deo,
961 3388 1120 3451 quae
1161 3390 1192 3435 a
1236 3374 1503 3452 praefato
1545 3374 1672 3436 filio
1718 3383 1923 3436 nostro
1955 3375 2249 3453 promissa
2287 3380 2455 3449 sunt,
2486 3377 2559 3439 ad
2590 3376 2683 3437 ef-

159 3443 352 3519 fectum
470 3452 685 3514 rducta
718 3453 968 3525 fuerint,
1018 3458 1242 3530 tuaque
1269 3452 1618 3517 fraternitas
1659 3462 1994 3517 memorato
2026 3451 2298 3515 Concilio
2341 3455 2686 3518 consederit

160 3538 271 3589 cum
306 3547 373 3592 eo
417 3548 521 3594 em
563 3529 1083 3594 excellentissimo
1127 3534 1282 3604 vir0,
1325 3533 1374 3594 si
1419 3549 1568 3611 quos
1610 3534 1907 3611 repererit
1934 3534 2266 3613 episcopos,
2295 3533 2683 3613 presbyteros

159 3612 242 3665 aut
274 3610 551 3674 diaconos
596 3616 807 3674 contra
872 3610 1151 3674 Canones
1192 3611 1286 3673 vel
1328 3618 1549 3675 statuta
1613 3618 1862 3690 patrum
1924 3613 2247 3676 excessisse
2274 3660 2290 3685 ,
2337 3612 2395 3675 id
2440 3620 2574 3688 est,
2621 3615 2685 3674 in

158 3682 440 3772 adulterio,
487 3691 589 3754 vel
623 3692 672 3753 si
699 3691 903 3770 plures
932 3707 1152 3755 uxores
1184 3691 1557 3767 habuerunt,
1581 3699 1687 3755 aut
1716 3694 1765 3755 si
1795 3709 1903 3756 san
1950 3694 2156 3755 uinem
2192 3690 2684 3756 Christianorum

159 3777 260 3827 sive
298 3784 670 3849 paganorum
709 3771 1088 3846 effuderunt,
1132 3771 1231 3835 vel
1277 3773 1462 3835 etiam
1505 3772 1638 3834 aliis
1678 3773 1916 3850 capitali
1966 3791 2033 3835 us
2077 3772 2274 3846 vitiis,
2304 3772 2531 3850 quibus
2576 3771 2684 3834 Ca-

162 3855 316 3908 nones
340 3851 616 3914 obviasse
644 3852 876 3930 reperit
919 3858 1016 3914 tua
1059 3851 1344 3914 sanctitas
1371 3898 1387 3924 ,
1433 3851 1599 3914 nulla
1643 3854 1879 3915 ratione
1932 3851 2272 3931 Apostolica
2322 3853 2685 3914 auctoritate

158 3928 430 3997 permittat
469 3930 810 3993 sacerdotio
839 3931 1049 4008 fungi:
1097 3931 1238 4010 quia
1270 3931 1418 3993 tales
1445 3947 1477 3993 a
1519 3948 1631 3993 suo
1676 3939 1911 3993 tantum
1955 3947 2060 3994 ore
2090 3931 2234 3993 falso
2278 3934 2684 3995 nominantur

159 4008 459 4091 sacerdotes
501 4016 565 4072 et
605 4009 943 4074 deteriores
983 4009 1356 4091 secularibus
1397 4026 1526 4073 esse
1570 4018 1927 4085 noscuntur,
1957 4012 2062 4090 qui
2107 4028 2171 4074 se
2224 4027 2425 4091 neque
2466 4027 2497 4074 a
2562 4013 2683 4074 sor-

160 4084 554 4161 nicationibus,
607 4105 810 4169 neque
849 4106 881 4152 a
926 4090 1176 4153 nefariis
1218 4091 1633 4152 matrimoniis
1673 4089 2004 4166 abstinent,
2054 4107 2257 4168 neque
2303 4091 2379 4153 ab
2431 4092 2684 4153 humani
2753 4120 2756 4123 ‡

157 4168 441 4242 sanguinis
495 4170 793 4232 effusione
851 4185 1071 4232 manus
1131 4178 1375 4233 servant
1432 4171 1733 4233 innoxias.
1788 4172 1911 4233 Aut
1956 4169 2101 4250 quid
2166 4171 2310 4233 inde
2358 4171 2683 4244 sentiunt,

200 4332 220 4359 ⁸
244 4334 355 4378 Nota
380 4339 430 4379 in
458 4340 533 4380 his
562 4337 760 4380 Litteris
789 4340 905 4389 qiud
934 4340 978 4380 S.
1006 4340 1224 4381 Pontifex
1250 4338 1501 4381 Zacharias
1531 4341 1583 4381 B.
1611 4341 1855 4382 Bonifnclo
1892 4340 2178 4391 respondeat
2209 4361 2260 4370 -
2290 4342 2414 4381 circa
2445 4340 2685 4382 eontinen-

159 4384 559 4485 igffloggerieorum
580 4413 631 4422 —-
649 4394 973 4436 incestuosum
1003 4395 1052 4435 et
1079 4395 1361 4444 sacrilegum
1392 4394 1666 4444 conjugium
1687 4415 1738 4424 —
1756 4404 1916 4442 vanas,
1945 4407 1970 4438 e
2001 4395 2270 4445 gentilitate
2289 4398 2505 4444 acceptas
2525 4396 2685 4435 obser·
