3357 4995
663 325 792 389 296
1303 341 1382 388 nr.
1429 341 1482 386 s.
1538 335 1816 390 amomo
1864 340 1905 385 A
1953 327 2162 386 raum
2211 336 2392 386 mero
2766 321 2983 387 JUNII
3039 308 3123 386 {3

574 426 942 497 audivisse.
984 430 1083 495 lta
1130 424 1479 514 deinceps,
1519 444 1653 492 non
1693 423 1987 493 minima
2033 422 2257 492 affecti
2303 421 2795 502 consolatione,
2843 445 3127 494 venera-

571 515 829 586 bantur
862 514 932 581 in
983 513 1101 583 illo
1149 512 1482 583 divinitus
1530 512 1865 582 detectam
1900 533 2245 602 supernae
2289 511 2667 602 sapientiae
2700 512 3121 593 claritatem,

573 625 734 675 cum
765 614 906 672 tam
955 603 1215 693 insigni
1261 601 1652 671 humilitate
1700 601 2168 691 conjunctam.

660 695 698 779 ξ
743 697 900 763 1⁰.
955 697 1098 760 Non
1137 690 1261 760 diu
1302 703 1454 780 post
1479 690 1564 759 ad
1598 711 1802 761 aures
1852 689 2144 779 Ministri
2175 689 2518 779 generalis
2566 688 2776 777 hujus
2806 688 2904 758 rei
2938 689 3129 759 sama

572 780 855 871 perlata,
911 780 1100 849 illius
1149 781 1496 849 voluntate
1546 778 1963 869 compulsus
2001 791 2123 859 est,
2163 789 2366 868 rupto
2425 777 2757 846 diuturno
2809 777 3112 856 silentio,

573 869 853 960 prodire
905 870 976 936 in
1021 868 1404 958 publicum,
1459 868 1874 938 demandata
1926 889 2012 936 ue
2064 867 2168 935 illi
2216 865 2677 936 concionandi
2732 866 3109 954 provincia.
3198 873 3211 884 “

573 958 798 1028 cultor
844 959 1056 1026 eremi
1114 958 1371 1026 missus
1425 970 1526 1026 est
1564 956 1648 1025 ad
1715 889 2260 1045 praedicandum
2312 955 2597 1024 verbum
2648 954 2800 1023 Dei:
2856 955 3113 1045 dignus

572 1047 852 1134 quidem
906 1047 1024 1116 tali
1056 1046 1459 1125 ministerio,
1515 1045 1700 1132 quod
1734 1047 1902 1136 ipse,
1961 1045 2116 1114 licet
2164 1044 2397 1112 divina
2432 1043 2700 1133 pollens
2747 1044 3108 1132 sapientia.

577 1137 713 1207 sibi
759 1136 1202 1225 impudenter
1253 1156 1384 1203 non
1437 1146 1865 1223 usurpasset,
1921 1133 2038 1202 sed
2089 1135 2158 1201 in
2191 1132 2482 1223 collegio
2515 1153 2926 1222 pauperum,
2960 1155 3116 1200 vere

576 1247 951 1315 pauperem
1004 1225 1254 1313 spiritu
1302 1245 1374 1291 se
1421 1223 1858 1303 declarasset,
1894 1235 1958 1291 et
2008 1244 2142 1292 non
2197 1221 2330 1290 nisi
2378 1233 2657 1290 vocatus
2705 1220 2789 1288 ad
2841 1223 3117 1291 concio-

575 1313 887 1382 nandum
938 1313 1335 1382 accessisset
1371 1312 1427 1378 *.
1467 1311 1703 1381 Fuisse
1733 1324 1963 1381 autem
1998 1310 2331 1380 divinitus
2379 1322 2721 1384 vocatum.
2759 1322 2823 1378 et
2874 1310 3001 1379 vita
3036 1310 3119 1378 il-

578 1402 714 1470 lius
747 1415 811 1470 et
857 1402 1089 1471 obitus
1115 1400 1479 1489 perspicue
1526 1401 1854 1469 docuere:
1882 1422 1919 1468 e
1947 1400 2205 1486 quibus
2235 1399 2555 1490 priorem,
2604 1420 2851 1487 nempe
2879 1400 3113 1473 vitam.

576 1490 867 1580 abjectio
899 1491 1008 1558 sui
1060 1489 1465 1568 voluntaria,
1513 1489 1803 1578 simplex
1853 1489 2268 1569 innocentia,
2310 1499 2373 1556 et
2406 1486 2818 1575 disciplinae
2869 1509 3107 1557 mona-

578 1580 788 1649 sticae
837 1578 1146 1648 studium
1198 1577 1668 1646 commendat:
1726 1578 2170 1668 posteriorem
2214 1598 2392 1655 ver0,
2429 1576 2498 1645 id
2538 1589 2661 1655 est,
2700 1575 3113 1655 doctrinam,

577 1689 736 1736 cum
788 1667 931 1736 zelo
979 1668 1347 1756 conjuncta
1411 1666 1752 1746 charitaS,
1809 1667 2056 1735 veritas
2111 1679 2177 1736 et
2226 1664 2557 1736 modestia
2615 1665 3112 1754 approbarunt.
3195 1692 3201 1696 ·

578 1762 762 1838 Quae
793 1779 952 1826 cum
987 1777 1122 1823 non
1159 1755 1422 1846 possint
1467 1757 1703 1824 omnia
1750 1756 2152 1856 singulatim
2189 1755 2446 1834 referri,
2495 1754 2736 1842 paucis
2768 1753 3107 1832 dicemuS,

577 1844 1164 1931 quemadmodum
1213 1845 1559 1913 veritatem
1612 1843 2599 1922 indiscriminatimomnibus
2648 1843 3113 1911 annunciarit.

579 1934 759 2002 Fecit
810 1934 1139 2003 nimirum
1191 1935 1407 2002 instar
1456 1934 1695 2008 Isaiae,
1749 1934 1862 2002 cui
1910 1932 2172 2002 dictum
2221 1944 2363 2002 est:
2422 1935 2680 2010 Clama,
2734 1955 2814 1999 ne
2867 1954 3117 2000 cesses:

579 2026 776 2114 quasi
803 2024 962 2091 tuba
995 2026 1233 2091 cavalca
1271 2045 1491 2090 vocem
1527 2033 1739 2102 tuam,
1779 2034 1840 2091 ct
1875 2024 2205 2092 annuntia
2240 2024 2489 2112 populo
2520 2043 2662 2089 meo
2702 2023 2957 2089 scelera
3011 2043 3121 2086 ‹²0-

577 2113 879 2199 rum(13.
938 2112 1145 2198 1.v111):
1187 2111 1654 2197 mittentisque
1687 2112 1801 2180 Dei
1840 2111 2242 2180 auctoritate
2291 2109 2526 2188 sretuS,
2580 2131 2658 2176 ex
2706 2109 2919 2177 eremi
2968 2109 3123 2177 cul-

577 2212 744 2278 tore,
802 2200 918 2268 ubi
969 2201 1099 2271 sibi
1131 2201 1253 2267 uni
1305 2199 1709 2279 intenderat,
1746 2199 1965 2268 factus
2001 2221 2243 2289 praeco
2279 2200 2417 2278 Dei,
2457 2218 2589 2265 non
2624 2198 2926 2286 segniter
2958 2196 3121 2266 sun-

580 2310 749 2379 gens
797 2289 1022 2358 officio
1071 2311 1218 2369 su0,
1256 2288 1339 2356 ad
1376 2289 1846 2376 proximorum
1896 2287 2400 2358 conciliandam
2453 2286 2746 2356 salutem
2798 2298 3015 2354 totum
3049 2308 3122 2354 se

579 2378 909 2448 contulit:
963 2378 1032 2446 in
1070 2376 1522 2446 concionibus
1572 2378 1721 2446 suis
1751 2398 1903 2446 eam
1938 2376 2278 2446 adhibens
2316 2375 2632 2466 justitiae
2677 2374 3117 2461 aequitatem,

577 2480 656 2537 ut
702 2468 843 2535 sive
892 2489 1000 2535 ma
1054 2467 1184 2547 nis,
1231 2467 1370 2535 sive
1403 2465 2053 2556 parvisloqueretur
2092 2466 2395 2536 veritatis
2413 2463 2672 2552 jaculis
2721 2462 3122 2533 indifferen—

580 2569 681 2625 ter
727 2568 968 2626 omnes
1027 2556 1250 2624 eriret.
1318 2555 1659 2645 Arguebat
1713 2554 2128 2636 incredulos,
2182 2554 2584 2624 obsecrabat
2634 2553 2808 2643 pios,
2868 2553 3123 2642 impios

580 2645 1020 2735 objurgabat,
1083 2657 1159 2713 ut
1220 2644 1718 2733 copiosissime,
1776 2646 1869 2714 ita
1929 2644 2428 2714 ferventissime
2488 2641 2787 2732 singulis
2837 2664 3116 2710 accom-

577 2736 783 2803 moda
831 2748 893 2804 et
942 2733 1412 2802 convenientia
1446 2732 1769 2803 salutaris
1817 2734 2168 2803 doctrinae
2204 2734 2464 2802 monita
2509 2731 2946 2820 depromens.
2988 2731 3120 2811 Qui

576 2824 759 2892 enim
787 2824 932 2912 jam
969 2835 1146 2899 ante,
1185 2836 1259 2890 ut
1307 2844 1518 2911 supra
1566 2822 1828 2891 dictum
1862 2836 1986 2899 est,
2044 2820 2386 2912 passionis
2425 2820 2717 2890 ‘calicem
2771 2831 3125 2907 tantopere

580 2913 1045 3000 concupierat,
1101 2910 1363 3003 nullius
1399 2933 1510 2979 ma
1564 2910 1888 2989 nitudini,
1944 2910 2216 2981 etiamsi
2264 2910 2504 2979 mortis
2554 2908 2984 2997 impenderet
3017 2907 3125 2975 di-

579 3001 902 3079 scrimen,
944 3021 1066 3088 pro
1104 3000 1381 3068 veritate
1419 3021 1494 3068 ce
1546 2999 1725 3079 ebat,
1779 2999 1897 3069 sed
1949 2999 2250 3068 mirabili
2300 2998 2701 3068 strenuitate
2752 2997 2957 3065 etiam
2998 3019 3122 3085 po-

581 3089 865 3158 tentium
921 3088 1269 3176 tyrannidi
1320 3109 1467 3156 sese
1514 3090 1926 3177 opponebat.
1966 3087 2165 3157 Nulla
2245 3108 2480 3156 rorsus
2530 3084 2931 3155 flectebatur
2966 3104 3122 3174 per—

577 3197 902 3247 sonarum
956 3177 1370 3266 acceptione,
1404 3176 1598 3245 nulla
1645 3176 2042 3248 adulatione
2077 3109 2538 3255 molliebatur,
2587 3196 2723 3244 non
2762 3173 3125 3264 popularis

580 3279 1048 3335 transversum
1086 3265 1393 3354 rapiebat
1441 3265 1628 3334 favor
1655 3279 1721 3335 et
1758 3267 2023 3355 opinio:
2071 3265 2185 3334 sed
2208 3264 2404 3352 juxta
2445 3264 2819 3353 Prophetae
2858 3283 3117 3339 vocem,

578 3356 776 3441 quasi
810 3352 1195 3444 plaustrum
1241 3356 1591 3433 triturans,
1641 3354 1902 3424 habens
1952 3367 2170 3425 rostra
2210 3354 2566 3434 serrantia,
2622 3364 2889 3422 montes
2933 3372 3124 3420 com-

579 3443 856 3521 minuit,
901 3456 966 3510 et
1012 3440 1219 3511 colles
1266 3443 1464 3527 quasi
1503 3442 1854 3531 pulverem
1906 3444 2157 3544 posuit.

668 3534 704 3617 §
750 3537 882 3604 11.
944 3530 1306 3599 Videbatur
1351 3531 1551 3617 quasi
1597 3530 1767 3601 alter
1814 3532 2101 3618 quidam
2153 3530 2489 3621 prodiisse
2536 3530 2740 3610 Elias,
2795 3528 2936 3599 zelo
3000 3530 3116 3597 Dei

579 3619 881 3698 fervens.
939 3620 1549 3706 inflammatusque
1579 3620 1739 3710 igne
1770 3621 2065 3711 Spiritus
2098 3620 2349 3700 Sancti,
2402 3619 2643 3710 ignitis
2682 3618 3126 3688 sermonibus

580 3708 999 3778 accendebat
1045 3722 1109 3776 et
1155 3709 1395 3778 urebat
1443 3708 1840 3779 auditorum
1891 3722 1951 3779 te
2007 3709 2142 3790 ida,
2202 3708 2561 3799 torpentia,
2602 3707 2855 3797 frigida
2888 3718 2953 3775 et
3000 3707 3128 3776 ob-

580 3818 784 3865 scura
833 3796 1062 3865 corda.
1122 3802 1451 3867 Personas
1491 3798 1829 3884 quasdam
1881 3821 1964 3869 su
2017 3798 2214 3868 limes
2264 3819 2334 3867 re
2388 3797 2797 3867 rehensione
2842 3795 3120 3885 dignas,

575 3898 764 3954 tanta
812 3906 1318 3972 nonnunquam
1371 3887 1723 3956 severitate
1751 3889 2161 3988 objurgavit,
2198 3899 2273 3957 ut
2301 3909 2343 3976 p
2374 3888 2612 3973 erique
2645 3885 2765 3955 alii
2814 3882 3123 3955 celebres

578 3974 1093 4043 concionatores
1133 3975 1331 4044 illum
1383 3975 1765 4057 audienteS,
1822 3976 1909 4045 ad
1959 3976 2375 4066 intrepidam
2426 3975 2618 4045 illius
2659 3973 3123 4044 constantiam

580 4062 1022 4151 trepidarent,
1083 4064 1447 4150 vultusque
1496 4087 1658 4134 suos
1687 4065 1990 4151 quodam
2043 4064 2640 4155 pusillanimitatis
2688 4062 2938 4132 rubore
2965 4082 3125 4150 per-

576 4150 714 4221 fusi
761 4154 1176 4243 obtegerent.
1232 4153 1651 4223 Circumibat
1686 4175 1807 4243 per
1854 4155 2061 4234 vicoS,
2114 4164 2362 4236 castra,
2414 4154 2627 4223 urbes
2673 4162 2738 4220 et
2793 4171 3019 4240 ang,
3063 4161 3129 4217 et

577 4241 753 4309 vitae
819 4242 1084 4312 semina
1148 4241 1406 4328 ubique
1467 4241 1855 4331 largissime
1920 4243 2311 4333 spargebat.
2369 4245 2677 4328 Cumque
2750 4240 2839 4310 ob
2898 4238 3123 4308 zelum

631 4399 656 4425 ³⁷
685 4400 816 4438 'runc
845 4401 982 4448 esunt
1010 4409 1036 4438 a.
1065 4401 1108 4439 S.
1141 4368 1421 4439 Institutore
1452 4400 1640 4440 Ordinis
1668 4400 1922 4440 Francisco
1951 4397 2151 4440 missum
2176 4396 2432 4441 Antonium
2464 4400 2613 4440 ruisse
2635 4398 2873 4439 vex-censs
2896 4397 2945 4436 tn
2964 4396 3129 4435 Subul-

575 4452 714 4502 pinis,
741 4453 805 4492 ibi
834 4461 919 4502 per
945 4452 1171 4494 Abbatem
1199 4450 1332 4494 illius
1351 4454 1641 4502 percelebris
1660 4450 1999 4495 monasteriis.
2020 4451 2262 4497 Benedicti
2282 4453 2565 4504 'theologica
2584 4450 2784 4494 scientia
2801 4450 3127 4493 erudiendum.
