3357 4995
199 350 430 417 JUNII
476 344 563 416 29
872 369 954 416 nn
1000 370 1092 417 ss.
1146 348 1481 418 APOSTOLIS
1528 368 1724 417 ramo
1771 370 1847 417 nr
1894 368 2096 419 ranno
2532 349 2660 416 635

202 451 623 544 Phygellum
687 451 984 543 Ephesi,
1037 476 1241 542 quern
1293 454 1491 546 ajunt
1538 477 1579 524 a
1632 465 1817 524 recta
1864 454 1970 523 via
2019 453 2416 535 divertisse,
2476 465 2541 523 et
2586 475 2748 523 cum

209 542 497 612 Simone
528 541 849 624 sensisse,
887 554 954 613 et
992 547 1326 632 Smyrnae
1364 547 1411 612 A
1464 542 1691 624 ellem,
1747 543 1868 631 qui
1917 555 2065 613 erat
2110 541 2315 614 frater
2362 540 2746 632 Polycarpi,

204 631 400 701 venit
446 632 517 699 in
559 630 1050 702 Macedoniam.
1089 637 1256 702 Cum
1288 631 1411 701 Phi
1444 632 1627 723 ippis
1661 647 1891 703 autem
1919 632 2288 724 Olympum
2333 637 2380 700 E
2434 632 2750 721 iscopum

203 718 702 801 constituisset,
755 733 821 789 et
874 720 1395 792 Thessalonicae
1446 725 1797 803 Jasonem,
1849 733 1914 791 et
1961 721 2270 793 Corinthi
2319 721 2386 791 Si
2418 742 2530 801 an,
2591 740 2750 789 cum

202 808 396 878 enim
447 807 589 879 illic
646 809 1019 880 invenisset
1066 809 1253 900 apud
1331 832 1665 900 magnum
1718 810 2009 880 Paulum
2079 820 2634 901 permanentem,
2686 818 2752 876 et

202 897 429 967 Patris
478 898 959 979 Herodionem,
1004 899 1352 990 navigavit
1391 900 1462 968 in
1515 898 1846 969 Siciliam.
1894 903 1971 969 Et
2018 919 2178 968 cum
2231 899 2528 968 venisset
2574 902 2751 965 Tau-

201 986 625 1067 romenium,
680 987 1059 1057 diversatur
1105 988 1292 1078 apud
1334 989 1772 1058 Pancratium
1828 988 2057 1057 virum
2120 987 2741 1078 sapientissimum.

207 1079 361 1157 Quo
401 1075 471 1143 in
509 1073 655 1145 loco
687 1097 844 1145 cum
896 1076 1269 1163 quemdam
1340 1076 1712 1146 Maximum
1761 1076 2100 1146 catechesi
2162 1076 2619 1156 instituisset,
2684 1085 2749 1143 et

204 1164 647 1254 baptizasset,
698 1176 763 1234 et
809 1165 1224 1256 Episcopum
1285 1166 1710 1246 ordinasset,
1781 1171 2067 1235 Romam
2119 1164 2423 1255 appellit.
2483 1170 2557 1232 In
2610 1185 2747 1251 qua

202 1275 368 1322 cum
417 1253 723 1339 quotidie
771 1276 1062 1343 synaxes
1109 1254 1506 1336 celebraret,
1550 1266 1617 1324 et
1662 1276 1885 1325 unum
1940 1259 2148 1324 Deum
2202 1261 2466 1323 Patrem
2516 1252 2744 1323 omni-

206 1353 581 1432 potentem,
633 1354 699 1412 et
745 1364 966 1412 unum
1022 1344 1387 1414 Dominum
1435 1350 1673 1413 lesum
1727 1344 2066 1412 Christum
2123 1342 2346 1412 filium
2397 1363 2635 1413 verum
2658 1341 2744 1409 de

205 1435 360 1500 Deo‘
390 1452 569 1511 vere,
613 1442 678 1499 et
723 1452 944 1500 unum
980 1431 1311 1522 Spiritum
1351 1438 1677 1503 Sanctum
1716 1431 2081 1501 Dominum
2115 1443 2180 1500 et
2228 1432 2575 1501 vivificum
2600 1486 2615 1511 ,
2671 1430 2740 1497 in

205 1519 579 1609 synagogis
627 1531 689 1588 et
725 1519 913 1589 domi
940 1519 1232 1602 doceret,
1289 1521 1839 1591 attraxitmultos
1871 1520 1955 1589 ad
2009 1520 2216 1590 fidem
2254 1521 2323 1590 in
2368 1520 2739 1599 Christum,

203 1622 271 1677 et
321 1629 441 1699 per
488 1618 803 1678 sanctum
855 1609 1199 1699 baptisma
1248 1609 1560 1680 liberavit
1598 1611 1686 1679 ab
1731 1631 1960 1680 errore
2010 1609 2390 1679 idolorum:
2454 1609 2621 1677 adeo
2671 1619 2746 1676 ut

204 1697 394 1766 brevi
447 1709 746 1787 tempore
794 1697 877 1766 ad
913 1710 1230 1767 sanctum
1283 1699 1706 1790 baptismum
1731 1720 1973 1769 omnes
2021 1698 2161 1768 sere
2200 1698 2650 1777 accurrerint,
2682 1707 2748 1766 et

206 1791 342 1855 Deo
379 1807 497 1875 per
537 1786 830 1876 Apostoli
867 1787 1251 1857 doctrinam
1301 1787 1746 1857 crediderint.

295 1877 331 1961 ἓ
380 1877 460 1946 S.
514 1879 694 1945 Haec
737 1876 974 1945 videns
1009 1876 1268 1950 Simon.
1308 1899 1439 1946 non
1478 1877 1642 1946 satis
1676 1876 1871 1945 duxit
1908 1888 2151 1957 tacere,
2191 1887 2257 1945 et
2288 1898 2484 1945 suam
2522 1873 2746 1944 celare

208 1963 761 2052 improbitatem:
815 1964 933 2033 sed
969 1964 1187 2056 gloria
1233 1978 1297 2034 et
1334 1966 1835 2035 existimatione
1885 1987 1955 2035 se
2004 1975 2405 2055 superatum
2442 1986 2589 2033 esse
2640 1984 2746 2031 ar-

205 2052 524 2133 bitratuS,
561 2053 619 2123 si
655 2053 905 2123 sineret
938 2054 1359 2143 Apostolum,
1416 2054 1572 2124 totis
1608 2054 1894 2132 viribuS,
1933 2055 2018 2122 iis
2065 2055 2185 2141 qui
2236 2058 2490 2122 Romae
2522 2063 2739 2131 erant,

204 2140 551 2210 veritatem
588 2143 1040 2223 annunciare,
1076 2143 1402 2212 audacter
1435 2143 1642 2213 simul
1693 2157 1758 2213 et
1806 2142 2074 2213 indocte
2122 2142 2345 2231 eoepit
2396 2142 2607 2210 libere
2648 2139 2744 2207 lo·

208 2229 435 2315 quiin
489 2230 710 2299 media
761 2231 1052 2312 civitate,
1107 2245 1171 2301 et
1212 2233 1525 2323 imperite
1573 2254 1943 2323 aggressus
1989 2244 2090 2301 est
2135 2231 2197 2300 ei
2247 2229 2736 2299 contradicere.

209 2318 337 2387 Ubi
383 2332 447 2387 et
479 2319 764 2419 umbras
810 2320 1146 2406 quasdam
1181 2343 1342 2390 eum
1383 2322 1579 2407 sequi
1626 2334 1691 2389 et
1741 2320 2184 2421 praecedere:
2244 2341 2417 2419 quas
2473 2318 2745 2387 dicebat

207 2428 355 2477 esse
388 2430 657 2477 animas
722 2421 1176 2489 mortuorum,
1232 2422 1297 2478 et
1347 2423 1651 2479 mortuos
1716 2421 2104 2487 suscitatos,
2158 2420 2222 2478 et
2277 2429 2362 2488 ei,
2411 2422 2739 2493 tanquam

208 2496 357 2577 deo,
390 2496 718 2567 honorem
749 2499 1149 2579 tribuenteS,
1189 2499 1611 2586 claudosque
1644 2513 1822 2569 rect-e
1855 2497 2122 2589 ingredi
2150 2510 2214 2567 et
2247 2496 2495 2566 saltare
2521 2509 2746 2567 osten-

209 2585 455 2654 debat:
511 2609 718 2673 seque
768 2588 985 2657 instar
1033 2587 1327 2657 fabulosi
1377 2587 1566 2658 illius
1615 2587 1832 2657 Protei
1884 2587 1952 2655 in
2007 2587 2228 2657 varias
2285 2586 2745 2655 formas-mu—

210 2686 385 2756 tanS‚
417 2675 817 2746 ostendebat
849 2676 1225 2777 aliquando
1263 2677 1542 2764 quidem
1594 2677 1770 2747 duas
1819 2676 2178 2746 habentem
2218 2674 2461 2745 facies:
2496 2673 2747 2742 deinde

208 2777 461 2836 autem,
519 2787 724 2853 parvo
788 2765 1138 2855 interjecto
1189 2767 1457 2856 spati0,
1515 2765 2138 2836 transformabatur
2187 2765 2257 2832 in
2318 2785 2626 2853 capram,
2682 2774 2749 2831 et

208 2864 617 2953 serpentem,
672 2866 736 2922 et
798 2854 1186 2934 volucrem,
1240 2868 1303 2924 et
1350 2854 1625 2941 qualem
1699 2876 1823 2944 par
1868 2869 1970 2925 est
2024 2875 2183 2923 eum
2237 2853 2476 2933 videri,
2530 2852 2650 2937 qui
2710 2872 2748 2919 a

208 2957 469 3011 ratione
509 2941 757 3013 alienis
790 2944 997 3011 servit
1044 2943 1589 3033 cupiditatibus:
1642 2955 1708 3012 et
1756 2943 1900 3033 igni
1935 2964 2136 3033 saepe
2185 2942 2742 3011 assimilabatur:

206 3043 268 3099 et
317 3030 777 3120 simpliciores
808 3032 1135 3100 omnibus
1186 3032 1409 3102 modis
1458 3054 1593 3101 non
1627 3032 1939 3101 cessabat
1971 3031 2307 3119 decipere.
2346 3031 2469 3099 Ille
2518 3041 2744 3098 autem

209 3141 506 3209 magnus
538 3121 807 3189 Domini
849 3119 1233 3211 ApostoluS,
1267 3122 1320 3190 si
1357 3121 1793 3190 solummodo
1841 3122 2273 3199 cernebatur,
2327 3140 2567 3188 omnes
2595 3119 2747 3208 ejus

208 3208 751 3278 machinationes
800 3209 1102 3279 facilime
1142 3210 1579 3290 dissolvebat,
1632 3222 1697 3278 et
1746 3211 1815 3277 in
1871 3209 2163 3278 nihilum
2223 3208 2622 3279 resolvebat.

292 3299 328 3384 ξ
377 3300 470 3366 9.
526 3301 691 3366 Cum
744 3298 1003 3368 multae
1050 3320 1211 3387 ergo
1258 3299 1368 3387 (ut
1414 3311 1514 3367 est
1567 3298 2146 3384 consentaneum)
2194 3298 2369 3366 inter
2401 3319 2516 3366 eos
2574 3295 2747 3364 fuis-

207 3398 353 3455 sent
390 3386 711 3472 utrinque
742 3388 1267 3467 controversiae,
1321 3400 1385 3456 et
1441 3387 1967 3476 disputationes:
2036 3388 2328 3455 nesciret
2366 3399 2595 3454 autem
2649 3383 2749 3452 si-

210 3496 391 3556 mon,
431 3474 761 3563 quidnam
814 3476 1118 3566 amplius
1159 3489 1410 3566 ageret,
1466 3498 1655 3545 aram
1708 3476 2082 3563 quamdam
2144 3474 2339 3544 lauro
2383 3485 2748 3543 coronatus

205 3564 528 3633 ascendit.
575 3568 661 3632 Ex
711 3586 847 3650 qua
897 3566 1135 3634 turbas
1187 3567 1489 3655 primum
1542 3565 1874 3634 iracunde
1932 3563 2317 3650 alloquens:
2358 3563 2740 3646 Quoniam,

204 3653 448 3740 inquit,
495 3652 665 3722 adeo
701 3653 1103 3743 insipientes
1138 3654 1388 3735 fuistis,
1444 3677 1482 3722 o
1534 3654 1862 3734 Rotnani,
1919 3667 1991 3722 ut
2044 3675 2150 3720 me
2191 3653 2472 3739 quidem
2537 3651 2746 3719 relin-

204 3744 521 3828 queretis,
579 3747 848 3811 Petrum
888 3765 1040 3811 vero
1076 3743 1562 3830 sequeremini,
1594 3764 1753 3812 ecce
1785 3742 1851 3809 in
1878 3755 2250 3830 conspeetu
2300 3757 2520 3809 vestro
2553 3761 2747 3808 man-

207 3830 378 3900 dabo
412 3829 686 3921 Angelis
739 3831 930 3912 meiS‚
963 3845 1025 3901 et
1075 3854 1183 3900 me
1218 3831 1455 3900 tollent
1494 3831 1561 3899 in
1602 3831 1951 3910 manibus
1984 3844 2047 3899 et
2077 3829 2161 3898 ad
2194 3835 2457 3900 Patrem
2512 3850 2739 3898 meum

210 3920 569 3990 ascendam
615 3920 681 3987 in
743 3920 1052 4001 coelum,
1107 3935 1172 3989 et
1221 3920 1414 3989 illinc
1470 3941 1586 3990 vos
1633 3933 1935 3989 extremo
1996 3918 2296 3988 afficiam
2351 3917 2741 4008 supplicio:

211 4021 281 4073 ut
327 4010 612 4093 quinon
668 4008 732 4077 in
780 4009 885 4089 iis,
924 4031 1101 4096 quae
1153 4009 1342 4079 vobis
1393 4008 1558 4089 dixi,
1614 4008 2076 4096 perstiteritis.
2113 4012 2293 4076 Haec
2340 4029 2500 4076 cum
2534 4005 2748 4074 dixis-

213 4106 333 4173 set,
370 4098 708 4184 plaudens
754 4097 1002 4167 deinde
1053 4098 1401 4177 manibuS‚
1445 4120 1566 4187 per
1613 4100 1844 4166 aerem
1905 4097 2162 4166 missus
2209 4096 2432 4185 coepit
2475 4094 2742 4175 volare,

212 4183 623 4268 quibusdam
661 4187 951 4268 umbriS,
988 4186 1083 4254 vel
1139 4186 1339 4255 malis
1380 4187 1610 4276 potius
1657 4185 2143 4265 daemonibuS,
2177 4208 2336 4255 eum
2391 4183 2749 4274 impellen—

214 4272 391 4341 tibus
424 4286 487 4342 et
538 4276 990 4365 portantibus.
1049 4281 1337 4365 Magnus
1367 4286 1597 4344 autem
1636 4274 1752 4344 ille
1783 4273 2161 4363 'Apostolus
2194 4280 2428 4344 Petrus
2474 4293 2643 4342 cum
2677 4293 2748 4341 se

213 4383 450 4449 parum
488 4363 900 4445 retinuisset,
947 4364 1398 4435 audientibus
1429 4363 1784 4444 omnibuS,
1817 4364 2040 4453 coepit
2087 4362 2354 4432 dicere:
2401 4384 2436 4427 «
2464 4361 2747 4430 Domine

209 4451 374 4520 Jesu
428 4450 708 4534 Christe,
762 4454 883 4540 qui
932 4476 1005 4523 es
1054 4458 1228 4523 Deus
1304 4475 1547 4534 meuS,
1622 4475 1709 4521 ne
1757 4451 1944 4520 sinas
2009 4473 2168 4521 eum
2237 4449 2522 4540 implere
2560 4449 2742 4536 quod
