<?xml version="1.0" encoding="UTF-8"?>
<!DOCTYPE html PUBLIC "-//W3C//DTD XHTML 1.0 Transitional//EN"
    "http://www.w3.org/TR/xhtml1/DTD/xhtml1-transitional.dtd">
<html xmlns="http://www.w3.org/1999/xhtml" xml:lang="en" lang="en">
 <head>
  <title>
</title>
<meta http-equiv="Content-Type" content="text/html;charset=utf-8" />
  <meta name='ocr-system' content='tesseract 3.04.00' />
  <meta name='ocr-capabilities' content='ocr_page ocr_carea ocr_par ocr_line ocrx_word'/>
</head>
<body>
  <div class='ocr_page' id='page_1' title='image "./historiaeseuvit02lippgoog_0652.png"; bbox 0 0 3357 4995; ppageno 0'>
   <div class='ocr_carea' id='block_1_1' title="bbox 681 280 3118 349">
    <p class='ocr_par' dir='ltr' id='par_1_1' title="bbox 681 280 3118 349">
     <span class='ocr_line' id='line_1_1' title="bbox 681 280 3118 349; baseline -0.002 -1"><span class='ocrx_word' id='word_1_1' title='bbox 681 282 810 349; x_wconf 76' lang='lat'><strong>632</strong></span> <span class='ocrx_word' id='word_1_2' title='bbox 1249 301 1329 347; x_wconf 71' lang='lat' dir='ltr'><strong>nn</strong></span> <span class='ocrx_word' id='word_1_3' title='bbox 1375 301 1468 349; x_wconf 90' lang='lat' dir='ltr'><strong>ss.</strong></span> <span class='ocrx_word' id='word_1_4' title='bbox 1521 298 1857 348; x_wconf 76' lang='lat' dir='ltr'><strong>Arosrous</strong></span> <span class='ocrx_word' id='word_1_5' title='bbox 1904 298 2098 347; x_wconf 67' lang='lat' dir='ltr'><strong>paruo</strong></span> <span class='ocrx_word' id='word_1_6' title='bbox 2145 298 2222 345; x_wconf 72' lang='lat' dir='ltr'><strong>nr</strong></span> <span class='ocrx_word' id='word_1_7' title='bbox 2269 297 2471 346; x_wconf 78' lang='lat' dir='ltr'><strong>PAULO</strong></span> <span class='ocrx_word' id='word_1_8' title='bbox 2792 280 2832 345; x_wconf 86' lang='lat' dir='ltr'>J</span> <span class='ocrx_word' id='word_1_9' title='bbox 2841 280 3016 345; x_wconf 82' lang='lat' dir='ltr'><strong>UNII</strong></span> <span class='ocrx_word' id='word_1_10' title='bbox 3071 282 3118 344; x_wconf 76' lang='lat'><strong>2</strong></span> 
     </span>
    </p>
   </div>
   <div class='ocr_carea' id='block_1_2' title="bbox 589 382 3150 4474">
    <p class='ocr_par' dir='ltr' id='par_1_2' title="bbox 589 382 3150 1276">
     <span class='ocr_line' id='line_1_2' title="bbox 589 382 3150 487; baseline 0 -31"><span class='ocrx_word' id='word_1_11' title='bbox 589 384 886 487; x_wconf 65' lang='lat' dir='ltr'><strong>facimus</strong></span> <span class='ocrx_word' id='word_1_12' title='bbox 943 384 1362 486; x_wconf 73' lang='lat' dir='ltr'><strong>mentionem</strong></span> <span class='ocrx_word' id='word_1_13' title='bbox 1396 441 1411 468; x_wconf 94' lang='lat'><strong>‚</strong></span> <span class='ocrx_word' id='word_1_14' title='bbox 1477 385 1659 473; x_wconf 88' lang='lat' dir='ltr'><strong>quod</strong></span> <span class='ocrx_word' id='word_1_15' title='bbox 1705 406 1886 474; x_wconf 89' lang='lat' dir='ltr'><strong>quae</strong></span> <span class='ocrx_word' id='word_1_16' title='bbox 1918 384 2214 485; x_wconf 78' lang='lat' dir='ltr'><strong>sparsim</strong></span> <span class='ocrx_word' id='word_1_17' title='bbox 2262 384 2327 452; x_wconf 92' lang='lat' dir='ltr'><strong>ei</strong></span> <span class='ocrx_word' id='word_1_18' title='bbox 2376 382 2780 485; x_wconf 81' lang='lat' dir='ltr'>singulatim</span> <span class='ocrx_word' id='word_1_19' title='bbox 2832 384 2919 453; x_wconf 89' lang='lat' dir='ltr'><strong>ab</strong></span> <span class='ocrx_word' id='word_1_20' title='bbox 2977 384 3150 457; x_wconf 88' lang='lat' dir='ltr'><strong>aliis</strong></span> 
     </span>
     <span class='ocr_line' id='line_1_3' title="bbox 592 476 3147 565; baseline 0.002 -21"><span class='ocrx_word' id='word_1_21' title='bbox 592 486 869 545; x_wconf 78' lang='lat' dir='ltr'><strong>luventa</strong></span> <span class='ocrx_word' id='word_1_22' title='bbox 915 486 1101 558; x_wconf 90' lang='lat' dir='ltr'><strong>sunt,</strong></span> <span class='ocrx_word' id='word_1_23' title='bbox 1154 497 1203 544; x_wconf 87' lang='lat'><strong>11</strong></span> <span class='ocrx_word' id='word_1_24' title='bbox 1252 476 1754 565; x_wconf 90' lang='lat' dir='ltr'><strong>conjungentes</strong></span> <span class='ocrx_word' id='word_1_25' title='bbox 1801 486 1867 544; x_wconf 93' lang='lat' dir='ltr'><strong>et</strong></span> <span class='ocrx_word' id='word_1_26' title='bbox 1911 482 2432 555; x_wconf 73' lang='lat' dir='ltr'><strong>concinnanteS,</strong></span> <span class='ocrx_word' id='word_1_27' title='bbox 2484 493 2553 541; x_wconf 83' lang='lat'><strong>111</strong></span> <span class='ocrx_word' id='word_1_28' title='bbox 2606 494 2829 542; x_wconf 88' lang='lat' dir='ltr'><strong>unum</strong></span> <span class='ocrx_word' id='word_1_29' title='bbox 2879 493 3147 564; x_wconf 87' lang='lat' dir='ltr'><strong>corpus</strong></span> 
     </span>
     <span class='ocr_line' id='line_1_4' title="bbox 594 560 3147 662; baseline 0 -28"><span class='ocrx_word' id='word_1_30' title='bbox 594 563 1042 654; x_wconf 88' lang='lat' dir='ltr'><strong>redegerunt,</strong></span> <span class='ocrx_word' id='word_1_31' title='bbox 1094 574 1160 633; x_wconf 91' lang='lat' dir='ltr'><strong>et</strong></span> <span class='ocrx_word' id='word_1_32' title='bbox 1209 564 1272 634; x_wconf 93' lang='lat' dir='ltr'><strong>ei</strong></span> <span class='ocrx_word' id='word_1_33' title='bbox 1319 562 1613 636; x_wconf 88' lang='lat' dir='ltr'><strong>formam</strong></span> <span class='ocrx_word' id='word_1_34' title='bbox 1660 563 2044 644; x_wconf 88' lang='lat' dir='ltr'><strong>dederunt,</strong></span> <span class='ocrx_word' id='word_1_35' title='bbox 2103 573 2170 632; x_wconf 89' lang='lat' dir='ltr'><strong>et</strong></span> <span class='ocrx_word' id='word_1_36' title='bbox 2214 573 2394 631; x_wconf 91' lang='lat' dir='ltr'><strong>artes</strong></span> <span class='ocrx_word' id='word_1_37' title='bbox 2442 560 2733 662; x_wconf 85' lang='lat' dir='ltr'>posteris</span> <span class='ocrx_word' id='word_1_38' title='bbox 2847 561 3147 635; x_wconf 82' lang='lat' dir='ltr'><strong>erfectas</strong></span> 
     </span>
     <span class='ocr_line' id='line_1_5' title="bbox 592 649 3141 740; baseline 0 -17"><span class='ocrx_word' id='word_1_39' title='bbox 592 652 1043 740; x_wconf 88' lang='lat' dir='ltr'><strong>reliquerunt.</strong></span> <span class='ocrx_word' id='word_1_40' title='bbox 1082 657 1214 723; x_wconf 89' lang='lat' dir='ltr'><strong>Nos</strong></span> <span class='ocrx_word' id='word_1_41' title='bbox 1260 674 1535 740; x_wconf 88' lang='lat' dir='ltr'><strong>quoque</strong></span> <span class='ocrx_word' id='word_1_42' title='bbox 1562 673 1678 723; x_wconf 88' lang='lat' dir='ltr'><strong>eos</strong></span> <span class='ocrx_word' id='word_1_43' title='bbox 1711 652 2124 739; x_wconf 61' lang='lat' dir='ltr'><strong>frequentes</strong></span> <span class='ocrx_word' id='word_1_44' title='bbox 2165 662 2243 720; x_wconf 92' lang='lat' dir='ltr'><strong>ut</strong></span> <span class='ocrx_word' id='word_1_45' title='bbox 2274 649 2585 720; x_wconf 74' lang='lat' dir='ltr'><strong>fidelium</strong></span> <span class='ocrx_word' id='word_1_46' title='bbox 2619 650 2786 722; x_wconf 90' lang='lat' dir='ltr'><strong>satis</strong></span> <span class='ocrx_word' id='word_1_47' title='bbox 2816 651 3141 723; x_wconf 81' lang='lat' dir='ltr'><strong>aciamus</strong></span> 
     </span>
     <span class='ocr_line' id='line_1_6' title="bbox 593 737 3143 832; baseline 0 -21"><span class='ocrx_word' id='word_1_48' title='bbox 593 741 956 823; x_wconf 90' lang='lat' dir='ltr'><strong>desiderio,</strong></span> <span class='ocrx_word' id='word_1_49' title='bbox 999 754 1325 829; x_wconf 82' lang='lat' dir='ltr'><strong>tanquam</strong></span> <span class='ocrx_word' id='word_1_50' title='bbox 1355 741 1720 811; x_wconf 83' lang='lat' dir='ltr'><strong>informem</strong></span> <span class='ocrx_word' id='word_1_51' title='bbox 1762 740 2145 821; x_wconf 80' lang='lat' dir='ltr'><strong>materiam,</strong></span> <span class='ocrx_word' id='word_1_52' title='bbox 2187 761 2266 809; x_wconf 88' lang='lat' dir='ltr'><strong>ea</strong></span> <span class='ocrx_word' id='word_1_53' title='bbox 2296 760 2475 826; x_wconf 93' lang='lat' dir='ltr'><strong>quae</strong></span> <span class='ocrx_word' id='word_1_54' title='bbox 2508 737 2593 809; x_wconf 93' lang='lat' dir='ltr'><strong>de</strong></span> <span class='ocrx_word' id='word_1_55' title='bbox 2624 740 2923 810; x_wconf 91' lang='lat' dir='ltr'><strong>summis</strong></span> <span class='ocrx_word' id='word_1_56' title='bbox 2956 745 3143 832; x_wconf 88' lang='lat' dir='ltr'><strong>Apo-</strong></span> 
     </span>
     <span class='ocr_line' id='line_1_7' title="bbox 595 827 3145 912; baseline 0 -11"><span class='ocrx_word' id='word_1_57' title='bbox 595 829 926 901; x_wconf 84' lang='lat' dir='ltr'><strong>stolorum</strong></span> <span class='ocrx_word' id='word_1_58' title='bbox 977 836 1171 901; x_wconf 91' lang='lat' dir='ltr'><strong>Petro</strong></span> <span class='ocrx_word' id='word_1_59' title='bbox 1216 842 1282 901; x_wconf 90' lang='lat' dir='ltr'><strong>et</strong></span> <span class='ocrx_word' id='word_1_60' title='bbox 1327 829 1563 911; x_wconf 88' lang='lat' dir='ltr'><strong>Paulo,</strong></span> <span class='ocrx_word' id='word_1_61' title='bbox 1603 829 1717 900; x_wconf 92' lang='lat' dir='ltr'><strong>hic</strong></span> <span class='ocrx_word' id='word_1_62' title='bbox 1764 842 1829 899; x_wconf 92' lang='lat' dir='ltr'><strong>et</strong></span> <span class='ocrx_word' id='word_1_63' title='bbox 1875 828 2018 898; x_wconf 91' lang='lat' dir='ltr'><strong>illic</strong></span> <span class='ocrx_word' id='word_1_64' title='bbox 2051 827 2527 909; x_wconf 82' lang='lat' dir='ltr'><strong>decantantur,</strong></span> <span class='ocrx_word' id='word_1_65' title='bbox 2590 838 2980 912; x_wconf 84' lang='lat' dir='ltr'><strong>tractantes,</strong></span> <span class='ocrx_word' id='word_1_66' title='bbox 3033 832 3145 903; x_wconf 88' lang='lat' dir='ltr'><strong>eis</strong></span> 
     </span>
     <span class='ocr_line' id='line_1_8' title="bbox 597 916 3145 1008; baseline 0 -19"><span class='ocrx_word' id='word_1_67' title='bbox 597 918 889 990; x_wconf 81' lang='lat' dir='ltr'><strong>sormam</strong></span> <span class='ocrx_word' id='word_1_68' title='bbox 924 919 1319 1001; x_wconf 78' lang='lat' dir='ltr'><strong>tribuimu5‚</strong></span> <span class='ocrx_word' id='word_1_69' title='bbox 1356 940 1474 990; x_wconf 94' lang='lat' dir='ltr'><strong>cor</strong></span> <span class='ocrx_word' id='word_1_70' title='bbox 1525 940 1748 1006; x_wconf 87' lang='lat' dir='ltr'><strong>usque</strong></span> <span class='ocrx_word' id='word_1_71' title='bbox 1786 918 2099 988; x_wconf 84' lang='lat' dir='ltr'><strong>articulis</strong></span> <span class='ocrx_word' id='word_1_72' title='bbox 2125 938 2529 1008; x_wconf 83' lang='lat' dir='ltr'><strong>expressum</strong></span> <span class='ocrx_word' id='word_1_73' title='bbox 2555 916 2923 987; x_wconf 83' lang='lat' dir='ltr'><strong>efficimus.</strong></span> <span class='ocrx_word' id='word_1_74' title='bbox 2956 924 3145 1002; x_wconf 89' lang='lat' dir='ltr'><strong>Quo-</strong></span> 
     </span>
     <span class='ocr_line' id='line_1_9' title="bbox 595 1005 3140 1100; baseline 0 -22"><span class='ocrx_word' id='word_1_75' title='bbox 595 1008 785 1079; x_wconf 88' lang='lat' dir='ltr'><strong>niam</strong></span> <span class='ocrx_word' id='word_1_76' title='bbox 845 1030 1008 1100; x_wconf 89' lang='lat' dir='ltr'><strong>ergo</strong></span> <span class='ocrx_word' id='word_1_77' title='bbox 1057 1009 1183 1078; x_wconf 93' lang='lat' dir='ltr'><strong>hoc</strong></span> <span class='ocrx_word' id='word_1_78' title='bbox 1230 1021 1331 1078; x_wconf 92' lang='lat' dir='ltr'><strong>est</strong></span> <span class='ocrx_word' id='word_1_79' title='bbox 1394 1029 1482 1077; x_wconf 90' lang='lat' dir='ltr'><strong>no</strong></span> <span class='ocrx_word' id='word_1_80' title='bbox 1538 1008 1594 1076; x_wconf 92' lang='lat' dir='ltr'><strong>is</strong></span> <span class='ocrx_word' id='word_1_81' title='bbox 1639 1008 2079 1087; x_wconf 90' lang='lat' dir='ltr'><strong>institutum,</strong></span> <span class='ocrx_word' id='word_1_82' title='bbox 2133 1018 2199 1076; x_wconf 94' lang='lat' dir='ltr'><strong>et</strong></span> <span class='ocrx_word' id='word_1_83' title='bbox 2245 1005 2331 1076; x_wconf 89' lang='lat' dir='ltr'><strong>ad</strong></span> <span class='ocrx_word' id='word_1_84' title='bbox 2383 1027 2490 1076; x_wconf 90' lang='lat' dir='ltr'><strong>res</strong></span> <span class='ocrx_word' id='word_1_85' title='bbox 2539 1017 2764 1088; x_wconf 89' lang='lat' dir='ltr'><strong>tantas</strong></span> <span class='ocrx_word' id='word_1_86' title='bbox 2813 1019 3140 1078; x_wconf 88' lang='lat' dir='ltr'><strong>nostrum</strong></span> 
     </span>
     <span class='ocr_line' id='line_1_10' title="bbox 598 1094 3144 1188; baseline 0 -20"><span class='ocrx_word' id='word_1_87' title='bbox 598 1097 908 1168; x_wconf 90' lang='lat' dir='ltr'><strong>studium</strong></span> <span class='ocrx_word' id='word_1_88' title='bbox 971 1096 1415 1179; x_wconf 87' lang='lat' dir='ltr'><strong>conferimus,</strong></span> <span class='ocrx_word' id='word_1_89' title='bbox 1477 1095 1954 1188; x_wconf 89' lang='lat' dir='ltr'><strong>incipiendum</strong></span> <span class='ocrx_word' id='word_1_90' title='bbox 2017 1109 2118 1166; x_wconf 91' lang='lat' dir='ltr'><strong>est</strong></span> <span class='ocrx_word' id='word_1_91' title='bbox 2178 1094 2430 1175; x_wconf 91' lang='lat' dir='ltr'><strong>dicere,</strong></span> <span class='ocrx_word' id='word_1_92' title='bbox 2485 1094 2835 1165; x_wconf 90' lang='lat' dir='ltr'><strong>undenam</strong></span> <span class='ocrx_word' id='word_1_93' title='bbox 2890 1096 3144 1186; x_wconf 88' lang='lat' dir='ltr'><strong>primis</strong></span> 
     </span>
     <span class='ocr_line' id='line_1_11' title="bbox 599 1185 2452 1276; baseline -0.002 -20"><span class='ocrx_word' id='word_1_94' title='bbox 599 1186 848 1256; x_wconf 79' lang='lat' dir='ltr'><strong>Christi</strong></span> <span class='ocrx_word' id='word_1_95' title='bbox 885 1185 1390 1276; x_wconf 86' lang='lat' dir='ltr'><strong>discipulorum</strong></span> <span class='ocrx_word' id='word_1_96' title='bbox 1440 1185 1646 1256; x_wconf 76' lang='lat' dir='ltr'><strong>fuerit</strong></span> <span class='ocrx_word' id='word_1_97' title='bbox 1693 1185 1775 1255; x_wconf 93' lang='lat' dir='ltr'><strong>ad</strong></span> <span class='ocrx_word' id='word_1_98' title='bbox 1813 1185 2022 1254; x_wconf 87' lang='lat' dir='ltr'><strong>vitam</strong></span> <span class='ocrx_word' id='word_1_99' title='bbox 2072 1185 2141 1252; x_wconf 90' lang='lat' dir='ltr'><strong>in</strong></span> <span class='ocrx_word' id='word_1_100' title='bbox 2199 1205 2452 1253; x_wconf 83' lang='lat' dir='ltr'><strong>ressus.</strong></span> 
     </span>
    </p>

    <p class='ocr_par' dir='ltr' id='par_1_3' title="bbox 598 1272 3145 3230">
     <span class='ocr_line' id='line_1_12' title="bbox 687 1272 3144 1366; baseline -0 -21"><span class='ocrx_word' id='word_1_101' title='bbox 687 1277 724 1363; x_wconf 82' lang='lat'><strong>§</strong></span> <span class='ocrx_word' id='word_1_102' title='bbox 775 1279 864 1346; x_wconf 57' lang='grc' dir='ltr'><strong>θ.</strong></span> <span class='ocrx_word' id='word_1_103' title='bbox 917 1280 1156 1344; x_wconf 91' lang='lat' dir='ltr'><strong>Petrus</strong></span> <span class='ocrx_word' id='word_1_104' title='bbox 1202 1297 1364 1366; x_wconf 89' lang='lat' dir='ltr'><strong>ergo</strong></span> <span class='ocrx_word' id='word_1_105' title='bbox 1400 1274 1510 1364; x_wconf 92' lang='lat' dir='ltr'><strong>(ut</strong></span> <span class='ocrx_word' id='word_1_106' title='bbox 1555 1274 1747 1344; x_wconf 91' lang='lat' dir='ltr'><strong>illius</strong></span> <span class='ocrx_word' id='word_1_107' title='bbox 1788 1272 2089 1364; x_wconf 87' lang='lat' dir='ltr'><strong>primurn</strong></span> <span class='ocrx_word' id='word_1_108' title='bbox 2159 1273 2377 1342; x_wconf 90' lang='lat' dir='ltr'><strong>aciam</strong></span> <span class='ocrx_word' id='word_1_109' title='bbox 2432 1272 2875 1355; x_wconf 86' lang='lat' dir='ltr'><strong>mentionem,</strong></span> <span class='ocrx_word' id='word_1_110' title='bbox 2930 1274 3144 1365; x_wconf 89' lang='lat' dir='ltr'><strong>cujus</strong></span> 
     </span>
     <span class='ocr_line' id='line_1_13' title="bbox 600 1360 3145 1455; baseline -0.001 -21"><span class='ocrx_word' id='word_1_111' title='bbox 600 1365 866 1455; x_wconf 84' lang='lat' dir='ltr'><strong>primae</strong></span> <span class='ocrx_word' id='word_1_112' title='bbox 922 1363 1085 1432; x_wconf 86' lang='lat' dir='ltr'><strong>fidei</strong></span> <span class='ocrx_word' id='word_1_113' title='bbox 1133 1363 1502 1433; x_wconf 89' lang='lat' dir='ltr'><strong>commissa</strong></span> <span class='ocrx_word' id='word_1_114' title='bbox 1549 1362 1680 1432; x_wconf 90' lang='lat' dir='ltr'><strong>suit</strong></span> <span class='ocrx_word' id='word_1_115' title='bbox 1731 1385 1899 1433; x_wconf 90' lang='lat' dir='ltr'><strong>cura</strong></span> <span class='ocrx_word' id='word_1_116' title='bbox 1946 1360 2316 1451; x_wconf 83' lang='lat' dir='ltr'><strong>Ecclesiae)</strong></span> <span class='ocrx_word' id='word_1_117' title='bbox 2372 1360 2503 1431; x_wconf 86' lang='lat' dir='ltr'><strong>fuit</strong></span> <span class='ocrx_word' id='word_1_118' title='bbox 2547 1360 2824 1447; x_wconf 85' lang='lat' dir='ltr'><strong>quidem</strong></span> <span class='ocrx_word' id='word_1_119' title='bbox 2887 1384 3145 1453; x_wconf 85' lang='lat' dir='ltr'><strong>genere</strong></span> 
     </span>
     <span class='ocr_line' id='line_1_14' title="bbox 600 1449 3144 1542; baseline -0.001 -19"><span class='ocrx_word' id='word_1_120' title='bbox 600 1452 987 1523; x_wconf 88' lang='lat' dir='ltr'><strong>Hebraeus:</strong></span> <span class='ocrx_word' id='word_1_121' title='bbox 1023 1450 1443 1521; x_wconf 88' lang='lat' dir='ltr'><strong>Palaestinae</strong></span> <span class='ocrx_word' id='word_1_122' title='bbox 1464 1462 1692 1522; x_wconf 89' lang='lat' dir='ltr'><strong>autem</strong></span> <span class='ocrx_word' id='word_1_123' title='bbox 1727 1452 2073 1542; x_wconf 87' lang='lat' dir='ltr'><strong>regionem</strong></span> <span class='ocrx_word' id='word_1_124' title='bbox 2104 1450 2457 1520; x_wconf 88' lang='lat' dir='ltr'><strong>habitabat</strong></span> <span class='ocrx_word' id='word_1_125' title='bbox 2482 1449 2880 1520; x_wconf 87' lang='lat' dir='ltr'><strong>Galilaeam.</strong></span> <span class='ocrx_word' id='word_1_126' title='bbox 2910 1453 3144 1521; x_wconf 88' lang='lat' dir='ltr'><strong>Patria</strong></span> 
     </span>
     <span class='ocr_line' id='line_1_15' title="bbox 600 1537 3145 1631; baseline 0.001 -23"><span class='ocrx_word' id='word_1_127' title='bbox 600 1563 758 1611; x_wconf 84' lang='lat' dir='ltr'><strong>vero</strong></span> <span class='ocrx_word' id='word_1_128' title='bbox 786 1541 849 1610; x_wconf 91' lang='lat' dir='ltr'><strong>ei</strong></span> <span class='ocrx_word' id='word_1_129' title='bbox 879 1540 1008 1611; x_wconf 90' lang='lat' dir='ltr'><strong>suit</strong></span> <span class='ocrx_word' id='word_1_130' title='bbox 1041 1539 1424 1623; x_wconf 90' lang='lat' dir='ltr'><strong>Bethsaida,</strong></span> <span class='ocrx_word' id='word_1_131' title='bbox 1468 1539 1817 1628; x_wconf 87' lang='lat' dir='ltr'><strong>quoddam</strong></span> <span class='ocrx_word' id='word_1_132' title='bbox 1853 1561 2142 1631; x_wconf 89' lang='lat' dir='ltr'><strong>parvum</strong></span> <span class='ocrx_word' id='word_1_133' title='bbox 2191 1552 2257 1609; x_wconf 90' lang='lat' dir='ltr'><strong>et</strong></span> <span class='ocrx_word' id='word_1_134' title='bbox 2304 1537 2434 1608; x_wconf 89' lang='lat' dir='ltr'><strong>vile</strong></span> <span class='ocrx_word' id='word_1_135' title='bbox 2473 1538 2912 1629; x_wconf 87' lang='lat' dir='ltr'><strong>oppidulum,</strong></span> <span class='ocrx_word' id='word_1_136' title='bbox 2944 1542 3145 1629; x_wconf 86' lang='lat' dir='ltr'><strong>ejus-</strong></span> 
     </span>
     <span class='ocr_line' id='line_1_16' title="bbox 599 1627 3143 1720; baseline 0 -22"><span class='ocrx_word' id='word_1_137' title='bbox 599 1629 755 1700; x_wconf 87' lang='lat' dir='ltr'><strong>dem</strong></span> <span class='ocrx_word' id='word_1_138' title='bbox 807 1629 1026 1699; x_wconf 89' lang='lat' dir='ltr'><strong>tribus</strong></span> <span class='ocrx_word' id='word_1_139' title='bbox 1072 1642 1138 1699; x_wconf 88' lang='lat' dir='ltr'><strong>et</strong></span> <span class='ocrx_word' id='word_1_140' title='bbox 1188 1630 1469 1718; x_wconf 90' lang='lat' dir='ltr'><strong>patriae,</strong></span> <span class='ocrx_word' id='word_1_141' title='bbox 1522 1630 1729 1720; x_wconf 87' lang='lat' dir='ltr'><strong>cujus</strong></span> <span class='ocrx_word' id='word_1_142' title='bbox 1776 1629 1848 1710; x_wconf 92' lang='lat' dir='ltr'><strong>ii,</strong></span> <span class='ocrx_word' id='word_1_143' title='bbox 1909 1629 2028 1715; x_wconf 89' lang='lat' dir='ltr'><strong>qui</strong></span> <span class='ocrx_word' id='word_1_144' title='bbox 2078 1627 2162 1698; x_wconf 89' lang='lat' dir='ltr'><strong>de</strong></span> <span class='ocrx_word' id='word_1_145' title='bbox 2205 1629 2521 1698; x_wconf 90' lang='lat' dir='ltr'><strong>Simeone</strong></span> <span class='ocrx_word' id='word_1_146' title='bbox 2566 1628 2953 1718; x_wconf 85' lang='lat' dir='ltr'><strong>gloriantur</strong></span> <span class='ocrx_word' id='word_1_147' title='bbox 3012 1634 3143 1699; x_wconf 87' lang='lat' dir='ltr'><strong>Pa-</strong></span> 
     </span>
     <span class='ocr_line' id='line_1_17' title="bbox 600 1716 3144 1803; baseline 0.001 -16"><span class='ocrx_word' id='word_1_148' title='bbox 600 1718 924 1788; x_wconf 89' lang='lat' dir='ltr'><strong>triarcha.</strong></span> <span class='ocrx_word' id='word_1_149' title='bbox 976 1722 1172 1788; x_wconf 89' lang='lat' dir='ltr'><strong>Pater</strong></span> <span class='ocrx_word' id='word_1_150' title='bbox 1218 1732 1447 1788; x_wconf 89' lang='lat' dir='ltr'><strong>autem</strong></span> <span class='ocrx_word' id='word_1_151' title='bbox 1503 1729 1648 1788; x_wconf 90' lang='lat' dir='ltr'><strong>erat</strong></span> <span class='ocrx_word' id='word_1_152' title='bbox 1714 1718 1957 1799; x_wconf 83' lang='lat' dir='ltr'><strong>JonaS,</strong></span> <span class='ocrx_word' id='word_1_153' title='bbox 2011 1739 2147 1787; x_wconf 92' lang='lat' dir='ltr'><strong>non</strong></span> <span class='ocrx_word' id='word_1_154' title='bbox 2198 1716 2299 1797; x_wconf 89' lang='lat' dir='ltr'><strong>is,</strong></span> <span class='ocrx_word' id='word_1_155' title='bbox 2361 1716 2482 1803; x_wconf 90' lang='lat' dir='ltr'><strong>qui</strong></span> <span class='ocrx_word' id='word_1_156' title='bbox 2531 1716 2842 1787; x_wconf 91' lang='lat' dir='ltr'><strong>redditus</strong></span> <span class='ocrx_word' id='word_1_157' title='bbox 2897 1717 3030 1789; x_wconf 79' lang='lat' dir='ltr'><strong>fuit</strong></span> <span class='ocrx_word' id='word_1_158' title='bbox 3095 1742 3144 1789; x_wconf 86' lang='lat' dir='ltr'><strong>a</strong></span> 
     </span>
     <span class='ocr_line' id='line_1_18' title="bbox 599 1805 3137 1896; baseline 0.001 -21"><span class='ocrx_word' id='word_1_159' title='bbox 599 1818 831 1876; x_wconf 85' lang='lat' dir='ltr'><strong>ventre</strong></span> <span class='ocrx_word' id='word_1_160' title='bbox 877 1806 1162 1877; x_wconf 90' lang='lat' dir='ltr'><strong>balenae</strong></span> <span class='ocrx_word' id='word_1_161' title='bbox 1192 1862 1207 1888; x_wconf 93' lang='lat'><strong><em>‚</em></strong></span> <span class='ocrx_word' id='word_1_162' title='bbox 1260 1807 1376 1876; x_wconf 91' lang='lat' dir='ltr'><strong>sed</strong></span> <span class='ocrx_word' id='word_1_163' title='bbox 1439 1807 1559 1893; x_wconf 92' lang='lat' dir='ltr'><strong>qui</strong></span> <span class='ocrx_word' id='word_1_164' title='bbox 1611 1829 1692 1876; x_wconf 83' lang='lat' dir='ltr'><strong>ex</strong></span> <span class='ocrx_word' id='word_1_165' title='bbox 1740 1806 2035 1896; x_wconf 91' lang='lat' dir='ltr'><strong>spiritali</strong></span> <span class='ocrx_word' id='word_1_166' title='bbox 2084 1817 2392 1876; x_wconf 88' lang='lat' dir='ltr'><strong>monstro</strong></span> <span class='ocrx_word' id='word_1_167' title='bbox 2423 1860 2438 1886; x_wconf 92' lang='lat'><strong>,</strong></span> <span class='ocrx_word' id='word_1_168' title='bbox 2504 1805 2758 1876; x_wconf 88' lang='lat' dir='ltr'><strong>multos</strong></span> <span class='ocrx_word' id='word_1_169' title='bbox 2816 1806 3137 1878; x_wconf 85' lang='lat' dir='ltr'><strong>liberavit</strong></span> 
     </span>
     <span class='ocr_line' id='line_1_19' title="bbox 599 1894 3144 1987; baseline 0 -22"><span class='ocrx_word' id='word_1_170' title='bbox 599 1918 723 1987; x_wconf 91' lang='lat' dir='ltr'><strong>per</strong></span> <span class='ocrx_word' id='word_1_171' title='bbox 751 1895 1001 1965; x_wconf 88' lang='lat' dir='ltr'><strong>filium.</strong></span> <span class='ocrx_word' id='word_1_172' title='bbox 1038 1896 1191 1966; x_wconf 89' lang='lat' dir='ltr'><strong>Fuit</strong></span> <span class='ocrx_word' id='word_1_173' title='bbox 1229 1909 1456 1966; x_wconf 89' lang='lat' dir='ltr'><strong>autem</strong></span> <span class='ocrx_word' id='word_1_174' title='bbox 1489 1895 1557 1963; x_wconf 90' lang='lat' dir='ltr'><strong>in</strong></span> <span class='ocrx_word' id='word_1_175' title='bbox 1603 1895 1850 1966; x_wconf 90' lang='lat' dir='ltr'><strong>diebus</strong></span> <span class='ocrx_word' id='word_1_176' title='bbox 1879 1895 2179 1985; x_wconf 87' lang='lat' dir='ltr'><strong>Hyrcani</strong></span> <span class='ocrx_word' id='word_1_177' title='bbox 2227 1894 2343 1964; x_wconf 89' lang='lat' dir='ltr'><strong>cui</strong></span> <span class='ocrx_word' id='word_1_178' title='bbox 2379 1915 2583 1964; x_wconf 91' lang='lat' dir='ltr'><strong>aures</strong></span> <span class='ocrx_word' id='word_1_179' title='bbox 2613 1900 2755 1963; x_wconf 72' lang='lat' dir='ltr'><strong>una.</strong></span> <span class='ocrx_word' id='word_1_180' title='bbox 2798 1915 2956 1965; x_wconf 92' lang='lat' dir='ltr'><strong>cum</strong></span> <span class='ocrx_word' id='word_1_181' title='bbox 3009 1901 3144 1966; x_wconf 84' lang='lat' dir='ltr'><strong>Re-</strong></span> 
     </span>
     <span class='ocr_line' id='line_1_20' title="bbox 599 1982 3136 2074; baseline 0.001 -22"><span class='ocrx_word' id='word_1_182' title='bbox 599 2006 736 2074; x_wconf 88' lang='lat' dir='ltr'><strong>gno</strong></span> <span class='ocrx_word' id='word_1_183' title='bbox 768 1984 1035 2055; x_wconf 90' lang='lat' dir='ltr'><strong>ablatae</strong></span> <span class='ocrx_word' id='word_1_184' title='bbox 1067 1996 1229 2055; x_wconf 91' lang='lat' dir='ltr'><strong>sunt</strong></span> <span class='ocrx_word' id='word_1_185' title='bbox 1276 2007 1316 2055; x_wconf 89' lang='lat' dir='ltr'><strong>a</strong></span> <span class='ocrx_word' id='word_1_186' title='bbox 1362 1985 1590 2055; x_wconf 85' lang='lat' dir='ltr'><strong>fratre.</strong></span> <span class='ocrx_word' id='word_1_187' title='bbox 1644 1990 1786 2056; x_wconf 81' lang='lat' dir='ltr'><strong>Non</strong></span> <span class='ocrx_word' id='word_1_188' title='bbox 1839 1984 1898 2054; x_wconf 88' lang='lat' dir='ltr'><strong>is</strong></span> <span class='ocrx_word' id='word_1_189' title='bbox 1938 2006 2094 2053; x_wconf 88' lang='lat' dir='ltr'><strong>vero</strong></span> <span class='ocrx_word' id='word_1_190' title='bbox 2143 1982 2331 2054; x_wconf 90' lang='lat' dir='ltr'><strong>solus</strong></span> <span class='ocrx_word' id='word_1_191' title='bbox 2381 1994 2585 2053; x_wconf 89' lang='lat' dir='ltr'><strong>natus</strong></span> <span class='ocrx_word' id='word_1_192' title='bbox 2631 1996 2732 2054; x_wconf 90' lang='lat' dir='ltr'><strong>est</strong></span> <span class='ocrx_word' id='word_1_193' title='bbox 2763 1985 2963 2073; x_wconf 88' lang='lat' dir='ltr'><strong>patri,</strong></span> <span class='ocrx_word' id='word_1_194' title='bbox 3011 1986 3136 2056; x_wconf 89' lang='lat' dir='ltr'><strong>sed</strong></span> 
     </span>
     <span class='ocr_line' id='line_1_21' title="bbox 599 2071 3138 2163; baseline 0.001 -21"><span class='ocrx_word' id='word_1_195' title='bbox 599 2095 760 2143; x_wconf 91' lang='lat' dir='ltr'><strong>cum</strong></span> <span class='ocrx_word' id='word_1_196' title='bbox 796 2094 874 2143; x_wconf 90' lang='lat' dir='ltr'><strong>eo</strong></span> <span class='ocrx_word' id='word_1_197' title='bbox 907 2094 1183 2161; x_wconf 89' lang='lat' dir='ltr'><strong>quoque</strong></span> <span class='ocrx_word' id='word_1_198' title='bbox 1228 2085 1372 2144; x_wconf 90' lang='lat' dir='ltr'><strong>erat</strong></span> <span class='ocrx_word' id='word_1_199' title='bbox 1400 2073 1606 2143; x_wconf 84' lang='lat' dir='ltr'><strong>frater</strong></span> <span class='ocrx_word' id='word_1_200' title='bbox 1652 2072 1976 2143; x_wconf 78' lang='lat' dir='ltr'><strong>Andreas.</strong></span> <span class='ocrx_word' id='word_1_201' title='bbox 2013 2077 2177 2142; x_wconf 90' lang='lat' dir='ltr'><strong>Cum</strong></span> <span class='ocrx_word' id='word_1_202' title='bbox 2227 2084 2456 2142; x_wconf 90' lang='lat' dir='ltr'><strong>autem</strong></span> <span class='ocrx_word' id='word_1_203' title='bbox 2487 2071 2863 2163; x_wconf 90' lang='lat' dir='ltr'><strong>accepisset</strong></span> <span class='ocrx_word' id='word_1_204' title='bbox 2894 2079 3138 2144; x_wconf 90' lang='lat' dir='ltr'><strong>Petrus</strong></span> 
     </span>
     <span class='ocr_line' id='line_1_22' title="bbox 599 2160 3136 2252; baseline 0.001 -22"><span class='ocrx_word' id='word_1_205' title='bbox 599 2161 815 2232; x_wconf 87' lang='lat' dir='ltr'><strong>filiam</strong></span> <span class='ocrx_word' id='word_1_206' title='bbox 875 2161 1243 2233; x_wconf 87' lang='lat' dir='ltr'><strong>Aristobuli</strong></span> <span class='ocrx_word' id='word_1_207' title='bbox 1292 2162 1522 2232; x_wconf 84' lang='lat' dir='ltr'><strong>fratris</strong></span> <span class='ocrx_word' id='word_1_208' title='bbox 1581 2162 1928 2232; x_wconf 84' lang='lat' dir='ltr'><strong>Barnabae</strong></span> <span class='ocrx_word' id='word_1_209' title='bbox 1977 2160 2300 2250; x_wconf 83' lang='lat' dir='ltr'><strong>Apostoli,</strong></span> <span class='ocrx_word' id='word_1_210' title='bbox 2358 2182 2436 2229; x_wconf 85' lang='lat' dir='ltr'><strong>ex</strong></span> <span class='ocrx_word' id='word_1_211' title='bbox 2498 2182 2578 2229; x_wconf 89' lang='lat' dir='ltr'><strong>ea</strong></span> <span class='ocrx_word' id='word_1_212' title='bbox 2617 2162 2857 2252; x_wconf 91' lang='lat' dir='ltr'><strong>genuit</strong></span> <span class='ocrx_word' id='word_1_213' title='bbox 2906 2161 3136 2233; x_wconf 87' lang='lat' dir='ltr'><strong>filium</strong></span> 
     </span>
     <span class='ocr_line' id='line_1_23' title="bbox 600 2248 3140 2342; baseline 0 -21"><span class='ocrx_word' id='word_1_214' title='bbox 600 2273 848 2331; x_wconf 88' lang='lat' dir='ltr'><strong>unum,</strong></span> <span class='ocrx_word' id='word_1_215' title='bbox 904 2264 969 2321; x_wconf 83' lang='lat' dir='ltr'><strong>et</strong></span> <span class='ocrx_word' id='word_1_216' title='bbox 1013 2273 1225 2322; x_wconf 91' lang='lat' dir='ltr'><strong>unam</strong></span> <span class='ocrx_word' id='word_1_217' title='bbox 1276 2250 1519 2321; x_wconf 87' lang='lat' dir='ltr'><strong>filiam.</strong></span> <span class='ocrx_word' id='word_1_218' title='bbox 1574 2257 1651 2320; x_wconf 91' lang='lat' dir='ltr'><strong>Et</strong></span> <span class='ocrx_word' id='word_1_219' title='bbox 1706 2251 2006 2320; x_wconf 81' lang='lat' dir='ltr'><strong>Andreas</strong></span> <span class='ocrx_word' id='word_1_220' title='bbox 2037 2250 2317 2337; x_wconf 90' lang='lat' dir='ltr'><strong>quidem</strong></span> <span class='ocrx_word' id='word_1_221' title='bbox 2358 2248 2481 2336; x_wconf 88' lang='lat' dir='ltr'><strong>qui</strong></span> <span class='ocrx_word' id='word_1_222' title='bbox 2512 2249 2720 2319; x_wconf 88' lang='lat' dir='ltr'><strong>vitam</strong></span> <span class='ocrx_word' id='word_1_223' title='bbox 2770 2273 2810 2320; x_wconf 90' lang='lat' dir='ltr'><strong>a</strong></span> <span class='ocrx_word' id='word_1_224' title='bbox 2863 2253 3140 2342; x_wconf 88' lang='lat' dir='ltr'><strong>negotio</strong></span> 
     </span>
     <span class='ocr_line' id='line_1_24' title="bbox 600 2337 3137 2440; baseline 0.002 -32"><span class='ocrx_word' id='word_1_225' title='bbox 600 2351 960 2422; x_wconf 89' lang='lat' dir='ltr'><strong>remotam,</strong></span> <span class='ocrx_word' id='word_1_226' title='bbox 1003 2352 1070 2410; x_wconf 94' lang='lat' dir='ltr'><strong>et</strong></span> <span class='ocrx_word' id='word_1_227' title='bbox 1115 2340 1433 2431; x_wconf 89' lang='lat' dir='ltr'><strong>conjugis</strong></span> <span class='ocrx_word' id='word_1_228' title='bbox 1493 2352 1837 2431; x_wconf 87' lang='lat' dir='ltr'><strong>expertem</strong></span> <span class='ocrx_word' id='word_1_229' title='bbox 1890 2339 2157 2440; x_wconf 85' lang='lat' dir='ltr'><strong>agebat,</strong></span> <span class='ocrx_word' id='word_1_230' title='bbox 2216 2337 2292 2407; x_wconf 82' lang='lat' dir='ltr'><strong>fit</strong></span> <span class='ocrx_word' id='word_1_231' title='bbox 2327 2337 2612 2409; x_wconf 88' lang='lat' dir='ltr'><strong>Joannis</strong></span> <span class='ocrx_word' id='word_1_232' title='bbox 2659 2342 3137 2412; x_wconf 88' lang='lat' dir='ltr'><strong>Praecursoris</strong></span> 
     </span>
     <span class='ocr_line' id='line_1_25' title="bbox 600 2427 3136 2521; baseline 0.001 -23"><span class='ocrx_word' id='word_1_233' title='bbox 600 2428 1016 2521; x_wconf 89' lang='lat' dir='ltr'><strong>discipulus,</strong></span> <span class='ocrx_word' id='word_1_234' title='bbox 1075 2430 1193 2517; x_wconf 90' lang='lat' dir='ltr'><strong>qui</strong></span> <span class='ocrx_word' id='word_1_235' title='bbox 1244 2435 1335 2499; x_wconf 90' lang='lat' dir='ltr'><strong>Ba</strong></span> <span class='ocrx_word' id='word_1_236' title='bbox 1389 2429 1672 2500; x_wconf 88' lang='lat' dir='ltr'><strong>tismum</strong></span> <span class='ocrx_word' id='word_1_237' title='bbox 1730 2428 2168 2521; x_wconf 87' lang='lat' dir='ltr'><strong>praed1cabat</strong></span> <span class='ocrx_word' id='word_1_238' title='bbox 2214 2427 2301 2497; x_wconf 91' lang='lat' dir='ltr'><strong>ad</strong></span> <span class='ocrx_word' id='word_1_239' title='bbox 2352 2427 2862 2519; x_wconf 90' lang='lat' dir='ltr'><strong>poenitentiam.</strong></span> <span class='ocrx_word' id='word_1_240' title='bbox 2901 2433 2950 2497; x_wconf 91' lang='lat' dir='ltr'><strong>A</strong></span> <span class='ocrx_word' id='word_1_241' title='bbox 2996 2451 3136 2518; x_wconf 90' lang='lat' dir='ltr'><strong>quo</strong></span> 
     </span>
     <span class='ocr_line' id='line_1_26' title="bbox 599 2453 3136 2610; baseline 0.001 -22"><span class='ocrx_word' id='word_1_242' title='bbox 599 2540 757 2588; x_wconf 91' lang='lat' dir='ltr'><strong>cum</strong></span> <span class='ocrx_word' id='word_1_243' title='bbox 808 2517 1141 2589; x_wconf 89' lang='lat' dir='ltr'><strong>audiisset</strong></span> <span class='ocrx_word' id='word_1_244' title='bbox 1183 2453 1382 2598; x_wconf 38' lang='lat' dir='ltr'><strong>illusi?</strong></span> <span class='ocrx_word' id='word_1_245' title='bbox 1435 2525 1598 2588; x_wconf 83' lang='lat' dir='ltr'><strong>Ecce</strong></span> <span class='ocrx_word' id='word_1_246' title='bbox 1654 2542 1871 2610; x_wconf 75' lang='lat' dir='ltr'><strong>aquus</strong></span> <span class='ocrx_word' id='word_1_247' title='bbox 1909 2520 2050 2599; x_wconf 83' lang='lat' dir='ltr'><strong>Dei,</strong></span> <span class='ocrx_word' id='word_1_248' title='bbox 2104 2517 2272 2587; x_wconf 93' lang='lat' dir='ltr'><strong>dum</strong></span> <span class='ocrx_word' id='word_1_249' title='bbox 2326 2522 2744 2587; x_wconf 82' lang='lat' dir='ltr'><strong>servatorem</strong></span> <span class='ocrx_word' id='word_1_250' title='bbox 2786 2518 3136 2590; x_wconf 88' lang='lat' dir='ltr'><strong>Christum</strong></span> 
     </span>
     <span class='ocr_line' id='line_1_27' title="bbox 600 2606 3139 2699; baseline 0 -23"><span class='ocrx_word' id='word_1_251' title='bbox 600 2606 816 2697; x_wconf 90' lang='lat' dir='ltr'><strong>digito</strong></span> <span class='ocrx_word' id='word_1_252' title='bbox 848 2607 1198 2687; x_wconf 87' lang='lat' dir='ltr'><strong>indicavit,</strong></span> <span class='ocrx_word' id='word_1_253' title='bbox 1222 2607 1456 2678; x_wconf 85' lang='lat' dir='ltr'><strong>relicto</strong></span> <span class='ocrx_word' id='word_1_254' title='bbox 1476 2608 1773 2699; x_wconf 90' lang='lat' dir='ltr'><strong>Baptista</strong></span> <span class='ocrx_word' id='word_1_255' title='bbox 1802 2613 2091 2687; x_wconf 83' lang='lat' dir='ltr'><strong>Joanne‚</strong></span> <span class='ocrx_word' id='word_1_256' title='bbox 2116 2616 2393 2677; x_wconf 89' lang='lat' dir='ltr'><strong>secutus</strong></span> <span class='ocrx_word' id='word_1_257' title='bbox 2421 2616 2522 2675; x_wconf 88' lang='lat' dir='ltr'><strong>est</strong></span> <span class='ocrx_word' id='word_1_258' title='bbox 2552 2606 2810 2676; x_wconf 86' lang='lat' dir='ltr'><strong>Jesum.</strong></span> <span class='ocrx_word' id='word_1_259' title='bbox 2844 2612 3139 2697; x_wconf 82' lang='lat' dir='ltr'><strong>Magnus</strong></span> 
     </span>
     <span class='ocr_line' id='line_1_28' title="bbox 601 2694 3135 2787; baseline 0 -22"><span class='ocrx_word' id='word_1_260' title='bbox 601 2709 826 2766; x_wconf 90' lang='lat' dir='ltr'><strong>autem</strong></span> <span class='ocrx_word' id='word_1_261' title='bbox 868 2695 984 2765; x_wconf 92' lang='lat' dir='ltr'><strong>ille</strong></span> <span class='ocrx_word' id='word_1_262' title='bbox 1032 2701 1293 2777; x_wconf 85' lang='lat' dir='ltr'><strong>PetruS,</strong></span> <span class='ocrx_word' id='word_1_263' title='bbox 1330 2719 1490 2766; x_wconf 86' lang='lat' dir='ltr'><strong>cum</strong></span> <span class='ocrx_word' id='word_1_264' title='bbox 1531 2709 1709 2766; x_wconf 89' lang='lat' dir='ltr'><strong>esset</strong></span> <span class='ocrx_word' id='word_1_265' title='bbox 1756 2696 2137 2766; x_wconf 89' lang='lat' dir='ltr'><strong>acerrimus</strong></span> <span class='ocrx_word' id='word_1_266' title='bbox 2167 2708 2233 2765; x_wconf 91' lang='lat' dir='ltr'><strong>et</strong></span> <span class='ocrx_word' id='word_1_267' title='bbox 2262 2694 2865 2786; x_wconf 88' lang='lat' dir='ltr'><strong>diligentissimus,</strong></span> <span class='ocrx_word' id='word_1_268' title='bbox 2907 2698 3135 2787; x_wconf 92' lang='lat' dir='ltr'><strong>magis</strong></span> 
     </span>
     <span class='ocr_line' id='line_1_29' title="bbox 598 2783 3131 2874; baseline 0.001 -22"><span class='ocrx_word' id='word_1_269' title='bbox 598 2784 999 2855; x_wconf 84' lang='lat' dir='ltr'><strong>versabatur</strong></span> <span class='ocrx_word' id='word_1_270' title='bbox 1025 2785 1093 2854; x_wconf 90' lang='lat' dir='ltr'><strong>in</strong></span> <span class='ocrx_word' id='word_1_271' title='bbox 1144 2785 1229 2853; x_wconf 90' lang='lat' dir='ltr'><strong>iis</strong></span> <span class='ocrx_word' id='word_1_272' title='bbox 1257 2806 1435 2871; x_wconf 89' lang='lat' dir='ltr'><strong>quae</strong></span> <span class='ocrx_word' id='word_1_273' title='bbox 1467 2784 1552 2854; x_wconf 90' lang='lat' dir='ltr'><strong>ad</strong></span> <span class='ocrx_word' id='word_1_274' title='bbox 1587 2786 1842 2855; x_wconf 87' lang='lat' dir='ltr'><strong>victum</strong></span> <span class='ocrx_word' id='word_1_275' title='bbox 1880 2783 2429 2874; x_wconf 89' lang='lat' dir='ltr'><strong>comparandum</strong></span> <span class='ocrx_word' id='word_1_276' title='bbox 2465 2784 2827 2874; x_wconf 88' lang='lat' dir='ltr'><strong>pertinent,</strong></span> <span class='ocrx_word' id='word_1_277' title='bbox 2880 2797 2958 2855; x_wconf 90' lang='lat' dir='ltr'><strong>ut</strong></span> <span class='ocrx_word' id='word_1_278' title='bbox 3002 2787 3131 2872; x_wconf 88' lang='lat' dir='ltr'><strong>qui</strong></span> 
     </span>
     <span class='ocr_line' id='line_1_30' title="bbox 598 2871 3136 2963; baseline 0 -20"><span class='ocrx_word' id='word_1_279' title='bbox 598 2886 664 2943; x_wconf 91' lang='lat' dir='ltr'><strong>et</strong></span> <span class='ocrx_word' id='word_1_280' title='bbox 710 2895 870 2943; x_wconf 92' lang='lat' dir='ltr'><strong>cum</strong></span> <span class='ocrx_word' id='word_1_281' title='bbox 905 2895 1116 2944; x_wconf 88' lang='lat' dir='ltr'><strong>uxore</strong></span> <span class='ocrx_word' id='word_1_282' title='bbox 1165 2873 1538 2955; x_wconf 88' lang='lat' dir='ltr'><strong>habitabat,</strong></span> <span class='ocrx_word' id='word_1_283' title='bbox 1581 2888 1647 2943; x_wconf 91' lang='lat' dir='ltr'><strong>et</strong></span> <span class='ocrx_word' id='word_1_284' title='bbox 1677 2874 1863 2945; x_wconf 89' lang='lat' dir='ltr'><strong>senis</strong></span> <span class='ocrx_word' id='word_1_285' title='bbox 1897 2873 2111 2963; x_wconf 88' lang='lat' dir='ltr'><strong>patris</strong></span> <span class='ocrx_word' id='word_1_286' title='bbox 2145 2871 2526 2963; x_wconf 88' lang='lat' dir='ltr'><strong>provideret</strong></span> <span class='ocrx_word' id='word_1_287' title='bbox 2573 2874 2933 2943; x_wconf 89' lang='lat' dir='ltr'><strong>senectuti.</strong></span> <span class='ocrx_word' id='word_1_288' title='bbox 2964 2877 3136 2943; x_wconf 92' lang='lat' dir='ltr'><strong>Cum</strong></span> 
     </span>
     <span class='ocr_line' id='line_1_31' title="bbox 599 2960 3134 3049; baseline -0 -17"><span class='ocrx_word' id='word_1_289' title='bbox 599 2983 757 3032; x_wconf 88' lang='lat' dir='ltr'><strong>eum</strong></span> <span class='ocrx_word' id='word_1_290' title='bbox 808 2973 1035 3033; x_wconf 87' lang='lat' dir='ltr'><strong>autem</strong></span> <span class='ocrx_word' id='word_1_291' title='bbox 1087 2962 1461 3049; x_wconf 88' lang='lat' dir='ltr'><strong>aliquando</strong></span> <span class='ocrx_word' id='word_1_292' title='bbox 1512 2962 1807 3032; x_wconf 91' lang='lat' dir='ltr'><strong>otiosum</strong></span> <span class='ocrx_word' id='word_1_293' title='bbox 1873 2961 2244 3032; x_wconf 90' lang='lat' dir='ltr'><strong>invenisset</strong></span> <span class='ocrx_word' id='word_1_294' title='bbox 2305 2960 2643 3042; x_wconf 71' lang='lat' dir='ltr'><strong>Andre-¹:13,</strong></span> <span class='ocrx_word' id='word_1_295' title='bbox 2706 2960 2996 3032; x_wconf 86' lang='lat' dir='ltr'><strong>adduxit</strong></span> <span class='ocrx_word' id='word_1_296' title='bbox 3042 2963 3134 3031; x_wconf 91' lang='lat' dir='ltr'><strong>ad</strong></span> 
     </span>
     <span class='ocr_line' id='line_1_32' title="bbox 600 3050 3139 3138; baseline 0.002 -19"><span class='ocrx_word' id='word_1_297' title='bbox 600 3050 971 3120; x_wconf 85' lang='lat' dir='ltr'><strong>Christum.</strong></span> <span class='ocrx_word' id='word_1_298' title='bbox 1024 3051 1147 3120; x_wconf 93' lang='lat' dir='ltr'><strong>Ille</strong></span> <span class='ocrx_word' id='word_1_299' title='bbox 1194 3073 1349 3120; x_wconf 90' lang='lat' dir='ltr'><strong>vero</strong></span> <span class='ocrx_word' id='word_1_300' title='bbox 1384 3073 1543 3121; x_wconf 91' lang='lat' dir='ltr'><strong>eum</strong></span> <span class='ocrx_word' id='word_1_301' title='bbox 1594 3050 1897 3133; x_wconf 92' lang='lat' dir='ltr'><strong>admisit,</strong></span> <span class='ocrx_word' id='word_1_302' title='bbox 1937 3063 2001 3120; x_wconf 93' lang='lat' dir='ltr'><strong>et</strong></span> <span class='ocrx_word' id='word_1_303' title='bbox 2035 3056 2308 3120; x_wconf 86' lang='lat' dir='ltr'><strong>Petrum</strong></span> <span class='ocrx_word' id='word_1_304' title='bbox 2359 3050 2640 3131; x_wconf 87' lang='lat' dir='ltr'><strong>vocavit,</strong></span> <span class='ocrx_word' id='word_1_305' title='bbox 2694 3051 2844 3138; x_wconf 90' lang='lat' dir='ltr'><strong>ejus</strong></span> <span class='ocrx_word' id='word_1_306' title='bbox 2881 3052 3139 3123; x_wconf 90' lang='lat' dir='ltr'><strong>mentis</strong></span> 
     </span>
     <span class='ocr_line' id='line_1_33' title="bbox 600 3138 1951 3230; baseline 0 -22"><span class='ocrx_word' id='word_1_307' title='bbox 600 3138 1011 3209; x_wconf 87' lang='lat' dir='ltr'><strong>soliditatem</strong></span> <span class='ocrx_word' id='word_1_308' title='bbox 1066 3162 1185 3230; x_wconf 90' lang='lat' dir='ltr'><strong>per</strong></span> <span class='ocrx_word' id='word_1_309' title='bbox 1234 3161 1482 3211; x_wconf 89' lang='lat' dir='ltr'><strong>nomen</strong></span> <span class='ocrx_word' id='word_1_310' title='bbox 1526 3139 1951 3229; x_wconf 80' lang='lat' dir='ltr'><strong>significans.</strong></span> 
     </span>
    </p>

    <p class='ocr_par' dir='ltr' id='par_1_4' title="bbox 593 3225 3136 3940">
     <span class='ocr_line' id='line_1_34' title="bbox 687 3225 3128 3318; baseline 0 -19"><span class='ocrx_word' id='word_1_311' title='bbox 687 3229 724 3314; x_wconf 67' lang='grc' dir='ltr'>ξ</span> <span class='ocrx_word' id='word_1_312' title='bbox 772 3232 860 3299; x_wconf 71' lang='grc'><strong>3.</strong></span> <span class='ocrx_word' id='word_1_313' title='bbox 912 3233 1278 3316; x_wconf 89' lang='lat' dir='ltr'><strong>Postquam</strong></span> <span class='ocrx_word' id='word_1_314' title='bbox 1337 3241 1564 3298; x_wconf 91' lang='lat' dir='ltr'><strong>autem</strong></span> <span class='ocrx_word' id='word_1_315' title='bbox 1614 3229 1745 3298; x_wconf 86' lang='lat' dir='ltr'><strong>fuit</strong></span> <span class='ocrx_word' id='word_1_316' title='bbox 1792 3228 2048 3298; x_wconf 88' lang='lat' dir='ltr'><strong>relatus</strong></span> <span class='ocrx_word' id='word_1_317' title='bbox 2081 3227 2150 3295; x_wconf 91' lang='lat' dir='ltr'><strong>in</strong></span> <span class='ocrx_word' id='word_1_318' title='bbox 2181 3248 2550 3297; x_wconf 90' lang='lat' dir='ltr'><strong>numerum</strong></span> <span class='ocrx_word' id='word_1_319' title='bbox 2591 3225 3128 3318; x_wconf 89' lang='lat' dir='ltr'><strong>discipulorum,</strong></span> 
     </span>
     <span class='ocr_line' id='line_1_35' title="bbox 598 3315 3129 3408; baseline 0.001 -24"><span class='ocrx_word' id='word_1_320' title='bbox 598 3328 884 3406; x_wconf 87' lang='lat' dir='ltr'><strong>apparet</strong></span> <span class='ocrx_word' id='word_1_321' title='bbox 931 3318 1159 3386; x_wconf 87' lang='lat' dir='ltr'><strong>statim</strong></span> <span class='ocrx_word' id='word_1_322' title='bbox 1194 3317 1297 3386; x_wconf 90' lang='lat' dir='ltr'><strong>vir</strong></span> <span class='ocrx_word' id='word_1_323' title='bbox 1330 3317 1613 3408; x_wconf 91' lang='lat' dir='ltr'><strong>probus,</strong></span> <span class='ocrx_word' id='word_1_324' title='bbox 1645 3330 1711 3387; x_wconf 84' lang='lat' dir='ltr'><strong>et</strong></span> <span class='ocrx_word' id='word_1_325' title='bbox 1742 3316 2008 3387; x_wconf 86' lang='lat' dir='ltr'><strong>fervens</strong></span> <span class='ocrx_word' id='word_1_326' title='bbox 2057 3316 2330 3407; x_wconf 90' lang='lat' dir='ltr'><strong>spiritu.</strong></span> <span class='ocrx_word' id='word_1_327' title='bbox 2383 3315 2715 3398; x_wconf 86' lang='lat' dir='ltr'><strong>Quocirca</strong></span> <span class='ocrx_word' id='word_1_328' title='bbox 2745 3316 2940 3408; x_wconf 91' lang='lat' dir='ltr'><strong>regni</strong></span> <span class='ocrx_word' id='word_1_329' title='bbox 2977 3338 3129 3386; x_wconf 87' lang='lat' dir='ltr'><strong>coe·</strong></span> 
     </span>
     <span class='ocr_line' id='line_1_36' title="bbox 600 3404 3128 3497; baseline 0 -24"><span class='ocrx_word' id='word_1_330' title='bbox 600 3404 789 3474; x_wconf 89' lang='lat' dir='ltr'><strong>lestis</strong></span> <span class='ocrx_word' id='word_1_331' title='bbox 835 3404 1060 3475; x_wconf 90' lang='lat' dir='ltr'><strong>claves</strong></span> <span class='ocrx_word' id='word_1_332' title='bbox 1106 3406 1169 3475; x_wconf 93' lang='lat' dir='ltr'><strong>ei</strong></span> <span class='ocrx_word' id='word_1_333' title='bbox 1217 3406 1631 3476; x_wconf 88' lang='lat' dir='ltr'><strong>creduntur:</strong></span> <span class='ocrx_word' id='word_1_334' title='bbox 1686 3428 1895 3497; x_wconf 88' lang='lat' dir='ltr'><strong>super</strong></span> <span class='ocrx_word' id='word_1_335' title='bbox 1945 3427 2134 3475; x_wconf 91' lang='lat' dir='ltr'><strong>mare</strong></span> <span class='ocrx_word' id='word_1_336' title='bbox 2188 3404 2474 3496; x_wconf 91' lang='lat' dir='ltr'><strong>perinde</strong></span> <span class='ocrx_word' id='word_1_337' title='bbox 2525 3427 2605 3473; x_wconf 92' lang='lat' dir='ltr'><strong>ac</strong></span> <span class='ocrx_word' id='word_1_338' title='bbox 2652 3404 3128 3495; x_wconf 78' lang='lat' dir='ltr'><strong>incorporeuS,</strong></span> 
     </span>
     <span class='ocr_line' id='line_1_37' title="bbox 598 3492 3136 3594; baseline 0.001 -32"><span class='ocrx_word' id='word_1_339' title='bbox 598 3494 899 3584; x_wconf 91' lang='lat' dir='ltr'><strong>propriis</strong></span> <span class='ocrx_word' id='word_1_340' title='bbox 945 3494 1239 3585; x_wconf 89' lang='lat' dir='ltr'><strong>pedibus</strong></span> <span class='ocrx_word' id='word_1_341' title='bbox 1280 3494 1697 3585; x_wconf 86' lang='lat' dir='ltr'><strong>ingreditur:</strong></span> <span class='ocrx_word' id='word_1_342' title='bbox 1763 3495 2035 3564; x_wconf 88' lang='lat' dir='ltr'><strong>Domini</strong></span> <span class='ocrx_word' id='word_1_343' title='bbox 2081 3492 2733 3594; x_wconf 87' lang='lat' dir='ltr'><strong>Transfigurationis</strong></span> <span class='ocrx_word' id='word_1_344' title='bbox 2793 3505 3136 3584; x_wconf 90' lang='lat' dir='ltr'><strong>spectator</strong></span> 
     </span>
     <span class='ocr_line' id='line_1_38' title="bbox 596 3581 3126 3673; baseline 0 -21"><span class='ocrx_word' id='word_1_345' title='bbox 596 3581 932 3653; x_wconf 82' lang='lat' dir='ltr'><strong>efficitur:</strong></span> <span class='ocrx_word' id='word_1_346' title='bbox 988 3584 1206 3653; x_wconf 89' lang='lat' dir='ltr'><strong>Patris</strong></span> <span class='ocrx_word' id='word_1_347' title='bbox 1254 3605 1484 3654; x_wconf 82' lang='lat' dir='ltr'><strong>vocem</strong></span> <span class='ocrx_word' id='word_1_348' title='bbox 1536 3584 1684 3654; x_wconf 90' lang='lat' dir='ltr'><strong>suis</strong></span> <span class='ocrx_word' id='word_1_349' title='bbox 1722 3582 1918 3654; x_wconf 89' lang='lat' dir='ltr'><strong>audit</strong></span> <span class='ocrx_word' id='word_1_350' title='bbox 1975 3583 2300 3654; x_wconf 83' lang='lat' dir='ltr'><strong>auribus:</strong></span> <span class='ocrx_word' id='word_1_351' title='bbox 2354 3604 2423 3651; x_wconf 88' lang='lat' dir='ltr'><strong>m</strong></span> <span class='ocrx_word' id='word_1_352' title='bbox 2478 3604 2594 3652; x_wconf 91' lang='lat' dir='ltr'><strong>eos</strong></span> <span class='ocrx_word' id='word_1_353' title='bbox 2639 3584 2762 3671; x_wconf 87' lang='lat' dir='ltr'><strong>qui</strong></span> <span class='ocrx_word' id='word_1_354' title='bbox 2815 3596 3126 3673; x_wconf 90' lang='lat' dir='ltr'><strong>peccant,</strong></span> 
     </span>
     <span class='ocr_line' id='line_1_39' title="bbox 596 3670 3127 3773; baseline 0 -33"><span class='ocrx_word' id='word_1_355' title='bbox 596 3670 881 3742; x_wconf 90' lang='lat' dir='ltr'><strong>docetur</strong></span> <span class='ocrx_word' id='word_1_356' title='bbox 917 3694 1064 3743; x_wconf 89' lang='lat' dir='ltr'><strong>esse</strong></span> <span class='ocrx_word' id='word_1_357' title='bbox 1093 3672 1395 3773; x_wconf 89' lang='lat' dir='ltr'><strong>patiens:</strong></span> <span class='ocrx_word' id='word_1_358' title='bbox 1440 3684 1506 3743; x_wconf 89' lang='lat' dir='ltr'><strong>et</strong></span> <span class='ocrx_word' id='word_1_359' title='bbox 1536 3672 1841 3743; x_wconf 90' lang='lat' dir='ltr'><strong>universi</strong></span> <span class='ocrx_word' id='word_1_360' title='bbox 1870 3672 2058 3742; x_wconf 92' lang='lat' dir='ltr'><strong>orbis</strong></span> <span class='ocrx_word' id='word_1_361' title='bbox 2089 3686 2305 3743; x_wconf 90' lang='lat' dir='ltr'><strong>terrae</strong></span> <span class='ocrx_word' id='word_1_362' title='bbox 2351 3694 2519 3741; x_wconf 89' lang='lat' dir='ltr'><strong>cura</strong></span> <span class='ocrx_word' id='word_1_363' title='bbox 2548 3672 2611 3741; x_wconf 90' lang='lat' dir='ltr'><strong>ei</strong></span> <span class='ocrx_word' id='word_1_364' title='bbox 2650 3671 3127 3742; x_wconf 86' lang='lat' dir='ltr'><strong>committitur.</strong></span> 
     </span>
     <span class='ocr_line' id='line_1_40' title="bbox 596 3759 3134 3852; baseline 0 -23"><span class='ocrx_word' id='word_1_365' title='bbox 596 3759 725 3830; x_wconf 92' lang='lat' dir='ltr'><strong>Sed</strong></span> <span class='ocrx_word' id='word_1_366' title='bbox 774 3761 942 3830; x_wconf 91' lang='lat' dir='ltr'><strong>haec</strong></span> <span class='ocrx_word' id='word_1_367' title='bbox 989 3761 1297 3848; x_wconf 81' lang='lat' dir='ltr'><strong>quldem‚</strong></span> <span class='ocrx_word' id='word_1_368' title='bbox 1339 3773 1404 3831; x_wconf 87' lang='lat' dir='ltr'><strong>et</strong></span> <span class='ocrx_word' id='word_1_369' title='bbox 1450 3761 1560 3831; x_wconf 91' lang='lat' dir='ltr'><strong>his</strong></span> <span class='ocrx_word' id='word_1_370' title='bbox 1592 3761 1797 3852; x_wconf 89' lang='lat' dir='ltr'><strong>plura</strong></span> <span class='ocrx_word' id='word_1_371' title='bbox 1836 3760 2064 3831; x_wconf 88' lang='lat' dir='ltr'><strong>fusius</strong></span> <span class='ocrx_word' id='word_1_372' title='bbox 2111 3774 2411 3831; x_wconf 88' lang='lat' dir='ltr'><strong>tractans</strong></span> <span class='ocrx_word' id='word_1_373' title='bbox 2450 3781 2642 3830; x_wconf 91' lang='lat' dir='ltr'><strong>sacer</strong></span> <span class='ocrx_word' id='word_1_374' title='bbox 2693 3760 2869 3830; x_wconf 91' lang='lat' dir='ltr'><strong>liber</strong></span> <span class='ocrx_word' id='word_1_375' title='bbox 2915 3765 3134 3830; x_wconf 88' lang='lat' dir='ltr'><strong>Evan-</strong></span> 
     </span>
     <span class='ocr_line' id='line_1_41' title="bbox 593 3847 2678 3940; baseline -0 -22"><span class='ocrx_word' id='word_1_376' title='bbox 593 3848 958 3940; x_wconf 85' lang='lat' dir='ltr'><strong>geliorum,</strong></span> <span class='ocrx_word' id='word_1_377' title='bbox 1006 3850 1193 3940; x_wconf 87' lang='lat' dir='ltr'><strong>ipsas</strong></span> <span class='ocrx_word' id='word_1_378' title='bbox 1232 3872 1505 3937; x_wconf 90' lang='lat' dir='ltr'><strong>quoque</strong></span> <span class='ocrx_word' id='word_1_379' title='bbox 1538 3872 1767 3920; x_wconf 91' lang='lat' dir='ltr'><strong>rerum</strong></span> <span class='ocrx_word' id='word_1_380' title='bbox 1811 3872 2058 3920; x_wconf 88' lang='lat' dir='ltr'><strong>causas</strong></span> <span class='ocrx_word' id='word_1_381' title='bbox 2107 3850 2307 3920; x_wconf 90' lang='lat' dir='ltr'><strong>nobis</strong></span> <span class='ocrx_word' id='word_1_382' title='bbox 2354 3847 2678 3919; x_wconf 88' lang='lat' dir='ltr'><strong>declarat.</strong></span> 
     </span>
    </p>

    <p class='ocr_par' dir='ltr' id='par_1_5' title="bbox 591 3936 3135 4474">
     <span class='ocr_line' id='line_1_42' title="bbox 682 3936 3134 4030; baseline -0 -20"><span class='ocrx_word' id='word_1_383' title='bbox 682 3945 720 4019; x_wconf 69' lang='grc' dir='ltr'><strong>ἓ</strong></span> <span class='ocrx_word' id='word_1_384' title='bbox 771 3944 853 4010; x_wconf 73' lang='grc'><strong>4.</strong></span> <span class='ocrx_word' id='word_1_385' title='bbox 910 3943 1077 4008; x_wconf 89' lang='lat' dir='ltr'><strong>Cum</strong></span> <span class='ocrx_word' id='word_1_386' title='bbox 1116 3940 1262 4029; x_wconf 88' lang='lat' dir='ltr'><strong>jam</strong></span> <span class='ocrx_word' id='word_1_387' title='bbox 1306 3952 1534 4009; x_wconf 90' lang='lat' dir='ltr'><strong>autem</strong></span> <span class='ocrx_word' id='word_1_388' title='bbox 1591 3961 1888 4030; x_wconf 88' lang='lat' dir='ltr'><strong>magnus</strong></span> <span class='ocrx_word' id='word_1_389' title='bbox 1938 3944 2114 4011; x_wconf 92' lang='lat' dir='ltr'><strong>Deus</strong></span> <span class='ocrx_word' id='word_1_390' title='bbox 2173 3951 2237 4008; x_wconf 92' lang='lat' dir='ltr'><strong>et</strong></span> <span class='ocrx_word' id='word_1_391' title='bbox 2291 3936 2594 4008; x_wconf 89' lang='lat' dir='ltr'><strong>Salvator</strong></span> <span class='ocrx_word' id='word_1_392' title='bbox 2653 3949 2883 4008; x_wconf 85' lang='lat' dir='ltr'><strong>noster</strong></span> <span class='ocrx_word' id='word_1_393' title='bbox 2927 3943 3134 4009; x_wconf 83' lang='lat' dir='ltr'><strong>Jesus</strong></span> 
     </span>
     <span class='ocr_line' id='line_1_43' title="bbox 591 4025 3132 4118; baseline 0.001 -23"><span class='ocrx_word' id='word_1_394' title='bbox 591 4026 901 4099; x_wconf 87' lang='lat' dir='ltr'><strong>Christus</strong></span> <span class='ocrx_word' id='word_1_395' title='bbox 997 4049 1070 4096; x_wconf 89' lang='lat' dir='ltr'><strong>er</strong></span> <span class='ocrx_word' id='word_1_396' title='bbox 1117 4025 1577 4097; x_wconf 87' lang='lat' dir='ltr'><strong>voluntariam</strong></span> <span class='ocrx_word' id='word_1_397' title='bbox 1636 4041 1701 4098; x_wconf 93' lang='lat' dir='ltr'><strong>et</strong></span> <span class='ocrx_word' id='word_1_398' title='bbox 1759 4026 2130 4099; x_wconf 89' lang='lat' dir='ltr'><strong>salutarem</strong></span> <span class='ocrx_word' id='word_1_399' title='bbox 2182 4049 2379 4098; x_wconf 89' lang='lat' dir='ltr'><strong>suam</strong></span> <span class='ocrx_word' id='word_1_400' title='bbox 2424 4026 2842 4118; x_wconf 88' lang='lat' dir='ltr'><strong>passionem,</strong></span> <span class='ocrx_word' id='word_1_401' title='bbox 2899 4026 3132 4097; x_wconf 90' lang='lat' dir='ltr'><strong>abole-</strong></span> 
     </span>
     <span class='ocr_line' id='line_1_44' title="bbox 593 4115 3130 4207; baseline 0.001 -23"><span class='ocrx_word' id='word_1_402' title='bbox 593 4115 800 4187; x_wconf 85' lang='lat' dir='ltr'><strong>visset</strong></span> <span class='ocrx_word' id='word_1_403' title='bbox 844 4115 916 4185; x_wconf 93' lang='lat' dir='ltr'><strong>di</strong></span> <span class='ocrx_word' id='word_1_404' title='bbox 1010 4115 1198 4186; x_wconf 91' lang='lat' dir='ltr'><strong>olum</strong></span> <span class='ocrx_word' id='word_1_405' title='bbox 1248 4116 1369 4203; x_wconf 92' lang='lat' dir='ltr'><strong>qui</strong></span> <span class='ocrx_word' id='word_1_406' title='bbox 1400 4116 1640 4186; x_wconf 88' lang='lat' dir='ltr'><strong>mortis</strong></span> <span class='ocrx_word' id='word_1_407' title='bbox 1692 4117 1963 4187; x_wconf 90' lang='lat' dir='ltr'><strong>tenebat</strong></span> <span class='ocrx_word' id='word_1_408' title='bbox 2009 4116 2406 4207; x_wconf 91' lang='lat' dir='ltr'><strong>imperium,</strong></span> <span class='ocrx_word' id='word_1_409' title='bbox 2461 4128 2526 4185; x_wconf 92' lang='lat' dir='ltr'><strong>et</strong></span> <span class='ocrx_word' id='word_1_410' title='bbox 2572 4115 2811 4186; x_wconf 89' lang='lat' dir='ltr'><strong>mortis</strong></span> <span class='ocrx_word' id='word_1_411' title='bbox 2849 4116 3130 4186; x_wconf 87' lang='lat' dir='ltr'><strong>vincula</strong></span> 
     </span>
     <span class='ocr_line' id='line_1_45' title="bbox 594 4201 3135 4305; baseline 0 -32"><span class='ocrx_word' id='word_1_412' title='bbox 594 4203 1054 4296; x_wconf 76' lang='lat' dir='ltr'><strong>per-fregisset,</strong></span> <span class='ocrx_word' id='word_1_413' title='bbox 1107 4216 1172 4274; x_wconf 92' lang='lat' dir='ltr'><strong>et</strong></span> <span class='ocrx_word' id='word_1_414' title='bbox 1204 4205 1400 4275; x_wconf 89' lang='lat' dir='ltr'><strong>tertio</strong></span> <span class='ocrx_word' id='word_1_415' title='bbox 1447 4204 1559 4275; x_wconf 91' lang='lat' dir='ltr'><strong>die</strong></span> <span class='ocrx_word' id='word_1_416' title='bbox 1601 4205 2105 4287; x_wconf 85' lang='lat' dir='ltr'><strong>resurrexisset,</strong></span> <span class='ocrx_word' id='word_1_417' title='bbox 2159 4205 2273 4275; x_wconf 92' lang='lat' dir='ltr'><strong>hic</strong></span> <span class='ocrx_word' id='word_1_418' title='bbox 2320 4201 2556 4273; x_wconf 91' lang='lat' dir='ltr'><strong>Petrus</strong></span> <span class='ocrx_word' id='word_1_419' title='bbox 2607 4205 2930 4305; x_wconf 84' lang='lat' dir='ltr'><strong>princeps</strong></span> <span class='ocrx_word' id='word_1_420' title='bbox 2962 4207 3135 4295; x_wconf 85' lang='lat' dir='ltr'><strong>Apo-</strong></span> 
     </span>
     <span class='ocr_line' id='line_1_46' title="bbox 593 4292 3132 4385; baseline -0.001 -21"><span class='ocrx_word' id='word_1_421' title='bbox 593 4293 949 4375; x_wconf 89' lang='lat' dir='ltr'><strong>stolorum,</strong></span> <span class='ocrx_word' id='word_1_422' title='bbox 989 4316 1150 4364; x_wconf 92' lang='lat' dir='ltr'><strong>cum</strong></span> <span class='ocrx_word' id='word_1_423' title='bbox 1185 4305 1362 4364; x_wconf 90' lang='lat' dir='ltr'><strong>esset</strong></span> <span class='ocrx_word' id='word_1_424' title='bbox 1394 4293 1706 4385; x_wconf 91' lang='lat' dir='ltr'><strong>magistri</strong></span> <span class='ocrx_word' id='word_1_425' title='bbox 1740 4294 1998 4366; x_wconf 90' lang='lat' dir='ltr'><strong>ditatus</strong></span> <span class='ocrx_word' id='word_1_426' title='bbox 2048 4292 2536 4384; x_wconf 73' lang='lat' dir='ltr'><strong>praesidentia,</strong></span> <span class='ocrx_word' id='word_1_427' title='bbox 2575 4315 2651 4363; x_wconf 91' lang='lat' dir='ltr'><strong>os</strong></span> <span class='ocrx_word' id='word_1_428' title='bbox 2680 4292 2981 4364; x_wconf 76' lang='lat' dir='ltr'><strong>efficitur</strong></span> <span class='ocrx_word' id='word_1_429' title='bbox 3030 4315 3132 4361; x_wconf 87' lang='lat' dir='ltr'><strong>re-</strong></span> 
     </span>
     <span class='ocr_line' id='line_1_47' title="bbox 592 4379 3122 4474; baseline 0 -25"><span class='ocrx_word' id='word_1_430' title='bbox 592 4379 940 4470; x_wconf 91' lang='lat' dir='ltr'><strong>liquorum</strong></span> <span class='ocrx_word' id='word_1_431' title='bbox 989 4382 1488 4474; x_wconf 88' lang='lat' dir='ltr'><strong>Apostolorum,</strong></span> <span class='ocrx_word' id='word_1_432' title='bbox 1534 4382 1663 4466; x_wconf 83' lang='lat' dir='ltr'><strong>vel,</strong></span> <span class='ocrx_word' id='word_1_433' title='bbox 1723 4396 1801 4454; x_wconf 93' lang='lat' dir='ltr'><strong>ut</strong></span> <span class='ocrx_word' id='word_1_434' title='bbox 1854 4381 2076 4474; x_wconf 87' lang='lat' dir='ltr'><strong>magis</strong></span> <span class='ocrx_word' id='word_1_435' title='bbox 2128 4382 2401 4474; x_wconf 89' lang='lat' dir='ltr'><strong>proprie</strong></span> <span class='ocrx_word' id='word_1_436' title='bbox 2450 4380 2706 4464; x_wconf 90' lang='lat' dir='ltr'><strong>dicam,</strong></span> <span class='ocrx_word' id='word_1_437' title='bbox 2771 4380 3122 4472; x_wconf 89' lang='lat' dir='ltr'><strong>magister.</strong></span> 
     </span>
    </p>
   </div>
  </div>
 </body>
</html>
