3357 4995
261 348 479 415 JUNII
528 349 571 412 6
1068 365 1145 410 ms:
1195 364 1249 412 s.
1302 333 1664 412 Nonraaaro
1711 361 2005 410 Emscoro
2598 346 2709 409 471¹

264 451 567 520 hominis
604 448 742 526 Dei,
796 460 860 518 et
908 461 982 517 ut
1029 448 1394 518 conciones
1441 449 1591 536 ejus
1631 458 2032 525 averterent,
2095 447 2355 515 zizania
2392 446 2811 535 supersemi-

268 551 622 617 naverunt,
665 538 754 605 ita
781 549 853 605 ut
887 559 1007 606 nec
1030 536 1256 605 videre
1287 536 1507 615 illum,
1541 558 1664 605 nec
1699 536 1853 624 ejus
1873 534 2239 605 conciones
2266 534 2508 604 audire
2534 535 2807 604 vellent.

268 627 390 697 Sed
454 627 571 695 ille
618 626 746 694 hac
798 648 867 693 re
916 624 1107 720 nullo
1158 623 1360 694 modo
1430 625 1739 714 expavit,
1792 623 2151 693 confidens
2201 623 2330 692 hoc
2382 623 2604 713 magis
2671 623 2816 693 fore

269 716 622 785 materiam
690 714 1008 783 victoriae
1061 726 1295 783 contra
1343 713 1737 792 daemones,
1802 714 1922 799 qui
1988 713 2137 801 ejus
2188 711 2685 800 praedicationi
2754 725 2820 780 et

266 804 469 873 saluti
532 802 985 882 credentium,
1024 824 1229 889 quam
1283 824 1402 892 per
1455 825 1612 870 eum
1677 802 2092 889 operabatur
2149 805 2349 880 Deus,
2416 800 2818 869 nitebantur

262 893 557 982 objicere
609 891 1123 980 impedimenta.
1180 896 1345 960 Cum
1380 913 1542 991 ergo
1573 892 1659 958 ob
1710 891 1888 959 hanc
1938 912 2219 958 causam
2274 890 2340 957 in
2385 888 2639 979 populo
2693 888 2815 957 illo

260 983 452 1072 parvi
496 981 690 1070 pretii
745 979 1132 1060 haberetur,
1170 980 1524 1048 suscitavit
1563 985 1737 1048 Deus
1777 978 1978 1046 militi
2020 1000 2145 1047 suo
2181 976 2465 1058 bellum,
2507 978 2589 1046 de
2639 1000 2803 1064 quo,

258 1072 485 1160 ipsius
534 1069 714 1138 dono
756 1069 1077 1137 certando
1129 1068 1433 1146 viriliter,
1474 1082 1832 1137 assecutus
1885 1080 1987 1135 est
2037 1067 2386 1135 victoriam
2450 1067 2810 1152 amorique

259 1159 558 1249 pristino
609 1157 939 1236 reddituS,
979 1170 1043 1226 et
1080 1179 1210 1225 non
1246 1169 1510 1225 tantum
1553 1157 1737 1245 apud
1776 1155 2299 1246 Nivigellensem
2337 1155 2629 1244 plebem,
2691 1155 2806 1223 sed

256 1250 463 1316 etiam
531 1246 717 1335 apud
776 1267 1013 1314 omnes
1056 1246 1182 1314 hoc
1223 1245 1602 1325 audientes,
1657 1245 1949 1334 adeptus
1997 1257 2094 1312 est
2143 1244 2536 1313 suavissimi
2574 1244 2806 1312 odoris

260 1337 559 1405 favorem
603 1348 666 1403 et
706 1335 1020 1424 gratiam.
1069 1339 1232 1402 Nam
1267 1333 1520 1402 ibidem
1558 1334 1792 1414 aderat
1842 1346 2032 1422 pater
2078 1331 2441 1421 cujusdam
2500 1331 2795 1422 puellae,

261 1447 435 1510 quae
468 1426 618 1512 jam
674 1445 791 1512 per
839 1445 1096 1491 annum
1165 1445 1198 1489 a
1260 1423 1622 1491 daemonio
1674 1436 1902 1491 vexata
1953 1421 2196 1496 fuerat,
2250 1434 2314 1489 et
2372 1421 2667 1491 vinculis
2741 1430 2807 1488 et

261 1535 531 1583 carcere
576 1513 951 1582 tenebatur.
1007 1512 1145 1592 Qui
1186 1512 1479 1600 graviter
1542 1511 1710 1579 ssens
1765 1524 1829 1580 et
1882 1512 2267 1599 suspiranS,
2323 1509 2558 1578 dolore
2619 1509 2805 1577 filiae

262 1604 574 1680 affectuS,
627 1601 848 1690 coepit
896 1623 1134 1689 rogare
1181 1621 1365 1678 eum,
1408 1612 1482 1668 ut
1516 1600 1752 1668 saltem
1808 1599 2034 1668 videre
2075 1620 2223 1667 eam
2268 1611 2332 1666 et
2384 1611 2657 1686 tangere
2700 1598 2806 1665 di-

262 1704 616 1781 gnaretur.
674 1695 990 1778 Magnum
1044 1711 1241 1777 opuS‚
1284 1688 1398 1756 sed
1446 1709 1580 1756 non
1622 1689 1860 1777 dispar
1909 1688 2078 1757 fides
2108 1688 2177 1754 in
2211 1709 2436 1776 opere.
2477 1687 2808 1755 Adducite

260 1804 434 1857 eam,
479 1778 727 1863 inquit,
783 1777 862 1846 ad
922 1800 1048 1845 me.
1092 1777 1468 1846 adducitur
1502 1775 1730 1865 puella
1758 1779 1903 1866 ‚jam
1939 1775 2351 1854 duodennis,
2408 1788 2470 1843 et
2503 1776 2802 1864 plurima

262 1868 502 1957 populi
556 1866 935 1952 frequentia
983 1866 1320 1934 convenit.
1368 1871 1555 1934 Tunc
1592 1866 1801 1953 igitur
1855 1866 1962 1932 Dei
2015 1864 2334 1934 sacerdos
2385 1877 2680 1953 tempus,
2742 1877 2805 1932 et

263 1958 611 2032 locum,et
644 1957 994 2023 materiam
1036 1955 1271 2022 videns
1320 1967 1393 2022 ut
1493 1954 1945 2023 lorificaretur
1996 1957 2193 2031 Deus,
2253 1953 2578 2040 majorem
2625 1952 2804 2021 fidu-

261 2048 442 2115 ciam
489 2045 825 2134 concepit.
882 2049 979 2112 lta
1026 2043 1204 2112 albis
1242 2055 1307 2111 et
1340 2056 1441 2112 sto
1474 2048 1510 2110 a
1562 2045 1865 2119 vestitus,
1913 2043 2368 2110 exorcismum
2421 2064 2622 2130 agere
2687 2064 2806 2130 ag-

263 2156 547 2224 gressus
582 2146 704 2202 est.
747 2134 1108 2221 coepitque
1148 2133 1415 2201 diversa
1455 2132 1671 2221 legere
1706 2131 2059 2220 evangelia
2101 2151 2310 2219 super
2349 2152 2426 2196 ca
2485 2144 2558 2198 ut
2587 2130 2800 2197 illius.

263 2224 389 2292 Sed
454 2245 617 2291 cum
671 2221 901 2311 plures
948 2221 1151 2289 horas
1203 2221 1519 2309 precibus
1568 2242 1776 2309 super
1807 2243 1955 2288 eam
1996 2220 2358 2296 insisteret,
2416 2218 2799 2297 (aemonis,

262 2311 599 2389 convicia,
620 2332 872 2378 sannas
891 2322 954 2377 et
982 2308 1449 2398 blasphemias
1472 2309 1984 2397 ingeminantis,
2004 2307 2238 2396 fugam
2262 2309 2588 2393 consequi
2619 2307 2803 2374 haud

264 2402 505 2500 potuit.
566 2405 701 2467 Non
748 2397 1002 2466 decidit
1036 2410 1259 2466 tamen
1304 2397 1438 2465 fide
1478 2397 1906 2476 Nortbertus;
1942 2410 2005 2465 et
2031 2395 2322 2464 crastina
2361 2396 2494 2475 die,
2540 2409 2804 2464 noctem

266 2514 331 2559 in
367 2489 638 2579 jejunio
686 2501 748 2557 et
781 2487 1085 2555 oratione
1124 2509 1280 2555 cum
1339 2486 1795 2576 transegisset,
1835 2485 2137 2575 repetitis
2167 2485 2591 2563 exorcismiS,
2634 2484 2801 2553 dum

264 2580 541 2646 Missam
569 2576 959 2655 celebraret,
1008 2576 1292 2666 spiritus
1331 2574 1740 2643 immundus
1769 2575 1996 2643 nullas
2030 2574 2295 2663 patiens
2325 2595 2573 2652 moraS‚
2611 2572 2806 2641 foeda

262 2667 663 2757 relinqmgts
712 2665 1015 2755 vestigia,
1071 2664 1233 2734 aufu
1290 2665 1357 2742 it,
1405 2685 1656 2750 vasque
1707 2685 2099 2753 possessum
2138 2662 2434 2748 reliquit.
2478 2661 2599 2729 Illa
2653 2682 2806 2729 vero

260 2756 550 2825 liberata
589 2778 625 2822 a
666 2778 791 2823 sua
840 2765 1108 2831 tortore,
1142 2753 1243 2821 col
1280 2775 1467 2842 apsa,
1512 2752 1839 2841 languida
1876 2752 2098 2820 delata
2130 2764 2230 2819 est
2263 2751 2330 2818 in
2371 2750 2652 2818 domum
2691 2772 2805 2838 pa-

264 2859 553 2920 ternam,
609 2857 672 2911 et
722 2841 925 2931 paulo
964 2856 1110 2930 post
1144 2855 1416 2930 accepto
1468 2842 1643 2919 cibo,
1681 2863 1758 2909 ex
1802 2841 2064 2930 integro
2115 2839 2486 2907 incolumis
2517 2851 2580 2907 et
2614 2860 2805 2906 com-

262 2955 384 3021 pos
433 2932 567 3009 sui,
611 2930 898 3020 perfecte
948 2943 1181 3019 sanata
1216 2931 1558 3019 apparuit.
1617 2935 1754 2999 Hoc
1789 2930 2016 3015 itaque
2067 2927 2340 3017 publice
2392 2927 2798 3006 factumest,

266 3036 425 3090 teste
482 3020 673 3087 omni
727 3018 1001 3108 popule,
1048 3020 1167 3105 qui
1226 3020 1337 3087 Dei
1391 3018 1626 3087 laudes
1677 3020 1744 3086 in
1804 3039 2173 3086 commune
2226 3016 2683 3106 praedicabat,
2740 3028 2805 3084 et

261 3125 523 3199 patrem
562 3108 989 3177 Nortbertum
1029 3128 1177 3192 vere
1209 3107 1667 3197 Apostolicum
1725 3109 1945 3176 virum
1999 3106 2357 3175 fatebatur.

347 3202 386 3283 ξ
437 3202 593 3268 25.
648 3203 801 3265 Post
864 3197 1027 3264 baec
1096 3197 1399 3285 pervenit
1449 3195 1831 3273 Coloniam,
1889 3196 2008 3265 ubi
2057 3208 2120 3265 et
2172 3195 2459 3269 libenter
2508 3193 2802 3280 suscipi-

263 3300 393 3364 tur,
448 3298 514 3354 et
564 3285 887 3353 libentius
938 3285 1005 3351 in
1057 3306 1368 3352 sermone
1405 3298 1472 3351 et
1524 3286 1954 3353 confessione
2014 3284 2314 3361 auditur,
2371 3282 2549 3369 quod
2607 3281 2803 3349 illum

264 3375 456 3463 prius
504 3387 568 3458 et
598 3375 918 3462 juvenem
966 3374 1331 3451 novissent,
1364 3374 1597 3459 etjam
1638 3373 2043 3441 mirabiliter
2078 3385 2416 3440 mutatum
2471 3370 2798 3445 viderent.

221 3468 335 3542 ‚Et
382 3464 551 3550 quia
603 3462 897 3551 populus
931 3461 1067 3529 fere
1099 3460 1266 3530 solet
1308 3462 1585 3539 imitari,
1627 3462 1680 3529 si
1733 3461 1896 3547 quid
1954 3462 2107 3529 novi
2156 3460 2560 3548 conspiciat,
2605 3457 2802 3527 multi

258 3552 341 3619 ad
398 3553 680 3620 verbum
713 3563 776 3619 et
802 3550 1339 3618 exhortationem
1389 3552 1539 3638 ejus
1589 3564 1725 3617 tam
1777 3549 2007 3618 clerici
2056 3571 2265 3635 quam
2320 3547 2470 3615 laici
2511 3568 2805 3615 concur-

262 3655 509 3718 rentes,
569 3639 768 3709 illum
804 3638 1019 3708 secuti
1053 3651 1235 3707 sunt.
1286 3639 1588 3707 Habebat
1624 3638 1740 3706 ille
1779 3639 1924 3727 jam
1963 3651 2127 3706 tunc
2164 3639 2231 3705 in
2283 3638 2517 3704 animo
2566 3634 2806 3704 aedifi-

257 3752 414 3797 care
447 3728 811 3797 ecclesiam
866 3728 931 3794 in
983 3750 1118 3814 qua
1154 3728 1493 3796 adunatos
1543 3727 1785 3795 fratres
1836 3728 2184 3815 reciperet.
2221 3730 2430 3812 Atque
2491 3726 2577 3793 ob
2630 3725 2805 3792 lianc

258 3840 543 3887 causam
600 3817 828 3904 petivit
878 3817 963 3885 ab
1013 3816 1539 3906 Archiepiscopo
1601 3815 1944 3883 Friderico
2013 3828 2076 3883 et
2133 3815 2419 3884 caeteris
2487 3812 2809 3881 fidelibus

258 3918 657 3975 sanctarum
714 3904 1183 3991 Reliquiarum
1254 3905 1384 3975 sibi
1444 3926 1731 3973 munera
1780 3904 2046 3981 donari,
2101 3904 2359 3988 quibus
2409 3924 2545 3969 non
2603 3901 2808 3968 mini-

259 4004 451 4063 mu'm
506 3995 592 4061 ab
627 3995 911 4079 antiquo
964 3993 1219 4082 repleta
1244 4007 1307 4062 et
1343 3994 1677 4063 instructa
1708 4005 1851 4060 erat
1879 3991 2036 4061 felix
2070 3991 2366 4061 Colonia.
2409 3990 2663 4058 Annuit
2696 3995 2813 4057 Ar-

256 4083 770 4181 chiepiscopuS‚
840 4083 1087 4151 annuit
1135 4104 1260 4150 ceu
1297 4082 1529 4168 justae
1583 4081 1889 4169 petitioni
1957 4079 2185 4148 clerus
2231 4093 2295 4147 et
2359 4077 2680 4167 populus,
2737 4083 2812 4144 At

258 4171 381 4240 ille
448 4171 777 4240 fratribus
835 4171 982 4240 suis
1031 4193 1205 4256 quos
1247 4192 1479 4238 secum
1534 4170 1827 4238 habebat
1874 4183 1938 4237 et
1983 4189 2159 4254 quos
2223 4166 2476 4235 ibidem
2530 4171 2704 4234 Deus
2746 4165 2808 4232 ei

259 4259 669 4339 contulerat,
715 4260 984 4348 jejunio
1028 4259 1306 4339 indict0,
1357 4259 1483 4326 hoc
1541 4258 1915 4347 pretiosum
1967 4256 2229 4325 donum
2276 4260 2404 4324 Deo
2453 4275 2807 4322 commen-

267 4348 499 4427 dabat,
560 4362 632 4417 ut
683 4347 1067 4418 venerabile
1112 4348 1571 4438 patrocinium
1624 4346 1683 4413 is
1731 4344 1978 4414 faceret
2027 4344 2342 4413 inveniri.
2409 4347 2608 4411 Nocte
2659 4361 2812 4408 vero
