3357 4995
235 289 450 354 JUNll
506 289 546 352 7
948 308 1023 354 nn
1073 308 1127 354 s.
1184 307 1461 355 nonnam
1508 306 1748 353 Anam:
1796 305 2074 354 cisrnac.
2564 288 2678 353 20¹

241 414 470 461 rerum
525 393 745 461 amori
795 414 1067 482 semper
1112 393 1314 463 affixa
1361 391 1576 461 suere.
1628 398 1770 462 Non
1823 390 2043 460 multo
2094 406 2244 481 post
2282 390 2419 461 duo
2450 390 2783 471 conversi,

239 503 410 568 quos
461 491 730 564 vocant,
784 504 1070 552 excusso
1104 482 1403 561 cucullo,
1458 481 1663 550 vitam
1700 482 1770 549 iu
1812 481 2044 550 seculo
2092 480 2341 550 misere
2386 480 2738 548 finierunt.

319 573 356 658 ἓ
413 576 502 643 4.
561 575 685 638 Per
732 576 990 641 Novum
1044 576 1352 641 Castrum
1385 570 1862 657 “quandoque
1921 571 2046 638 iter
2110 591 2145 637 a
2200 591 2324 640 ens
2373 569 2475 637 vir
2526 570 2663 648 Dei,
2717 569 2787 635 in

236 659 529 729 multam
569 661 906 748 juvenum
958 662 1230 730 turham
1283 659 1563 729 incidit:
1622 660 1800 727 inter
1846 680 2019 744 quos
2068 658 2126 724 vi
2186 660 2234 727 it
2281 658 2629 726 hominem
2666 657 2793 724 mi-

237 747 441 816 rabili
521 750 915 820 curiositate
976 751 1107 819 huc
1156 764 1361 836 atque
1409 748 1576 818 illuc
1623 748 2034 828 discurrere,
2091 747 2361 836 procaci
2413 745 2550 814 illis
2598 744 2793 814 vultu

237 837 574 917 blandiri,
627 851 692 906 et
738 839 939 926 quasi
990 838 1070 907 ad
1137 860 1276 908 rem
1313 837 1601 906 arduam
1657 836 1810 918 illos
1853 836 2201 906 adhortari
2250 850 2312 905 et
2361 835 2786 904 extimulare.

241 926 810 997 Animadvertens
850 943 1075 997 autem
1131 951 1265 997 non
1319 948 1465 997 esse
1514 927 1817 994 hominis
1870 924 2036 994 illud
2089 925 2417 1003 osticium,
2458 924 2571 993 sed
2625 922 2792 990 mali

243 1015 606 1083 daemonis
649 1017 1056 1090 ludibrium.
1117 1017 1328 1085 multa
1379 1018 1440 1081 vi
1498 1015 1857 1083 verborum
1912 1015 2204 1104 imperat
2244 1014 2367 1093 illi,
2421 1028 2495 1082 ut
2543 1014 2630 1081 ab
2690 1011 2790 1078 eis

243 1104 450 1173 evesti
511 1105 574 1172 io
649 1107 953 1174 recedat:
1010 1111 1192 1175 Heus
1242 1118 1356 1182 tu,
1414 1104 1666 1189 inquit,
1722 1102 2216 1182 calamistrato,
2285 1126 2417 1173 non
2483 1101 2793 1201 indigent

243 1194 370 1261 viri
412 1194 457 1263 il
495 1195 510 1261 i
552 1200 756 1283 opera
797 1211 947 1265 tua:
1005 1195 1241 1263 recede
1285 1193 1620 1270 velociter,
1656 1205 1720 1260 et
1751 1213 2034 1277 sequere
2066 1214 2195 1260 me.
2236 1192 2597 1262 Confestim
2649 1190 2786 1270 ille,

243 1281 553 1352 demisso
595 1283 814 1362 vultu.
874 1285 1148 1352 Abbatis
1192 1285 1470 1372 vestigia
1533 1304 1650 1370 per
1701 1281 1922 1350 lutum
1975 1281 2383 1370 platearum,
2442 1293 2791 1366 tamquam

243 1370 325 1438 ad
385 1371 648 1440 caudas
696 1395 1029 1459 equorum
1082 1373 1428 1460 alligatus.
1484 1371 1752 1439 cunctis
1800 1370 1883 1438 ad
1937 1392 2083 1438 eam
2138 1392 2276 1438 rem
2332 1369 2522 1437 valde
2553 1370 2795 1439 attoni-

251 1461 358 1538 tis,
417 1462 752 1546 sequitur.
813 1462 937 1530 Ubi
986 1474 1211 1529 autem
1265 1474 1451 1530 extra
1498 1459 1739 1529 urbem
1803 1459 1887 1526 ad
1940 1460 2339 1528 semitarum
2393 1458 2793 1527 diverticula

253 1561 529 1617 ventum
583 1561 705 1628 est,
764 1551 1025 1620 dixitei
1059 1551 1161 1616 vir
1211 1550 1368 1617 Dei:
1426 1573 1460 1614 «
1500 1550 1829 1630 Quisnam
1881 1571 1952 1616 es
2004 1562 2098 1627 tu,
2143 1562 2207 1616 et
2254 1549 2418 1633 quid
2463 1548 2583 1617 tihi
2632 1569 2792 1616 cum

253 1637 391 1706 illis
432 1639 523 1706 rei
561 1652 742 1706 erat:
786 1663 818 1704 »
871 1637 1244 1727 Respondit
1296 1638 1438 1706 ille:
1484 1661 1515 1701 «
1547 1638 1714 1719 Quis
1738 1659 1863 1722 ego
1891 1638 2046 1716 sim,
2080 1659 2215 1705 non
2257 1650 2314 1703 te
2364 1636 2546 1716 latet,
2585 1651 2650 1704 et
2680 1658 2793 1703 co-

255 1742 460 1795 natus
496 1749 700 1796 meos
751 1727 959 1817 probe
1009 1727 1209 1797 nosti.
1265 1728 1549 1814 Nuptiae
1597 1749 1633 1794 a
1685 1726 2013 1795 divitibus
2044 1748 2201 1794 cum
2244 1747 2493 1815 magna
2542 1747 2796 1816 pompa

255 1817 319 1882 in
376 1816 525 1884 vico
576 1816 695 1885 illo
742 1817 1198 1885 celebrantur.
1255 1821 1392 1905 Ego
1431 1837 1586 1884 vero
1643 1815 1711 1883 in
1771 1836 1919 1882 eam
1956 1837 2191 1883 curam
2235 1814 2536 1882 intentus
2575 1836 2789 1893 eram,

249 1917 325 1971 ut
369 1926 670 1993 sponsus
719 1906 805 1973 ab
854 1905 1146 1974 aemulis
1194 1906 1340 1972 suis
1381 1906 1446 1972 in
1490 1904 1801 1973 convivio
1840 1903 2271 1972 caederetur:
2319 1925 2519 1992 porro
2567 1904 2797 1972 convi-

251 2015 366 2060 vae
418 1991 519 2062 ira
561 1995 873 2082 permoti,
943 2015 1091 2061 eam
1145 1995 1378 2082 sponsi
1428 1993 1704 2061 caedem
1758 1992 1994 2061 ulcisci
2048 2006 2513 2082 properarent,
2560 1994 2795 2077 sicque

254 2082 348 2149 ira
395 2096 462 2149 et
508 2083 831 2151 ebrietate
880 2083 1246 2160 obcaecati,
1304 2083 1564 2152 mutuis
1614 2103 1683 2149 se
1736 2081 2140 2150 vulneribus
2178 2080 2615 2150 conficerent.
2671 2087 2795 2149 De-

250 2172 461 2256 nique.
496 2185 572 2239 ut
621 2173 798 2240 intra.
830 2174 1070 2241 urbem
1127 2171 1458 2239 seditione
1493 2171 1852 2248 concitata,
1908 2170 2282 2239 multorum
2334 2171 2605 2238 animae
2657 2184 2796 2239 tru-

251 2259 497 2327 cidatis
547 2262 954 2349 corporibus
1006 2261 1071 2326 in
1132 2272 1397 2328 nostras
1448 2281 1697 2328 manus
1760 2260 2211 2348 pervenirent.
2280 2264 2573 2343 Jamque
2624 2259 2793 2327 mihi

251 2371 755 2437 persuaseram,
824 2371 932 2416 me
981 2349 1064 2415 de
1123 2362 1314 2436 parta
1375 2349 1652 2416 victoria
1714 2347 2045 2434 gaudium
2108 2348 2351 2436 ingens
2418 2347 2793 2417 allaturum

299 2438 550 2528 rincipi
596 2461 779 2507 meo:
827 2450 895 2505 at
946 2458 1128 2506 nunc
1183 2459 1301 2526 per
1349 2451 1410 2505 te
1450 2436 1783 2527 dissipato
1816 2435 2104 2506 consilio
2157 2448 2221 2504 et
2272 2436 2795 2505 machinationi-

294 2550 379 2596 us
431 2527 627 2605 meis,
682 2549 943 2596 vacuus
973 2539 1038 2596 et
1088 2526 1315 2594 inanis
1365 2526 1730 2595 abscedo.»
1764 2526 1883 2593 His
1924 2524 2200 2604 auditis,
2239 2524 2338 2592 vir
2372 2526 2639 2593 Domini
2676 2546 2794 2592 ne-

246 2616 536 2701 quitiam
581 2617 737 2706 ejus
802 2637 1147 2687 execrans,
1186 2616 1531 2705 praecepit
1581 2616 1648 2682 in
1704 2615 1984 2683 nomine
2044 2613 2339 2687 Domini,
2394 2626 2470 2682 ut
2507 2615 2591 2682 ad
2647 2613 2793 2681 loca

248 2703 509 2772 deserta
562 2724 641 2772 se
704 2705 1061 2783 conferret,
1130 2726 1248 2771 nec
1316 2726 1624 2789 uuquam
1680 2703 2006 2791 deinceps
2067 2724 2282 2771 ausus
2340 2716 2519 2771 esset
2569 2702 2791 2770 bomi-

251 2793 455 2862 nibus
503 2791 817 2863 illudere.
873 2793 962 2861 Ad
1006 2813 1153 2860 eam
1200 2792 1583 2877 jussionem
1640 2812 1929 2877 nequam
1985 2814 2015 2859 s
2072 2792 2270 2859 iritus
2317 2792 2618 2872 evanuit,
2675 2790 2789 2858 sed

249 2894 512 2951 tantum
569 2895 721 2970 post
768 2904 839 2951 se
889 2881 1166 2967 reliquit
1235 2881 1610 2957 horrorem,
1685 2895 1758 2949 ut
1805 2880 1962 2966 equi
2079 2880 2330 2956 innitu‚
2390 2879 2665 2948 fremitu
2730 2892 2795 2947 et

249 2969 672 3060 ungularum
711 2970 1006 3039 fossione
1057 2970 1454 3043 saevientes.
1495 2969 1599 3037 vix
1632 2992 1672 3037 a
1703 2968 2087 3037 sessoribus
2124 2981 2400 3057 possent
2430 2969 2789 3037 contineri.

332 3062 368 3144 ξ
415 3066 503 3128 ὅ.
565 3060 678 3127 Die
725 3059 1025 3146 quodam
1097 3058 1228 3127 sub
1281 3059 1521 3129 Missae
1571 3057 1912 3127 sacrificio
1960 3056 2128 3124 vidit
2177 3058 2243 3125 in
2295 3057 2547 3145 spiritu
2608 3078 2795 3125 mare

253 3146 733 3235 multiplicatis
783 3149 1119 3216 fluctuum
1154 3147 1624 3216 voluminibus
1660 3154 2039 3215 tumescere
2060 3159 2124 3213 et
2155 3168 2435 3235 sursum
2467 3144 2790 3215 deorsum

243 3234 514 3321 jactari,
587 3257 786 3324 porro
848 3236 1074 3304 navim
1139 3236 1512 3319 quamdam
1584 3234 1796 3304 fracto
1868 3234 2336 3325 gubernaculo
2384 3247 2450 3303 et
2496 3234 2795 3333 diruptis

257 3323 689 3404 rudentibus,
746 3326 1000 3394 incerta
1050 3324 1404 3412 vagatione
1453 3324 1635 3399 ferri,
1700 3336 1765 3392 et
1816 3324 2088 3391 tandem
2139 3323 2223 3390 ad
2276 3345 2391 3391 sco
2446 3323 2596 3392 ulos
2659 3322 2795 3389 illi-

257 3433 400 3479 sam
451 3434 488 3479 a
540 3417 874 3503 compage
923 3435 1048 3482 sua
1099 3414 1373 3502 penitus
1420 3412 1727 3491 dissolvi,
1782 3411 2126 3497 undisque
2168 3412 2383 3480 hianti
2443 3433 2521 3481 us
2574 3411 2796 3480 homi·

259 3521 398 3580 ne5‚
452 3499 575 3586 qui
625 3501 694 3570 in
745 3524 823 3571 ea
871 3514 1087 3579 erant,
1141 3500 1518 3570 absorberi.
1566 3500 1915 3569 Sacrificio
1959 3513 2252 3589 peracto,
2301 3500 2490 3568 misit
2524 3500 2790 3578 fratreS,

248 3590 362 3675 qui
413 3588 528 3657 die
559 3604 805 3675 quarto
851 3592 922 3658 in
978 3589 1170 3659 litore
1203 3602 1268 3658 et
1318 3590 1488 3668 loco,
1535 3612 1574 3657 a
1607 3590 1752 3658 viro
1802 3591 1916 3657 Dei
1967 3589 2346 3677 designato.
2401 3589 2796 3657 submerso-

250 3700 402 3833 Eum
469 3699 757 3767 corpora
825 3680 1254 3752 invenerunt,
1323 3700 1537 3763 eaque
1598 3678 2111 3748 Ecclesiasticae
2159 3677 2553 3766 sepulturae
2604 3698 2796 3747 man-

297 3778 526 3835 arunt.
2822 3830 2829 3837 .

334 3856 371 3941 §
419 3860 511 3926 Β.
570 3859 871 3922 Matrona
918 3855 1258 3940 quaedam
1301 3853 1652 3923 admonita
1689 3877 1727 3922 a
1764 3876 1956 3925 servo
2009 3856 2145 3934 Dei,
2201 3854 2287 3922 ad
2339 3854 2688 3922 meliorem
2720 3875 2793 3921 se

249 3941 513 4031 frugem
568 3943 843 4032 recepit,
897 3956 1263 4033 spretaque
1305 3942 1549 4011 mundi
1586 3946 1838 4032 pompa
1884 3955 1949 4011 et
1998 3955 2557 4012 ornamentorum
2610 3940 2795 4011 fastu

251 4043 450 4115 atque
498 4031 817 4110 vanitate,
873 4032 1046 4100 inter
1094 4031 1380 4101 delicias
1428 4031 1683 4100 domus
1730 4052 1896 4100 suae
1946 4032 2152 4101 vitam
2182 4030 2555 4101 solitariam
2591 4052 2792 4119 agere

257 4117 635 4187 videbatur.
693 4120 979 4208 Saepius
1011 4142 1173 4211 ergo
1212 4120 1564 4189 dominam
1603 4119 1794 4188 illam
1829 4120 1931 4187 vir
1965 4120 2077 4189 Dei
2110 4119 2403 4188 invisere
2436 4132 2502 4188 et
2532 4118 2619 4186 ad
2654 4140 2793 4187 me-

256 4205 424 4276 liora
454 4206 742 4276 incitare
767 4210 1161 4278 consuevit:
1209 4209 1326 4278 sed
1358 4230 1437 4277 ea
1464 4229 1572 4278 res
1599 4207 1926 4278 fratribus
1972 4208 2392 4294 quibusdam
2473 4228 2792 4277 ravarum

258 4296 732 4385 suspicionum
797 4298 1152 4366 materiam
1222 4297 1576 4388 praebuit,
1643 4296 2196 4367 existimantibus
2257 4296 2792 4365 tamiiaritatem

310 4422 331 4443 ¹·
361 4421 553 4471 Anguce
570 4422 808 4462 Neu-casm
825 4423 874 4462 in
894 4423 1001 4463 hod.
1020 4422 1384 4475 Northumbripe
1405 4424 1591 4463 finibus.
