3357 4995
638 296 768 362 424
1383 313 1460 358 ΒΕ
1508 313 1565 358 s.
1617 311 1943 360 LUTGARDE
1998 309 2255 359 vmemr.
2732 293 2952 360 JUNII
3005 294 3092 358 46

535 399 882 490 apparuit,
957 396 1423 483 intellexitque
1474 395 1843 487 Lutgardis
1891 418 2166 466 versum
2216 397 2405 466 hunc
2452 395 2555 464 illi
2604 396 3085 486 gratissimum

536 509 707 566 esse,
760 509 896 573 quo
959 495 1563 566 commemoratur,
1634 486 1858 575 ipsam
1910 485 2027 555 Dei
2074 484 2324 554 Filium
2393 485 2812 575 concepisse.
2868 488 3087 573 Atque

536 576 667 645 hoc
698 575 819 644 illa
868 574 1037 644 mihi
1088 585 1420 661 tanquam
1469 573 1615 643 filio
1667 573 1919 645 dilecto
1966 573 2302 654 revelans,
2355 573 2739 655 admonuit,
2783 584 2857 644 ut
2908 595 3083 661 quo-

539 666 663 734 ties
709 686 981 733 versum
1021 661 1219 732 illum
1271 662 1598 746 dicerem,
1657 676 1794 733 toto
1828 685 1938 734 me
1971 684 2258 753 corpore
2306 663 2389 730 ad
2435 661 2707 731 laudem
2761 663 3086 734 sacratis-

538 754 753 823 simae
801 751 1101 843 Virginis
1148 750 1585 821 inclinarem.
1634 751 1829 834 Quod
1878 752 2084 821 etiam
2134 751 2256 821 diu
2295 749 2448 832 feci,
2487 750 2824 839 hodieque
2876 750 3079 832 facio,

537 855 604 912 et
647 855 723 911 ut
769 841 951 911 idem
984 840 1261 920 faciant,
1305 839 1588 910 lectores
1637 863 1826 910 meos
1855 861 2096 911 omnes
2135 839 2484 910 adhortor.

628 933 664 1018 ξ
709 935 856 1003 81.
910 930 1411 1019 Pauperculam
1461 929 1839 1016 quamdam
1891 928 2112 1000 multa
2143 930 2380 1019 inopia
2430 949 2734 1019 pressam
2808 930 3087 1020 conspi-

539 1020 755 1100 cienS,
794 1019 876 1088 ad
915 1017 1402 1120 opitulandum
1452 1019 1516 1087 ei
1556 1019 1732 1087 miro
1779 1018 2404 1088 commiserationis
2444 1016 2695 1118 spiritu
2734 1038 3090 1106 permove-

540 1110 766 1189 batur,
821 1108 1220 1194 audivitque
1270 1107 1499 1177 statim
1563 1106 1632 1175 in
1678 1106 1930 1197 spiritu
1979 1105 2317 1177 dicentem
2370 1106 2500 1176 sibl
2535 1106 2945 1175 Dominum:
3004 1114 3083 1178 In

539 1197 810 1268 Psalmo
863 1196 1053 1287 legiS‚
1106 1208 1172 1265 et
1217 1194 1391 1265 dicis
1442 1195 1653 1263 mihi:
1707 1198 1931 1265 Por-tio
1976 1219 2129 1265 mea
2181 1198 2476 1277 Domine,
2516 1196 2691 1275 dimi,
2750 1198 3088 1267 custodire

543 1290 757 1376 legem
798 1297 1008 1354 tuam.
1050 1284 1239 1367 Quod
1270 1284 1329 1353 si
1364 1283 1734 1385 intelligaS‚
1773 1284 1992 1374 portio
2027 1297 2145 1353 tua
2178 1306 2303 1374 ego
2337 1306 2519 1365 sum,
2558 1292 2684 1352 'nec
2704 1285 3082 1373 quicquam

541 1374 753 1444 habes
802 1373 1018 1443 aliud.
1060 1378 1294 1459 Itaque
1329 1371 1429 1441 illi
1482 1372 1818 1463 indigenti
1866 1373 2090 1443 dicas:
2145 1377 2404 1442 Aurum
2438 1385 2503 1441 et
2541 1385 2900 1463 argentum
2940 1397 3082 1444 non

542 1476 643 1532 est
690 1484 1004 1531 mecum:
1057 1459 1238 1548 quod
1291 1474 1519 1531 autem
1585 1462 1829 1541 habeo,
1885 1462 2013 1531 hoc
2070 1462 2193 1531 tibi
2250 1461 2375 1530 do:
2422 1482 2712 1548 oresque
2759 1484 2880 1552 pro
2928 1463 3076 1544 illa,

542 1563 607 1621 et
656 1551 903 1619 dedisti
950 1550 1131 1638 quod
1177 1563 1372 1620 tuum
1436 1562 1561 1619 est.
1617 1556 1757 1620 Hoc
1805 1550 2088 1633 faciens,
2153 1549 2516 1620 custodisti
2566 1549 2779 1640 legem
2822 1573 3076 1620 meam.

544 1640 665 1708 His
697 1639 808 1708 Dei
844 1639 1281 1709 sermonibus
1317 1637 1432 1707 illa
1474 1639 1880 1709 mirabiliter
1930 1640 2118 1709 intus
2175 1639 2541 1717 illustrata,
2595 1638 2909 1708 dominae
2951 1645 3082 1730 Sy—
3206 1659 3211 1663 ·

542 1727 749 1797 billae
778 1727 862 1795 de
911 1729 1137 1818 GagiS,
1194 1727 1356 1815 quid
1404 1749 1443 1795 a
1478 1729 1766 1798 Domino
1797 1728 2193 1808 audivisset,
2252 1727 2601 1798 indicavit.

629 1819 666 1904 ξ
711 1820 875 1888 82.
932 1821 1201 1886 Constat
1240 1815 1502 1897 multiS‚
1544 1816 1751 1903 idque
1785 1839 1904 1907 per
1934 1816 2149 1885 multa
2199 1830 2630 1906 argumenta,
2670 1816 3080 1905 Lutgardem

543 1905 745 1973 etiam
804 1905 1055 1995 spiritu
1104 1904 1500 1995 prophetiae
1549 1905 1908 1975 claruisse.
1973 1905 2330 1993 Presbyter
2380 1905 2666 1992 quidam
2704 1906 2771 1972 in
2823 1904 3083 1975 Gallias

516 1993 630 2063 -ad
677 1998 987 2063 Jotrense
1036 1993 1532 2063 monasterium
1582 1994 1889 2075 venienS,
1941 2016 2100 2064 cum
2163 1994 2231 2061 in
2281 2006 2522 2084 crypta
2561 1992 2888 2080 quadam,
2947 1995 3083 2064 ubi

544 2095 939 2152 sanctorum
991 2104 1278 2174 corpora
1337 2081 1807 2168 quiescebant,
1863 2096 2061 2152 nocte
2106 2095 2350 2164 oraret,
2405 2095 2468 2152 et
2516 2095 2791 2152 sanctae
2846 2084 3083 2174 cujus-

543 2170 701 2239 dam
756 2170 1105 2241 tumulum
1154 2193 1233 2239 ex
1282 2171 1624 2241 alabastro
1689 2170 2076 2241 confectum
2115 2184 2379 2260 praeter
2426 2193 2624 2241 suam
2681 2171 3081 2260 opinionem

542 2261 858 2350 aperiret,
915 2282 1036 2330 nec
1099 2272 1324 2330 tamen
1373 2259 1522 2347 ejus
1579 2281 1828 2330 nomen
1877 2273 1944 2329 et
1991 2260 2311 2329 meritum
2362 2262 2538 2331 scire
2588 2272 2835 2350 posset,
2893 2261 3079 2352 piam

545 2362 775 2438 postea
820 2355 945 2418 Lut
994 2349 1229 2419 ardem
1280 2348 1564 2438 rogavit,
1618 2361 1695 2419 ut
1733 2371 1772 2418 a
1806 2349 2094 2419 Domino
2140 2349 2289 2438 ejus
2340 2369 2588 2418 nomen
2640 2349 2771 2419 sibi
2824 2363 3078 2438 peteret

543 2437 851 2508 revelari.
908 2438 960 2508 ΙΙ
994 2461 1029 2508 3
1081 2460 1154 2508 se
1188 2451 1393 2507 totam
1443 2436 1704 2507 confert
1761 2438 1842 2507 ad
1898 2437 2282 2529 rogandum
2343 2438 2735 2517 Dominum,
2800 2449 2864 2507 et
2912 2438 3073 2519 cit0,

542 2527 723 2614 quod
777 2526 990 2597 voluit
1029 2528 1369 2618 impetrat.
1423 2528 1755 2619 Apparuit
1786 2528 1968 2597 enim
2019 2528 2082 2596 ei
2133 2527 2479 2617 praedicta
2529 2539 2787 2608 sancta,
2823 2540 2888 2596 et
2933 2529 3076 2596 ait:

542 2620 680 2706 Ego
727 2638 930 2686 vocor
961 2621 1235 2686 Osanna
1283 2616 1385 2684 vir
1433 2639 1494 2690 o.
1541 2615 1685 2686 filia
1717 2616 2065 2704 quondam
2120 2616 2300 2705 regis
2343 2616 2626 2694 Scotiae,
2668 2628 2733 2684 et
2763 2637 2886 2705 per
2947 2616 3079 2684 mi-

541 2704 857 2774 raculum
914 2706 1179 2774 Domini
1209 2707 1276 2773 in
1313 2710 1403 2773 Ga
1442 2704 1567 2776 lias
1601 2705 1924 2786 adducta,
1974 2719 2206 2774 sancte
2254 2705 2412 2785 vixi,
2450 2703 2909 2790 defunctaque
2948 2704 3084 2773 ibi—

542 2792 697 2862 dem
741 2816 894 2863 sum
947 2816 1025 2863 ac
1074 2792 1342 2883 sepulta
1390 2793 1818 2864 solemniter:
1873 2793 1990 2865 sed
2043 2793 2176 2863 mei
2224 2793 2500 2863 tandem
2552 2814 2673 2883 per
2735 2792 3080 2862 incuriam

543 2882 807 2951 incolae
854 2881 1045 2951 obliti
1096 2894 1279 2951 sunt.
1326 2886 1505 2950 Haec
1540 2905 1698 2952 cum
1737 2882 2101 2973 Lutgardis
2137 2883 2531 2972 presbytero
2554 2880 2862 2960 referret,
2913 2881 3083 2952 sub-

532 2970 803 3059 junxit:
857 2970 1105 3040 Vellem
1144 2970 1310 3039 haec
1358 2970 1595 3040 eadem
1632 2971 1755 3040 tibi
1800 2992 2073 3059 quoque
2108 2972 2440 3042 Dominus
2475 2971 2548 3038 in
2581 2970 2883 3040 veritatis
2911 2992 3082 3039 con-

544 3058 1003 3130 firmationem
1054 3057 1400 3128 revelaret.
1446 3063 1525 3127 At
1556 3059 1702 3129 ille:
1756 3065 1898 3130 Non
1943 3082 2123 3141 sum,
2178 3060 2426 3146 inquit,
2471 3059 2752 3149 dignm,
2793 3072 2868 3128 ut
2903 3058 3081 3127 mihi

544 3147 707 3218 talia
755 3148 1160 3217 revelentur.
1216 3152 1292 3216 Et
1345 3147 1754 3236 Lutgardis:
1812 3148 1974 3229 Etsi,
2033 3149 2149 3229 ait,
2192 3147 2502 3219 fortassis
2551 3148 2787 3218 minus
2820 3147 3080 3237 dignus

542 3258 638 3317 eS,
683 3250 979 3306 attamen
1030 3235 1150 3305 illa
1206 3235 1272 3303 di
1330 3257 1417 3304 na
1470 3248 1593 3316 est,
1656 3237 1857 3327 cujus
1906 3237 2271 3339 praeconia
2321 3237 2772 3307 innotescant.
2826 3240 3079 3305 Orante

543 3325 755 3415 igitur
788 3324 1147 3415 Lutgarde,
1185 3346 1261 3394 ea
1315 3345 1424 3393 em
1465 3337 1659 3395 nocte
1696 3326 2043 3414 praedlcta
2088 3327 2281 3416 virgo
2313 3325 2711 3427 presbytero
2759 3325 2862 3393 illi
2910 3324 3077 3394 dor-

544 3414 782 3483 mienti
833 3425 931 3482 ter
979 3412 1323 3504 apparuit,
1380 3426 1446 3482 et
1505 3418 1849 3484 Osannam
1914 3437 1984 3485 se
2032 3413 2173 3485 dici
2235 3415 2587 3484 indicavlt.
2656 3415 2784 3497 Qui
2855 3413 3068 3494 vidit,

544 3502 1013 3603 testimonium
1071 3500 1444 3592 perhibuit,
1502 3513 1567 3572 et
1630 3503 1893 3573 scimus
1950 3502 2114 3591 quia
2162 3524 2398 3574 verum
2447 3516 2551 3573 est
2597 3502 3073 3573 testimonium

540 3613 578 3658 e
609 3613 717 3660 us‚

570 3613 666 3766 ’,ξ
711 3684 873 3751 88.
928 3685 1084 3750 Erat
1120 3680 1456 3768 quaedam
1507 3681 1576 3749 in
1628 3686 1839 3752 Pareo
1871 3703 2084 3774 prope
2136 3682 2508 3752 Lovanium
2563 3680 2879 3771 piissima
2925 3701 3074 3749 mo-

540 3767 745 3837 nialis
782 3790 968 3855 ,quae
1000 3768 1275 3838 fratrem
1326 3792 1559 3849 suum,
1614 3771 1737 3857 qui
1792 3770 2213 3861 professione
2259 3770 2764 3842 Franciscanus
2825 3768 3073 3848 fuerat,

539 3855 658 3926 sed
698 3858 844 3945 jam
895 3857 1099 3926 annis
1135 3857 1496 3928 duodecim
1524 3881 1562 3926 3
1618 3870 1841 3930 ostata
1878 3861 2221 3941 manebat,
2262 3859 2704 3930 acerbissime
2751 3856 3076 3947 deplora-

537 3945 676 4015 bat.
730 3951 988 4036 Rogata
1032 3959 1259 4015 autem
1302 3951 1555 4035 Lutgar
1606 3948 1689 4029 is,
1740 3960 1819 4018 ut
1859 3971 1983 4040 pro
2018 3949 2140 4019 illo
2175 3948 2541 4018 Dominum
2598 3958 2845 4026 oraret,
2888 3945 3077 4033 quod

537 4055 731 4104 soror
775 4036 925 4123 ejus
966 4056 1126 4125 prae
1173 4034 1405 4105 dolore
1444 4056 1580 4106 non
1615 4037 1913 4108 multum
1949 4038 2036 4108 ab
2075 4036 2378 4106 amentia
2414 4036 2653 4106 abesse
2701 4034 3076 4116 videretur,

540 4121 661 4192 illa
706 4124 981 4212 utrique
1043 4124 1440 4207 condolens,
1508 4127 1772 4216 rogavit
1803 4127 2199 4197 Dominum.
2244 4130 2545 4215 Surgens
2592 4124 2681 4195 ab
2742 4122 3076 4201 oratione,

539 4211 675 4281 ait:
708 4236 743 4277 «
779 4213 1060 4283 Dicatur
1104 4212 1207 4283 illi
1254 4213 1473 4284 bonae
1512 4213 1805 4304 puellae,
1844 4226 1922 4286 ut
1961 4213 2335 4302 tranquillo
2414 4234 2651 4284 rorsus
2680 4212 2914 4282 animo
2954 4211 3070 4291 sit,

540 4314 745 4383 certa,
797 4300 1074 4372 fratrem
1112 4324 1321 4374 suum
1370 4303 1498 4374 hoe
1544 4325 1728 4373 anno
1775 4303 1861 4374 ad
1897 4315 2212 4373 sanctum
2248 4306 2337 4373 Or
2390 4303 2571 4374 inem
2608 4322 2812 4373 suum
2853 4322 3083 4370 rever-

537 4412 805 4464 surum.
820 4415 856 4460 »
874 4389 1066 4473 Quod
1093 4390 1183 4461 ita
1203 4404 1471 4483 praeter
1489 4394 1804 4463 omnium
1829 4391 2362 4483 expectationem
2387 4391 2648 4464 factum
2672 4388 3078 4472 didicimuS‚
