3357 4995
633 318 759 382 524
1242 335 1319 380 nr.
1365 334 1739 381 NArivnA‘rE
1788 335 1843 379 s.
1896 332 2159 380 soanms
2208 333 2386 379 nArr.
2731 315 2771 378 J
2780 314 2951 380 UNII
3002 316 3085 379 24

546 420 775 489 inveni
809 419 1096 510 gratiam
1149 419 1215 486 in
1267 419 1489 486 oculis
1521 419 1698 489 tuis:
1741 417 2123 508 prophetali
2159 418 2410 507 spiritu
2439 416 2790 486 somniant
2830 440 2909 486 co
2964 439 3089 487 no-

544 510 743 589 visse,
797 508 1171 582 nativitatis
1210 512 1402 576 Isaac
1451 507 1812 577 advenisse
1862 527 2292 596 praeconem.
2342 505 2547 575 Illum
2597 506 2836 575 adorat
2875 511 2924 574 A
2977 529 3088 574 ra-

547 598 730 678 ham,
771 599 950 667 sicut
1000 597 1328 666 Bersabee
1376 597 1587 665 David
1633 601 1908 685 Regem,
1950 595 2291 682 sociisque
2338 595 2489 684 ejus
2590 609 2815 685 ropter
2860 595 2882 662 i
2938 595 3087 665 sius

546 686 991 754 reverentiam
1038 684 1427 754 indefessus
1476 685 1757 756 assistit.
1817 684 2006 753 Unde
2057 697 2122 753 et
2171 707 2306 753 non
2340 685 2475 753 nisi
2563 706 2652 753 uo
2684 684 2753 751 in
2806 706 2889 752 su
2943 705 3090 751 ver-

546 775 738 844 sione
769 775 1119 844 civitatum
1146 773 1525 842 infelicium
1580 787 2058 854 numerantur,
2091 773 2207 842 illo
2239 773 2580 863 superiori
2605 774 2750 861 jam
2791 794 3083 850 reverso,

552 863 675 951 qui
710 863 1129 931 nativitatem
1172 868 1357 930 Isaac
1392 862 1578 930 fideli
1615 862 1970 931 devotione
2017 862 2496 951 compleverat.
2534 867 2693 930 Tres
2740 861 2923 930 enim
2962 861 3091 929 viri

547 958 784 1020 Saram
834 953 1056 1020 vocari
1108 952 1565 1040 praecipiunt,
1620 952 1738 1019 sed
1790 973 1972 1021 unus
2019 964 2142 1030 est,
2182 953 2301 1036 qui
2335 950 2819 1040 promissionis
2854 950 3088 1038 inspe-

547 1053 730 1110 ratae
780 1040 1169 1109 manifestat
1217 1062 1575 1108 arcanum.
1632 1044 1809 1107 Hace
1858 1038 2123 1116 ludaei,
2177 1053 2239 1107 et
2285 1040 2406 1126 qui
2457 1039 2679 1128 magis
2726 1038 3084 1127 elegerunt

541 1129 916 1218 judaizare,
971 1150 1178 1215 quam
1232 1129 1530 1196 credere.
1591 1129 1713 1195 Sed
1771 1140 1847 1196 ut
1897 1128 2189 1196 breviter
2245 1127 2793 1207 concludamuS‚
2857 1127 3087 1195 omnis

547 1219 665 1286 illa
717 1219 855 1287 sive
912 1216 1515 1295 Patriarcharurn,
1572 1239 1691 1286 seu
1755 1218 2314 1305 prophetantium
2367 1216 2688 1305 copulata
2755 1215 3084 1290 societas,

550 1307 811 1375 nullam
873 1306 975 1374 vel
1028 1307 1093 1372 in
1150 1305 1586 1374 sermonibus
1618 1361 1632 1384 ‚
1688 1304 1785 1373 vel
1843 1306 1910 1372 in
1975 1306 2176 1373 rebus
2226 1305 2308 1372 de
2361 1310 2591 1385 Patre,
2637 1318 2701 1373 et
2752 1304 2921 1373 Filio
2954 1359 2968 1383 ,
3026 1321 3090 1372 et

551 1396 810 1484 Spiritu
866 1400 1109 1462 Sancto
1171 1396 1506 1482 reperitur
1572 1407 1802 1482 aperte
1871 1394 2111 1462 fecisse
2176 1395 2618 1463 mentionem.
2695 1394 2861 1460 Veni
2926 1415 3088 1482 crgo

550 1498 616 1551 et
664 1485 930 1551 intuere
994 1481 1215 1550 filium
1285 1482 1683 1563 Zachariae,
1743 1487 1948 1551 Deum
2001 1495 2066 1550 et
2113 1483 2459 1550 hominem
2514 1482 2815 1572 propriis
2867 1482 3088 1549 mani-

550 1573 680 1640 bus
730 1572 1218 1647 continentem‚
1272 1584 1336 1639 et
1379 1571 1528 1639 vide
1566 1572 1732 1657 quia
1787 1570 1955 1640 coeli
2005 1572 2414 1660 aperiuntur
2461 1572 2582 1653 ibi,
2630 1584 2695 1638 et
2733 1570 3090 1638 descendit

551 1661 846 1749 Spiritus
889 1665 1177 1728 Sanctus
1226 1659 1565 1749 corporali
1615 1661 1842 1749 specie
1892 1660 2069 1729 sicut
2117 1659 2437 1728 columba
2488 1661 2557 1728 in
2608 1659 2977 1738 Christum,
3026 1672 3135 1726 et*

550 1770 671 1817 vox
721 1748 936 1816 Patris
984 1747 1216 1816 audita
1263 1762 1397 1817 est:
1435 1749 1558 1817 Hic
1605 1760 1707 1817 est
1737 1747 1948 1817 Filius
1985 1770 2178 1817 meus
2225 1749 2539 1818 dilectus.
2585 1749 2780 1817 Vides
2811 1749 2974 1834 quia
3003 1747 3085 1815 ad

549 1836 1173 1907 sacratissimorum
1208 1837 1567 1904 nominum
1605 1837 1965 1906 novitatem
2003 1839 2346 1905 coelorum
2384 1837 2637 1926 palatia
2668 1839 3092 1906 reserantur?

553 1931 743 1995 Pater
772 1925 1053 1995 auditur
1103 1925 1170 1992 in
1222 1948 1402 2002 voce,
1444 1926 1652 1995 Filius
1701 1926 2085 2014 baptizatur
2119 1926 2184 1992 in
2231 1927 2540 2007 flumine,
2588 1927 2883 2015 Spiritus
2920 1930 3090 1992 San-

549 2027 700 2082 ctus
748 2015 817 2083 in
869 2014 1227 2082 columbae
1276 2015 1501 2103 specie
1535 2015 2065 2083 demonstratur.
2107 2015 2306 2084 Adest
2349 2015 2644 2083 loannes
2688 2014 2893 2083 totius
2945 2037 3087 2083 me-

552 2103 710 2172 dius
772 2103 1163 2178 Trinitatis,
1228 2103 1745 2192 gloriosumque
1813 2104 2183 2191 Baptistam
2245 2104 2680 2172 sanctificant
2753 2103 3089 2171 indivisae

551 2193 975 2261 substantiae
1073 2205 1387 2261 ersonata
1446 2191 1798 2272 vocabula,
1843 2205 1906 2259 et
1977 2213 2222 2260 nomen
2276 2193 2649 2271 TrinitatiS,
2711 2191 3083 2279 prioribus,

552 2281 804 2350 seculis
863 2281 1029 2350 obve
1061 2292 1246 2349 atum
1279 2335 1297 2360 ,
1355 2280 1613 2366 absque
1666 2281 1871 2348 totius
1922 2280 2281 2348 velaminis
2329 2281 2856 2350 obumbratione
2909 2280 3089 2348 relu-

552 2382 677 2437 cet.
736 2371 1040 2447 Domine,
1079 2369 1236 2454 quis
1291 2383 1391 2438 est
1442 2370 1587 2447 iste,
1644 2369 1808 2454 quia
1858 2369 2218 2438 innotuisti
2267 2370 2382 2436 ei?

639 2465 674 2543 ξ
723 2464 863 2532 14.
921 2463 1151 2528 Nonus
1206 2458 1424 2526 honor
1479 2471 1618 2537 est,
1657 2458 2126 2539 testimonium
2177 2459 2501 2528 veritatis.
2558 2463 2722 2527 Cum
2786 2457 3089 2528 audisset

550 2548 946 2618 Joannesin
1002 2547 1295 2617 vinculis
1328 2570 1531 2636 opera
1583 2548 1852 2626 Christi,
1909 2548 2093 2617 misit
2146 2547 2226 2615 ad
2280 2570 2435 2617 eum
2488 2547 2867 2635 discipulos
2899 2550 3083 2625 suos,

551 2638 615 2713 et
663 2658 1070 2726 responsum
1120 2648 1221 2704 est
1267 2637 1405 2704 eis:
1445 2638 1636 2704 Caeci
1670 2636 1919 2713 vident,
1955 2649 2017 2704 et
2045 2650 2305 2705 caetera
2339 2656 2514 2723 quae
2543 2636 2844 2706 veritatis
2877 2642 3084 2704 Evan-

552 2725 810 2813 gelicae
859 2725 1295 2814 prosequitur
1340 2725 1616 2813 copiosa
1667 2725 1991 2794 narratio.
2070 2726 2568 2795 Recedentibus
2616 2737 2846 2795 autem
2907 2746 3082 2792 nun-

552 2815 699 2894 ciis,
744 2837 825 2882 ne
872 2813 1042 2883 forte
1076 2815 1144 2880 in
1176 2835 1412 2881 eorum
1445 2814 1830 2901 praesentia
1864 2813 2326 2882 adulationem
2373 2814 2675 2882 redolere
2717 2814 3078 2889 videretur,

551 2904 773 2991 coepit
820 2902 1017 2971 Jesus
1051 2902 1275 2969 dicere
1316 2902 1398 2969 ad
1452 2902 1689 2970 turbas
1739 2902 1823 2969 de
1869 2903 2167 2971 Joanne:
2217 2904 2374 2985 Quis
2409 2905 2644 2971 emistis
2673 2906 2742 2971 in
2764 2904 3090 2971 desertum

550 2993 813 3059 videre?
838 2993 1249 3059 Ar·zmdz'nem
1280 3002 1469 3058 vento
1491 2992 1866 3079 aquatam?
1888 2996 1937 3060 Ο
1972 2992 2140 3059 mira
2173 2992 2553 3061 testificatio
2589 2991 3084 3081 Redemptoris.

554 3081 720 3162 Quis
770 3080 1124 3169 ingressus
1171 3091 1274 3149 est
1320 3079 1689 3158 mundum,
1729 3092 1794 3147 et
1845 3079 2179 3148 mundum
2238 3079 2337 3148 vel
2389 3081 2454 3148 in
2508 3080 2740 3166 aliquo
2793 3102 2924 3147 non
2977 3101 3091 3147 eo-

552 3168 813 3257 gnovit‘?
843 3168 1009 3249 Quis
1040 3179 1162 3247 est,
1202 3190 1405 3254 quem
1447 3166 1542 3236 vel
1589 3181 1865 3236 ventosa
1899 3168 2208 3247 felicitas,
2254 3167 2353 3236 vel
2386 3170 2762 3238 adversitas
2791 3167 3084 3243 turbida,

554 3256 653 3323 vel
722 3255 1090 3341 cujuslibet
1139 3256 1397 3344 peccati
1448 3278 1615 3324 aura
1676 3258 1947 3325 tenuior
2011 3279 2142 3325 non
2196 3258 2500 3325 inflexit?
2559 3257 2647 3326 Ad
2713 3270 3086 3326 extremum

554 3344 978 3413 subinfertur
1026 3345 1208 3429 quod
1248 3357 1492 3412 terram
1536 3345 1836 3421 excedat,
1875 3358 2172 3414 transeat
2204 3347 2497 3426 coelum,
2542 3347 2911 3435 ipsumque
2944 3367 3090 3414 ver·

556 3434 753 3502 ticem
806 3433 1166 3521 Angelicae
1214 3433 1572 3523 dignitatis
1604 3435 1915 3522 attingat.
1975 3441 2152 3503 Inter
2181 3447 2393 3515 natea,
2431 3436 2676 3521 inquit,
2733 3438 3090 3504 mulierum

552 3546 681 3590 non
727 3525 1029 3590 surremit
1077 3524 1297 3611 major
1332 3523 1588 3591 Joamte
1634 3526 1968 3622 Baptista.
2013 3524 2190 3605 Quid
2235 3525 2333 3594 vis
2372 3523 2706 3613 amplius?
2762 3529 2853 3592 De
2905 3522 3094 3591 nullo

553 3611 690 3679 alio
739 3610 876 3677 dici
940 3612 1162 3699 potuit
1206 3611 1417 3699 (dicit
1469 3612 1938 3700 Augustinus)
1982 3613 2165 3698 quod
2218 3613 2476 3680 dictum
2529 3625 2630 3681 est
2677 3613 2760 3681 de
2808 3613 3088 3681 Joanne.

553 3705 694 3768 Non
745 3721 1057 3789 opponas
1096 3698 1269 3767 mihi
1303 3700 1832 3790 Evangelistam,
1892 3702 2069 3770 inter
2116 3715 2416 3770 caeteros
2465 3701 2815 3791 Apostolos
2875 3701 3094 3791 magis

553 3786 924 3864 dilectum,
973 3810 1106 3855 non
1159 3789 1631 3877 Apostolorum
1737 3790 2099 3875 rincipem‚
2153 3791 2480 3859 omnibus
2529 3789 2864 3880 Apostolis
2904 3803 3094 3858 ante—

555 3875 811 3945 latum:
858 3897 992 3944 non
1038 3899 1154 3946 vas
1193 3877 1567 3956 electioniS,
1622 3812 1728 3945 ad)
1758 3879 1929 3947 coeli
1965 3879 2141 3947 tertii
2193 3893 2449 3948 secreta
2486 3877 2889 3948 translatum
2917 3934 2931 3958 ‚
2970 3900 3098 3946 nec

554 3964 982 4055 Apostolieus
1053 3965 1379 4055 splendor
1439 3967 1686 4035 audeat
1759 3990 2118 4036 occurrere
2189 3968 2671 4042 Praecursori‚
2734 3968 2900 4053 quia
2949 3968 3098 4056 jam

556 4075 794 4123 omnes
843 4053 954 4122 isti
996 4054 1495 4124 adolescentiae
1530 4067 1747 4124 metas
1795 4069 2271 4134 excesserant,
2323 4080 2483 4126 cum
2525 4080 2564 4125 a
2614 4057 2890 4125 veritate
2943 4079 3100 4146 pro-

557 4143 768 4211 latum
821 4155 959 4210 est:
1004 4148 1184 4211 Inter
1226 4156 1418 4212 natos
1466 4143 1838 4213 mulierum
1894 4168 2028 4214 non
2082 4146 2375 4215 surrexit
2417 4146 2632 4232 major
2665 4147 2928 4215 Joanne
2971 4150 3095 4213 Ba-

555 4232 783 4321 ptista.
838 4232 1205 4302 Considera
1255 4232 1650 4302 mansiones
1701 4234 1918 4321 regni,
1958 4247 2022 4302 et
2058 4235 2455 4304 universum
2493 4235 2804 4303 ordinem
2850 4233 3100 4302 huma-

557 4343 682 4390 nae
732 4321 1192 4411 generationis
1240 4321 1637 4402 obambula,
1693 4321 2057 4409 solumque
2102 4323 2433 4392 Joannem
2486 4336 2623 4392 tam
2666 4323 2859 4392 novis
2883 4344 3099 4409 quam
