3357 4995
264 335 490 405 JUNH
543 340 622 403 *13
1009 357 1087 404 ΒΕ
1136 358 1193 404 s.
1247 357 1521 407 amomo
1569 359 1610 404 A
1659 358 1869 405 Panna
1916 356 2095 405 mero
2600 340 2727 403 305

260 457 354 512 'eo
404 442 680 513 nomine
719 442 1109 532 objurgavit
1140 464 1316 522 eam,
1345 443 1463 512 sed
1507 442 1623 512 illa
1649 465 1723 513 se
1763 442 2117 532 respondit
2151 451 2410 530 patrem
2447 443 2814 512 Antonium

269 531 516 600 audire
549 531 1095 622 concionantem.
1149 531 1342 613 Quod
1381 531 1495 601 ille
1525 532 1842 612 audienS,
1898 532 2109 599 irrisit
2158 552 2333 608 eam,
2389 530 2684 601 delirare
2734 530 2819 599 il-

277 620 418 688 lam
451 619 877 692 existimans.
917 617 1041 686 Illa
1069 632 1306 690 contra
1332 634 1678 691 asserente
1711 643 1783 689 se
1807 621 2063 710 optime
2094 619 2334 689 audire
2360 640 2547 700 eum,
2584 642 2820 690 ascen—

269 707 375 776 dit
409 709 509 777 vir
556 707 640 776 ad
691 706 1056 777 fenestram
1105 709 1445 789 eamdem,
1501 722 1567 777 et
1613 711 1819 779 etiam
1874 708 2003 798 ipsi
2056 709 2182 776 viri
2234 709 2347 777 Dei
2400 729 2629 777 vocem
2678 730 2820 776 me-

268 797 425 865 ritis
473 796 698 865 fidelis
743 796 1063 887 conjugis
1094 798 1419 887 percepit,
1460 809 1664 884 atque
1722 797 1809 866 ab
1856 819 1935 867 eo
1960 796 2069 864 die
2106 818 2466 883 nunquam
2508 819 2588 866 ex
2632 797 2819 866 illius

269 885 606 954 comione
653 885 894 954 abesse
942 884 1329 955 voluerunt.

359 976 396 1059 ἓ
445 978 614 1045 81).
671 979 837 1042 Cum
893 974 1131 1043 beatus
1183 975 1284 1043 vir
1329 997 1407 1043 ex
1455 975 1789 1044 Tolosano
1826 980 2092 1044 hectore
2132 988 2196 1042 et
2246 974 2566 1042 Podiensi
2608 979 2820 1044 Guar-

265 1062 484 1130 diano*
526 1061 750 1131 factus
796 1076 972 1131 esset
1021 1067 1259 1134 Custos
1302 1065 1827 1146 Lemovicensis‚
1881 1076 1946 1131 et
1996 1085 2116 1151 per
2150 1084 2443 1152 regnum
2494 1064 2821 1131 Franciae

267 1149 720 1241 proficiscens
783 1149 1330 1231 concionaretur,
1387 1153 1668 1222 tandem
1722 1151 1808 1220 ad
1864 1151 2359 1221 Bituricensem
2420 1151 2822 1241 (Bourqes)

273 1241 519 1308 urbem
575 1239 903 1329 peruenit.
955 1239 1079 1308 Ubi
1117 1263 1279 1310 cum
1331 1241 1442 1309 die
1490 1241 1790 1327 quodam
1852 1241 2279 1330 praedicaret
2332 1240 2612 1329 populo,
2682 1252 2817 1309 tam

267 1327 593 1414 frequens
635 1328 877 1397 habuit
926 1328 1375 1406 auditorium,
1407 1341 1483 1398 ut
1513 1329 1752 1398 nullus
1804 1329 1984 1398 intra
2032 1329 2369 1418 oppidum
2410 1329 2602 1396 locus
2642 1339 2825 1398 esset

274 1430 499 1485 tantae
541 1415 1011 1486 multitudinis
1056 1438 1297 1506 capax.
1351 1420 1674 1487 Canonici
1730 1419 1939 1507 igitur
1986 1440 2146 1486 cum
2203 1417 2455 1516 populo
2508 1417 2821 1487 instituta

273 1505 709 1594 processione
739 1506 806 1573 in
837 1527 1080 1595 agrum
1115 1504 1534 1576 latissimum
1585 1507 1919 1584 exierunt,
1959 1520 2102 1575 erat
2141 1520 2475 1576 aestlvum
2517 1519 2813 1594 tempus,

273 1593 415 1662 Sub
468 1594 616 1683 ipsa
664 1605 892 1663 autem
920 1595 1251 1664 concione
1301 1596 1628 1665 immanis
1676 1607 1823 1664 orta
1872 1607 2262 1685 tempestaS‚
2318 1593 2718 1683 fulguribus
2755 1605 2821 1663 et

276 1682 596 1752 tonitruis
654 1682 1127 1759 existentibus,
1178 1706 1420 1752 omnes
1470 1684 1949 1754 imminentem
2005 1684 2306 1774 pluviam
2346 1683 2581 1773 fugere
2629 1705 2823 1752 com-

267 1770 471 1861 pulit.
508 1770 632 1839 Sed
686 1771 798 1839 vir·
838 1772 948 1840 Dei
969 1792 1264 1842 cernens
1314 1772 1468 1841 illos
1500 1773 1738 1864 fugam
1792 1772 2219 1850 meditante5‚
2257 1772 2393 1840 alta
2426 1793 2584 1840 voce
2618 1771 2812 1840 dixit:

273 1859 435 1928 Sitis
483 1859 690 1928 bono-
710 1861 966 1939 animo,
1024 1883 1146 1930 nec
1198 1883 1313 1930 vos
1363 1861 1510 1931 loco
1562 1862 1910 1931 moveatis.
1966 1867 2055 1929 Ne
2103 1874 2294 1951 gutta
2328 1857 2610 1945 quidem
2662 1859 2819 1950 plu-

274 1948 422 2017 viae
455 1969 874 2034 quemquam
910 1963 1211 2018 vestrum
1244 1951 1613 2040 continget.
1658 1957 1828 2019 Tum
1882 1950 1980 2018 illi
2033 1951 2257 2018 verbis
2306 1950 2457 2038 ejus
2498 1949 2813 2029 fidente&

273 2036 448 2105 nihil
502 2058 573 2106 se
638 2049 1018 2107 moverunt.
1079 2039 1353 2108 [nterim
1387 2039 1639 2129 pluvia
1687 2053 1752 2107 et
1801 2039 2064 2128 grando
2132 2038 2568 2109 crassissima
2620 2060 2861 2127 prae-.

272 2147 436 2214 ceps
477 2146 513 2192 e
551 2126 742 2196 coelo
797 2130 1151 2215 proruenS,
1206 2143 1448 2199 omnes
1495 2128 1649 2196 illos
1700 2150 1983 2217 prorsus
2035 2129 2319 2197 intactos
2372 2126 2671 2213 reliquit,
2732 2149 2819 2197 ne

273 2213 502 2286 locum
551 2214 863 2300 quidem,
918 2217 988 2284 in
1043 2237 1179 2303 quo
1246 2218 1539 2296 stabant,
1621 2216 2107 2296 madefacienS‚
2161 2237 2322 2285 cum
2375 2228 2600 2284 tamen
2654 2237 2815 2283 eum

273 2302 846 2389 undique·instar
899 2304 1080 2374 muri
1127 2304 1544 2375 ambivisset.
1584 2305 1677 2374 Ad
1724 2319 1859 2373 tam
1900 2303 2173 2395 insigne
2217 2303 2629 2372 miraculum
2665 2324 2813 2372 om·

213 2461 231 2473 ,
276 2412 400 2460 nes
448 2394 699 2480 gratias
745 2404 1032 2482 egerunt
1083 2397 1236 2471 Deo,
1271 2405 1336 2462 et
1371 2395 1595 2464 virum
1627 2395 1741 2462 Dei
1773 2393 2100 2483 deinceps
2139 2395 2207 2461 in
2253 2393 2471 2462 multa
2503 2413 2814 2462 reveren-

282 2480 374 2549 tia
424 2480 750 2551 habuere.
843 2491 848 2499 ’
1321 2497 1330 2513 ·
2510 2489 2527 2505 “

313 2606 322 2609 -
362 2572 400 2655 ξ
445 2573 593 2642 tu.
648 2572 1104 2641 Concionante
1152 2572 1569 2658 quandoque
1616 2572 1762 2641 viro
1817 2573 1928 2641 Dei
1978 2571 2063 2640 ad
2121 2594 2235 2641 sex
2286 2570 2584 2638 miliaria
2632 2579 2824 2638 extra

272 2659 519 2727 urbem
575 2660 1001 2739 Podiensem‚
1056 2659 1371 2731 absoluto
1420 2682 1739 2730 sermone
1784 2661 2236 2748 quidam-viri
2288 2659 2524 2728 fideles
2574 2660 2825 2727 vinum

271 2758 339 2815 et
388 2745 526 2817 alia
558 2748 898 2842 quandam
930 2749 992 2817 ei
1023 2749 1385 2819 miserunt.
1419 2749 1609 2831 Quod
1662 2751 1919 2819 vinum-
1954 2762 2243 2840 gustans
2278 2760 2589 2817 matrona
2611 2768 2825 2833 quae-

269 2834 461 2911 dam,
505 2857 668 2906 cum
723 2837 872 2927 ejus
922 2837 1151 2926 palato
1185 2858 1318 2911 non
1371 2837 1658 2919 sederet,
1714 2838 1958 2907 festina
1998 2836 2286 2907 domum
2326 2837 2517 2917 abiit,
2574 2835 2825 2905 melius

275 2923 516 2993 vinum
566 2924 882 2995 allatura.
933 2931 1086 3007 Qua
1132 2927 1204 2995 in
1243 2946 1312 2995 re
1345 2940 1485 2996 tam
1511 2926 1667 2996 ‹fuit
1716 2928 2009 3005 solicita,
2050 2940 2124 2995 ut
2153 2927 2332 2997 vasis
2371 2925 2825 3015 epistomium

273 3025 590 3101 apertum
643 3014 1081 3101 relinqueret,
1135 3037 1485 3102 manuque
1511 3015 1745 3085 ‘ferens
1795 3015 2207 3096 vertibulom
2263 3016 2402 3082 sive
2436 3027 2703 3105 partem
2746 3013 2827 3081 il-

274 3100 414 3169 lam
463 3123 601 3188 qua
648 3103 1091 3187 epistomium
1128 3104 1512 3184 obturatur,
1567 3106 1650 3173 ad
1706 3104 2056 3174 hominem
2096 3105 2207 3172 Dei
2262 3115 2674 3193 properaret.
2730 3102 2823 3170 Ad

273 3211 482 3275 quem
525 3204 601 3261 ut
648 3194 958 3271 accessit,
1015 3191 1182 3261 vidit
1231 3193 1300 3261 in
1352 3215 1565 3263 manu
1622 3216 1752 3265 sua
1817 3195 2352 3265 instrumentum
2407 3191 2606 3271 illud,
2667 3212 2826 3259 sen-

272 3278 500 3365 sitque
534 3302 605 3349 se
652 3302 787 3349 non
830 3281 1164 3355 clausisse
1211 3282 1693 3371 epistomium:
1737 3282 2030 3369 moxque
2070 3282 2354 3359 domum
2382 3302 2678 3359 reversa,
2723 3291 2825 3348 to-

274 3379 421 3434 tum
457 3368 816 3438 cellarium
859 3369 1029 3438 vidit
1075 3371 1235 3439 vino
1269 3370 2050 3460 perfusum.-Confidens
2089 3384 2316 3441 autem
2371 3370 2634 3443 meritis
2667 3390 2824 3438 san-

275 3455 366 3523 cti
394 3457 545 3538 viri,
585 3459 653 3525 in
688 3480 724 3526 e
779 3458 1050 3528 istomio
1100 3459 1408 3548 reposuit
1456 3459 1901 3541 vertibulum,
1944 3460 2313 3546 statimque
2343 3458 2611 3527 dolium
2655 3456 2826 3526 adeo

274 3555 380 3613 est
411 3546 572 3615 vino
604 3568 724 3635 rep
757 3558 973 3627 etum,
1028 3559 1104 3615 ut
1151 3547 1538 3617 exundarit.
1613 3620 1638 3643 1,
1774 3568 1787 3577 “

366 3636 402 3717 ξ
450 3637 613 3705 23².
671 3640 746 3703 ln
807 3636 1111 3706 usurarii
1157 3636 1526 3724 cujusdam
1561 3637 1884 3725 ‚exequiis
1941 3638 2044 3706 vir
2097 3638 2210 3706 Dei
2258 3637 2820 3714 concionaturus‚

277 3721 601 3792 thematis
628 3710 1256 3814 locoaccepitillud
1289 3747 1369 3794 ex
1407 3728 1816 3818 Evangelio:
1859 3728 1978 3795 Ubi
2008 3737 2101 3794 est
2125 3727 2483 3795 thesaurus
2516 3737 2695 3803 tuus,
2736 3726 2831 3792 ibi

276 3821 373 3878 est
406 3821 467 3878 ec
500 3836 610 3880 cor
649 3824 863 3882 tuum.
902 3815 1041 3883 Sub
1073 3814 1403 3883 concione
1431 3827 1660 3895 autem
1694 3818 1876 3885 inter
1899 3827 2205 3884 caetera:
2263 3821 2556 3883 Mortuus
2587 3824 2680 3882 est
2720 3808 2828 3880 hio

275 3900 484 3978 diveS,
525 3912 585 3969 et
631 3906 934 3992 sepultus
967 3913 1060 3972 est
1091 3906 1163 3971 in
1189 3905 1449 3991 inser-no
1485 3904 1755 3993 (Mami.
1796 3905 1910 3993 v1).
1955 3910 2047 3973 [te
2079 3903 2163 3971 ad
2217 3904 2619 3973 thesaurum
2646 3903 2821 3983 e'uS,

275 3999 344 4055 et
393 3987 461 4055 in
495 3988 684 4061 illius
735 3990 960 4060 medio
991 3992 1354 4080 invenietis
1401 4012 1520 4060 cor
1549 3994 1725 4082 ejus,
1779 4014 2066 4083 corpore
2104 3993 2252 4083 jam
2292 3993 2599 4062 humato.
2638 3996 2681 4059 Α
2738 3991 2829 4060 ie—

275 4088 443 4145 runt
478 4077 782 4150 hominis
837 4093 1152 4181 parentes
1182 4093 1247 4150 et
1295 4081 1526 4159 amici,
1583 4094 1648 4151 et
1696 4104 1813 4151 cor
1861 4082 2089 4151 adhuc
2137 4081 2441 4152 calidum
2482 4082 2547 4149 in
2603 4079 2830 4149 medio

253 4170 728 4238 ‘nummorum
792 4190 940 4259 ejus
1006 4170 1441 4241 invenerunt.
1509 4171 1820 4252 Quodam
1888 4171 2180 4241 solemni
2230 4171 2340 4239 die
2398 4171 2501 4239 vir
2548 4180 2830 4239 sanctus

278 4254 844 4338 concionabatur,
882 4271 946 4328 et
983 4259 1324 4346 quaedam
1370 4259 1624 4328 nobilis
1649 4260 2159 4330 domina-avide
2186 4258 2646 4329 auscultabat.
2676 4262 2831 4326 Cer-

281 4362 457 4411 nens
500 4344 624 4414 hoc
659 4345 981 4437 impurus
1031 4361 1251 4427 satan,
1290 4361 1368 4417 ut
1414 4348 1719 4418 fructum
1750 4349 2104 4419 concionis
2151 4350 2237 4417 ab
2284 4371 2363 4417 ea
2411 4347 2824 4427 excluderet,

279 4433 586 4502 cursoris
635 4436 932 4524 speciem
967 4444 1148 4527 ‘prae
1187 4459 1257 4508 se
1306 4435 1554 4519 ferens,
1596 4437 1685 4509 ad
1719 4459 1868 4508 eam
1901 4460 2062 4508 cum
2099 4437 2316 4509 literis
2358 4436 2566 4517 venit,
2599 4435 2832 4523 aitque

440 4553 721 4613 surius-
748 4552 909 4617 Vitae
932 4553 1041 4618 SS-
1064 4584 1088 4601 -
1107 4553 1233 4614 Vol.
1277 4550 1375 4615 vt.
1480 4551 1484 4554 ’
2594 4555 2673 4614 20

1950 4737 2009 4767 ss*
