<?xml version="1.0" encoding="UTF-8"?>
<!DOCTYPE html PUBLIC "-//W3C//DTD XHTML 1.0 Transitional//EN"
    "http://www.w3.org/TR/xhtml1/DTD/xhtml1-transitional.dtd">
<html xmlns="http://www.w3.org/1999/xhtml" xml:lang="en" lang="en">
 <head>
  <title>
</title>
<meta http-equiv="Content-Type" content="text/html;charset=utf-8" />
  <meta name='ocr-system' content='tesseract 3.04.00' />
  <meta name='ocr-capabilities' content='ocr_page ocr_carea ocr_par ocr_line ocrx_word'/>
</head>
<body>
  <div class='ocr_page' id='page_1' title='image "./historiaeseuvit02lippgoog_0431.png"; bbox 0 0 3357 4995; ppageno 0'>
   <div class='ocr_carea' id='block_1_1' title="bbox 230 345 2707 412">
    <p class='ocr_par' dir='ltr' id='par_1_1' title="bbox 230 345 2707 412">
     <span class='ocr_line' id='line_1_1' title="bbox 230 345 2707 412; baseline 0 -1"><span class='ocrx_word' id='word_1_1' title='bbox 230 345 453 412; x_wconf 84' lang='lat' dir='ltr'>JUNII</span> <span class='ocrx_word' id='word_1_2' title='bbox 505 346 588 409; x_wconf 74' lang='grc'>16</span> <span class='ocrx_word' id='word_1_3' title='bbox 1077 364 1156 410; x_wconf 77' lang='lat' dir='ltr'>nn</span> <span class='ocrx_word' id='word_1_4' title='bbox 1205 365 1261 411; x_wconf 93' lang='lat' dir='ltr'>s.</span> <span class='ocrx_word' id='word_1_5' title='bbox 1316 363 1640 412; x_wconf 52' lang='lat' dir='ltr'>ruralium:</span> <span class='ocrx_word' id='word_1_6' title='bbox 1691 364 1949 412; x_wconf 74' lang='lat' dir='ltr'>vmomn</span> <span class='ocrx_word' id='word_1_7' title='bbox 2575 347 2707 412; x_wconf 69' lang='lat'>4⁴5</span> 
     </span>
    </p>
   </div>
   <div class='ocr_carea' id='block_1_2' title="bbox 224 447 2860 4544">
    <p class='ocr_par' dir='ltr' id='par_1_2' title="bbox 230 447 2802 1052">
     <span class='ocr_line' id='line_1_2' title="bbox 233 447 2798 539; baseline 0 -21"><span class='ocrx_word' id='word_1_8' title='bbox 233 448 518 519; x_wconf 88' lang='lat' dir='ltr'>sinistro</span> <span class='ocrx_word' id='word_1_9' title='bbox 578 447 798 538; x_wconf 89' lang='lat' dir='ltr'>ipsius</span> <span class='ocrx_word' id='word_1_10' title='bbox 846 447 1136 519; x_wconf 90' lang='lat' dir='ltr'>humero</span> <span class='ocrx_word' id='word_1_11' title='bbox 1198 448 1578 539; x_wconf 84' lang='lat' dir='ltr'>imponere,</span> <span class='ocrx_word' id='word_1_12' title='bbox 1632 462 1840 536; x_wconf 91' lang='lat' dir='ltr'>atque</span> <span class='ocrx_word' id='word_1_13' title='bbox 1899 471 1977 518; x_wconf 93' lang='lat' dir='ltr'>os</span> <span class='ocrx_word' id='word_1_14' title='bbox 2035 449 2138 519; x_wconf 91' lang='lat' dir='ltr'>ori</span> <span class='ocrx_word' id='word_1_15' title='bbox 2193 449 2587 539; x_wconf 82' lang='lat' dir='ltr'>applicare:</span> <span class='ocrx_word' id='word_1_16' title='bbox 2662 450 2798 520; x_wconf 91' lang='lat' dir='ltr'>sic-</span> 
     </span>
     <span class='ocr_line' id='line_1_3' title="bbox 280 536 2802 628; baseline 0.001 -21"><span class='ocrx_word' id='word_1_17' title='bbox 280 559 368 607; x_wconf 91' lang='lat' dir='ltr'>ue</span> <span class='ocrx_word' id='word_1_18' title='bbox 395 536 740 607; x_wconf 88' lang='lat' dir='ltr'>cantando</span> <span class='ocrx_word' id='word_1_19' title='bbox 788 559 948 607; x_wconf 86' lang='lat' dir='ltr'>cum</span> <span class='ocrx_word' id='word_1_20' title='bbox 1003 559 1086 607; x_wconf 86' lang='lat' dir='ltr'>ex</span> <span class='ocrx_word' id='word_1_21' title='bbox 1134 537 1384 608; x_wconf 76' lang='lat' dir='ltr'>Christi</span> <span class='ocrx_word' id='word_1_22' title='bbox 1433 550 1705 628; x_wconf 77' lang='lat' dir='ltr'>pectore</span> <span class='ocrx_word' id='word_1_23' title='bbox 1761 550 2075 628; x_wconf 88' lang='lat' dir='ltr'>sugeret,</span> <span class='ocrx_word' id='word_1_24' title='bbox 2140 537 2532 608; x_wconf 88' lang='lat' dir='ltr'>mirabilem</span> <span class='ocrx_word' id='word_1_25' title='bbox 2586 538 2802 609; x_wconf 89' lang='lat' dir='ltr'>melo·</span> 
     </span>
     <span class='ocr_line' id='line_1_4' title="bbox 231 559 2796 717; baseline 0.001 -22"><span class='ocrx_word' id='word_1_26' title='bbox 231 559 389 695; x_wconf 69' lang='lat' dir='ltr'>diae</span> <span class='ocrx_word' id='word_1_27' title='bbox 432 626 835 695; x_wconf 90' lang='lat' dir='ltr'>suavitatem</span> <span class='ocrx_word' id='word_1_28' title='bbox 870 647 1214 697; x_wconf 88' lang='lat' dir='ltr'>resonare.</span> <span class='ocrx_word' id='word_1_29' title='bbox 1272 631 1402 696; x_wconf 90' lang='lat' dir='ltr'>Nec</span> <span class='ocrx_word' id='word_1_30' title='bbox 1435 626 1754 696; x_wconf 91' lang='lat' dir='ltr'>dubitare</span> <span class='ocrx_word' id='word_1_31' title='bbox 1793 627 2167 714; x_wconf 90' lang='lat' dir='ltr'>quisquam</span> <span class='ocrx_word' id='word_1_32' title='bbox 2210 626 2434 717; x_wconf 91' lang='lat' dir='ltr'>potuit</span> <span class='ocrx_word' id='word_1_33' title='bbox 2480 625 2796 697; x_wconf 83' lang='lat' dir='ltr'>divinum</span> 
     </span>
     <span class='ocr_line' id='line_1_5' title="bbox 231 714 2801 807; baseline 0 -22"><span class='ocrx_word' id='word_1_34' title='bbox 231 716 305 785; x_wconf 90' lang='lat' dir='ltr'>in</span> <span class='ocrx_word' id='word_1_35' title='bbox 340 715 470 784; x_wconf 94' lang='lat' dir='ltr'>hoc</span> <span class='ocrx_word' id='word_1_36' title='bbox 501 727 712 785; x_wconf 91' lang='lat' dir='ltr'>cantu</span> <span class='ocrx_word' id='word_1_37' title='bbox 741 714 983 786; x_wconf 84' lang='lat' dir='ltr'>adesse</span> <span class='ocrx_word' id='word_1_38' title='bbox 1017 714 1463 794; x_wconf 84' lang='lat' dir='ltr'><strong>miraculum,</strong></span> <span class='ocrx_word' id='word_1_39' title='bbox 1517 737 1674 784; x_wconf 92' lang='lat' dir='ltr'>cum</span> <span class='ocrx_word' id='word_1_40' title='bbox 1728 715 1797 784; x_wconf 90' lang='lat' dir='ltr'>in</span> <span class='ocrx_word' id='word_1_41' title='bbox 1852 715 1998 786; x_wconf 90' lang='lat' dir='ltr'>solo</span> <span class='ocrx_word' id='word_1_42' title='bbox 2048 737 2252 787; x_wconf 88' lang='lat' dir='ltr'>versu</span> <span class='ocrx_word' id='word_1_43' title='bbox 2300 715 2421 785; x_wconf 92' lang='lat' dir='ltr'>illo</span> <span class='ocrx_word' id='word_1_44' title='bbox 2468 738 2594 785; x_wconf 86' lang='lat' dir='ltr'>vox</span> <span class='ocrx_word' id='word_1_45' title='bbox 2647 716 2801 807; x_wconf 89' lang='lat' dir='ltr'>ejus</span> 
     </span>
     <span class='ocr_line' id='line_1_6' title="bbox 230 803 2799 895; baseline -0.001 -19"><span class='ocrx_word' id='word_1_46' title='bbox 230 825 444 894; x_wconf 89' lang='lat' dir='ltr'>supra</span> <span class='ocrx_word' id='word_1_47' title='bbox 493 825 699 891; x_wconf 89' lang='lat' dir='ltr'>quam</span> <span class='ocrx_word' id='word_1_48' title='bbox 751 803 890 874; x_wconf 91' lang='lat' dir='ltr'>dici</span> <span class='ocrx_word' id='word_1_49' title='bbox 939 816 1185 890; x_wconf 91' lang='lat' dir='ltr'>queat,</span> <span class='ocrx_word' id='word_1_50' title='bbox 1256 804 1455 875; x_wconf 89' lang='lat' dir='ltr'>solito</span> <span class='ocrx_word' id='word_1_51' title='bbox 1503 804 1765 895; x_wconf 82' lang='lat' dir='ltr'>gratior</span> <span class='ocrx_word' id='word_1_52' title='bbox 1827 804 2213 886; x_wconf 84' lang='lat' dir='ltr'>audiretur,</span> <span class='ocrx_word' id='word_1_53' title='bbox 2280 817 2345 874; x_wconf 90' lang='lat' dir='ltr'>et</span> <span class='ocrx_word' id='word_1_54' title='bbox 2401 804 2613 874; x_wconf 91' lang='lat' dir='ltr'>corda</span> <span class='ocrx_word' id='word_1_55' title='bbox 2671 827 2799 874; x_wconf 92' lang='lat' dir='ltr'>au-</span> 
     </span>
     <span class='ocr_line' id='line_1_7' title="bbox 231 892 2801 985; baseline 0 -23"><span class='ocrx_word' id='word_1_56' title='bbox 231 892 576 962; x_wconf 88' lang='lat' dir='ltr'>dientium</span> <span class='ocrx_word' id='word_1_57' title='bbox 644 893 732 962; x_wconf 92' lang='lat' dir='ltr'>ad</span> <span class='ocrx_word' id='word_1_58' title='bbox 805 892 1234 962; x_wconf 85' lang='lat' dir='ltr'>devotionem</span> <span class='ocrx_word' id='word_1_59' title='bbox 1302 905 1369 962; x_wconf 84' lang='lat' dir='ltr'>et</span> <span class='ocrx_word' id='word_1_60' title='bbox 1429 893 1752 985; x_wconf 89' lang='lat' dir='ltr'>pietatem</span> <span class='ocrx_word' id='word_1_61' title='bbox 1823 894 2100 964; x_wconf 90' lang='lat' dir='ltr'>interim</span> <span class='ocrx_word' id='word_1_62' title='bbox 2170 893 2586 965; x_wconf 90' lang='lat' dir='ltr'>mirabiliter</span> <span class='ocrx_word' id='word_1_63' title='bbox 2645 915 2801 985; x_wconf 93' lang='lat' dir='ltr'>per-</span> 
     </span>
     <span class='ocr_line' id='line_1_8' title="bbox 235 995 698 1052; baseline -0.004 0"><span class='ocrx_word' id='word_1_64' title='bbox 235 995 698 1052; x_wconf 89' lang='lat' dir='ltr'>moverentur.</span> 
     </span>
    </p>

    <p class='ocr_par' dir='ltr' id='par_1_3' title="bbox 224 1069 2860 4184">
     <span class='ocr_line' id='line_1_9' title="bbox 321 1069 2794 1162; baseline -0.001 -20"><span class='ocrx_word' id='word_1_65' title='bbox 321 1074 359 1158; x_wconf 84' lang='lat'>§</span> <span class='ocrx_word' id='word_1_66' title='bbox 404 1076 537 1144; x_wconf 79' lang='lat'>11.</span> <span class='ocrx_word' id='word_1_67' title='bbox 594 1075 672 1139; x_wconf 91' lang='lat' dir='ltr'>Et</span> <span class='ocrx_word' id='word_1_68' title='bbox 711 1071 876 1158; x_wconf 91' lang='lat' dir='ltr'>quia</span> <span class='ocrx_word' id='word_1_69' title='bbox 917 1069 1120 1141; x_wconf 91' lang='lat' dir='ltr'>talem</span> <span class='ocrx_word' id='word_1_70' title='bbox 1161 1070 1520 1140; x_wconf 89' lang='lat' dir='ltr'>lucernam</span> <span class='ocrx_word' id='word_1_71' title='bbox 1573 1072 1706 1140; x_wconf 90' lang='lat' dir='ltr'>sub</span> <span class='ocrx_word' id='word_1_72' title='bbox 1758 1071 1993 1142; x_wconf 91' lang='lat' dir='ltr'>modio</span> <span class='ocrx_word' id='word_1_73' title='bbox 2035 1071 2247 1141; x_wconf 91' lang='lat' dir='ltr'>latere</span> <span class='ocrx_word' id='word_1_74' title='bbox 2280 1092 2407 1162; x_wconf 89' lang='lat' dir='ltr'>par</span> <span class='ocrx_word' id='word_1_75' title='bbox 2439 1092 2578 1140; x_wconf 93' lang='lat' dir='ltr'>non</span> <span class='ocrx_word' id='word_1_76' title='bbox 2626 1083 2794 1152; x_wconf 89' lang='lat' dir='ltr'>erat,</span> 
     </span>
     <span class='ocr_line' id='line_1_10' title="bbox 232 1159 2797 1261; baseline 0 -32"><span class='ocrx_word' id='word_1_77' title='bbox 232 1159 459 1250; x_wconf 89' lang='lat' dir='ltr'>posita</span> <span class='ocrx_word' id='word_1_78' title='bbox 491 1172 594 1229; x_wconf 93' lang='lat' dir='ltr'>est</span> <span class='ocrx_word' id='word_1_79' title='bbox 634 1182 843 1248; x_wconf 90' lang='lat' dir='ltr'>super</span> <span class='ocrx_word' id='word_1_80' title='bbox 890 1159 1414 1241; x_wconf 90' lang='lat' dir='ltr'>candelabrum,</span> <span class='ocrx_word' id='word_1_81' title='bbox 1469 1171 1549 1230; x_wconf 92' lang='lat' dir='ltr'>ut</span> <span class='ocrx_word' id='word_1_82' title='bbox 1596 1160 1693 1229; x_wconf 85' lang='lat' dir='ltr'>sul</span> <span class='ocrx_word' id='word_1_83' title='bbox 1748 1181 1826 1230; x_wconf 89' lang='lat' dir='ltr'>or</span> <span class='ocrx_word' id='word_1_84' title='bbox 1872 1161 2136 1261; x_wconf 84' lang='lat' dir='ltr'>gratiae</span> <span class='ocrx_word' id='word_1_85' title='bbox 2201 1160 2532 1231; x_wconf 88' lang='lat' dir='ltr'>omnibus</span> <span class='ocrx_word' id='word_1_86' title='bbox 2580 1183 2797 1252; x_wconf 88' lang='lat' dir='ltr'>appa-</span> 
     </span>
     <span class='ocr_line' id='line_1_11' title="bbox 234 1246 2798 1335; baseline 0.001 -18"><span class='ocrx_word' id='word_1_87' title='bbox 234 1260 434 1330; x_wconf 81' lang='lat' dir='ltr'>reret,</span> <span class='ocrx_word' id='word_1_88' title='bbox 467 1246 781 1335; x_wconf 86' lang='lat' dir='ltr'>factaque</span> <span class='ocrx_word' id='word_1_89' title='bbox 813 1261 916 1318; x_wconf 91' lang='lat' dir='ltr'>est</span> <span class='ocrx_word' id='word_1_90' title='bbox 951 1248 1281 1319; x_wconf 90' lang='lat' dir='ltr'>Priorissa</span> <span class='ocrx_word' id='word_1_91' title='bbox 1323 1250 1392 1317; x_wconf 89' lang='lat' dir='ltr'>in</span> <span class='ocrx_word' id='word_1_92' title='bbox 1434 1249 1674 1320; x_wconf 91' lang='lat' dir='ltr'>eodem</span> <span class='ocrx_word' id='word_1_93' title='bbox 1774 1250 2164 1321; x_wconf 83' lang='lat' dir='ltr'>eatissimae</span> <span class='ocrx_word' id='word_1_94' title='bbox 2205 1249 2612 1319; x_wconf 76' lang='lat' dir='ltr'>catharinae</span> <span class='ocrx_word' id='word_1_95' title='bbox 2653 1272 2798 1319; x_wconf 93' lang='lat' dir='ltr'>mo-</span> 
     </span>
     <span class='ocr_line' id='line_1_12' title="bbox 230 1337 2793 1426; baseline 0.002 -21"><span class='ocrx_word' id='word_1_96' title='bbox 230 1337 552 1417; x_wconf 88' lang='lat' dir='ltr'>nasterio,</span> <span class='ocrx_word' id='word_1_97' title='bbox 607 1359 747 1407; x_wconf 90' lang='lat' dir='ltr'>uno</span> <span class='ocrx_word' id='word_1_98' title='bbox 786 1339 1103 1407; x_wconf 90' lang='lat' dir='ltr'>omnium</span> <span class='ocrx_word' id='word_1_99' title='bbox 1152 1359 1497 1408; x_wconf 89' lang='lat' dir='ltr'>consensu</span> <span class='ocrx_word' id='word_1_100' title='bbox 1545 1337 1781 1408; x_wconf 89' lang='lat' dir='ltr'>electa.</span> <span class='ocrx_word' id='word_1_101' title='bbox 1839 1343 1979 1408; x_wconf 90' lang='lat' dir='ltr'>Non</span> <span class='ocrx_word' id='word_1_102' title='bbox 2030 1339 2219 1410; x_wconf 90' lang='lat' dir='ltr'>enim</span> <span class='ocrx_word' id='word_1_103' title='bbox 2281 1338 2576 1408; x_wconf 89' lang='lat' dir='ltr'>habebat</span> <span class='ocrx_word' id='word_1_104' title='bbox 2637 1338 2793 1426; x_wconf 90' lang='lat' dir='ltr'>ejus</span> 
     </span>
     <span class='ocr_line' id='line_1_13' title="bbox 233 1426 2795 1510; baseline 0.001 -16"><span class='ocrx_word' id='word_1_105' title='bbox 233 1426 364 1495; x_wconf 88' lang='lat' dir='ltr'>loci</span> <span class='ocrx_word' id='word_1_106' title='bbox 423 1427 875 1506; x_wconf 86' lang='lat' dir='ltr'>consuetudo,</span> <span class='ocrx_word' id='word_1_107' title='bbox 930 1440 1008 1496; x_wconf 90' lang='lat' dir='ltr'>ut</span> <span class='ocrx_word' id='word_1_108' title='bbox 1042 1427 1471 1497; x_wconf 81' lang='lat' dir='ltr'>Abbatissam</span> <span class='ocrx_word' id='word_1_109' title='bbox 1525 1427 1660 1496; x_wconf 89' lang='lat' dir='ltr'>sibi</span> <span class='ocrx_word' id='word_1_110' title='bbox 1701 1441 2033 1498; x_wconf 82' lang='lat' dir='ltr'>crearent.</span> <span class='ocrx_word' id='word_1_111' title='bbox 2092 1426 2220 1497; x_wconf 91' lang='lat' dir='ltr'>Sed</span> <span class='ocrx_word' id='word_1_112' title='bbox 2274 1450 2433 1497; x_wconf 91' lang='lat' dir='ltr'>cum</span> <span class='ocrx_word' id='word_1_113' title='bbox 2465 1482 2480 1510; x_wconf 89' lang='lat'>,</span> <span class='ocrx_word' id='word_1_114' title='bbox 2545 1426 2675 1497; x_wconf 87' lang='lat' dir='ltr'>hac</span> <span class='ocrx_word' id='word_1_115' title='bbox 2722 1429 2795 1497; x_wconf 88' lang='lat' dir='ltr'>in</span> 
     </span>
     <span class='ocr_line' id='line_1_14' title="bbox 230 1516 2795 1606; baseline 0.001 -22"><span class='ocrx_word' id='word_1_116' title='bbox 230 1537 328 1596; x_wconf 89' lang='lat' dir='ltr'>re,</span> <span class='ocrx_word' id='word_1_117' title='bbox 369 1516 777 1604; x_wconf 87' lang='lat' dir='ltr'>gravissima</span> <span class='ocrx_word' id='word_1_118' title='bbox 827 1537 899 1584; x_wconf 88' lang='lat' dir='ltr'>se</span> <span class='ocrx_word' id='word_1_119' title='bbox 938 1516 1251 1585; x_wconf 88' lang='lat' dir='ltr'>affectam</span> <span class='ocrx_word' id='word_1_120' title='bbox 1283 1517 1542 1606; x_wconf 75' lang='lat' dir='ltr'>injuria</span> <span class='ocrx_word' id='word_1_121' title='bbox 1582 1516 2057 1599; x_wconf 83' lang='lat' dir='ltr'>arbitraretur,</span> <span class='ocrx_word' id='word_1_122' title='bbox 2099 1517 2400 1587; x_wconf 88' lang='lat' dir='ltr'>decrevit</span> <span class='ocrx_word' id='word_1_123' title='bbox 2459 1530 2524 1586; x_wconf 88' lang='lat' dir='ltr'>et</span> <span class='ocrx_word' id='word_1_124' title='bbox 2564 1516 2795 1586; x_wconf 89' lang='lat' dir='ltr'>locum</span> 
     </span>
     <span class='ocr_line' id='line_1_15' title="bbox 230 1605 2798 1677; baseline 0.001 -4"><span class='ocrx_word' id='word_1_125' title='bbox 230 1615 297 1673; x_wconf 92' lang='lat' dir='ltr'>et</span> <span class='ocrx_word' id='word_1_126' title='bbox 346 1605 735 1674; x_wconf 88' lang='lat' dir='ltr'>institutum</span> <span class='ocrx_word' id='word_1_127' title='bbox 801 1616 1088 1674; x_wconf 90' lang='lat' dir='ltr'>mutare.</span> <span class='ocrx_word' id='word_1_128' title='bbox 1160 1607 1311 1674; x_wconf 90' lang='lat' dir='ltr'>Fuit</span> <span class='ocrx_word' id='word_1_129' title='bbox 1366 1627 1442 1674; x_wconf 88' lang='lat' dir='ltr'>ea</span> <span class='ocrx_word' id='word_1_130' title='bbox 1496 1606 1562 1673; x_wconf 90' lang='lat' dir='ltr'>in</span> <span class='ocrx_word' id='word_1_131' title='bbox 1627 1605 1748 1675; x_wconf 93' lang='lat' dir='ltr'>illo</span> <span class='ocrx_word' id='word_1_132' title='bbox 1798 1607 2215 1677; x_wconf 90' lang='lat' dir='ltr'>monasterio</span> <span class='ocrx_word' id='word_1_133' title='bbox 2263 1606 2472 1677; x_wconf 92' lang='lat' dir='ltr'>annis</span> <span class='ocrx_word' id='word_1_134' title='bbox 2520 1606 2798 1675; x_wconf 84' lang='lat' dir='ltr'>circiter</span> 
     </span>
     <span class='ocr_line' id='line_1_16' title="bbox 231 1692 2795 1786; baseline 0.001 -24"><span class='ocrx_word' id='word_1_135' title='bbox 231 1692 599 1763; x_wconf 90' lang='lat' dir='ltr'>duodecim</span> <span class='ocrx_word' id='word_1_136' title='bbox 676 1693 1034 1764; x_wconf 87' lang='lat' dir='ltr'>monialis:</span> <span class='ocrx_word' id='word_1_137' title='bbox 1094 1705 1374 1781; x_wconf 87' lang='lat' dir='ltr'>cratque</span> <span class='ocrx_word' id='word_1_138' title='bbox 1422 1693 1660 1763; x_wconf 91' lang='lat' dir='ltr'>eodem</span> <span class='ocrx_word' id='word_1_139' title='bbox 1728 1707 2034 1786; x_wconf 91' lang='lat' dir='ltr'>tempore</span> <span class='ocrx_word' id='word_1_140' title='bbox 2102 1695 2433 1786; x_wconf 89' lang='lat' dir='ltr'>magister</span> <span class='ocrx_word' id='word_1_141' title='bbox 2491 1699 2795 1764; x_wconf 85' lang='lat' dir='ltr'>Joannes</span> 
     </span>
     <span class='ocr_line' id='line_1_17' title="bbox 234 1782 2797 1874; baseline 0 -22"><span class='ocrx_word' id='word_1_142' title='bbox 234 1787 568 1871; x_wconf 79' lang='lat' dir='ltr'>LyranuS,</span> <span class='ocrx_word' id='word_1_143' title='bbox 610 1783 1004 1853; x_wconf 90' lang='lat' dir='ltr'>Leodiensis</span> <span class='ocrx_word' id='word_1_144' title='bbox 1036 1782 1391 1863; x_wconf 81' lang='lat' dir='ltr'>dioecesiS,</span> <span class='ocrx_word' id='word_1_145' title='bbox 1425 1784 1528 1856; x_wconf 90' lang='lat' dir='ltr'>vir</span> <span class='ocrx_word' id='word_1_146' title='bbox 1560 1783 1813 1853; x_wconf 84' lang='lat' dir='ltr'>eximia</span> <span class='ocrx_word' id='word_1_147' title='bbox 1845 1784 2228 1864; x_wconf 82' lang='lat' dir='ltr'>sanctitate,</span> <span class='ocrx_word' id='word_1_148' title='bbox 2274 1784 2396 1872; x_wconf 92' lang='lat' dir='ltr'>qui</span> <span class='ocrx_word' id='word_1_149' title='bbox 2432 1805 2568 1853; x_wconf 87' lang='lat' dir='ltr'>non</span> <span class='ocrx_word' id='word_1_150' title='bbox 2601 1784 2797 1874; x_wconf 89' lang='lat' dir='ltr'>igno—</span> 
     </span>
     <span class='ocr_line' id='line_1_18' title="bbox 234 1870 2796 1964; baseline 0.001 -24"><span class='ocrx_word' id='word_1_151' title='bbox 234 1893 399 1940; x_wconf 89' lang='lat' dir='ltr'>rans</span> <span class='ocrx_word' id='word_1_152' title='bbox 450 1870 1023 1961; x_wconf 87' lang='lat' dir='ltr'>perfectissimum</span> <span class='ocrx_word' id='word_1_153' title='bbox 1077 1873 1295 1941; x_wconf 89' lang='lat' dir='ltr'>animi</span> <span class='ocrx_word' id='word_1_154' title='bbox 1342 1875 1493 1964; x_wconf 75' lang='lat' dir='ltr'>eJus</span> <span class='ocrx_word' id='word_1_155' title='bbox 1544 1874 2000 1963; x_wconf 90' lang='lat' dir='ltr'>propositum,</span> <span class='ocrx_word' id='word_1_156' title='bbox 2056 1872 2422 1943; x_wconf 88' lang='lat' dir='ltr'>admonuit</span> <span class='ocrx_word' id='word_1_157' title='bbox 2487 1894 2664 1953; x_wconf 88' lang='lat' dir='ltr'>eam,</span> <span class='ocrx_word' id='word_1_158' title='bbox 2718 1885 2796 1944; x_wconf 92' lang='lat' dir='ltr'>ut</span> 
     </span>
     <span class='ocr_line' id='line_1_19' title="bbox 233 1960 2797 2049; baseline 0.002 -21"><span class='ocrx_word' id='word_1_159' title='bbox 233 1960 553 2030; x_wconf 90' lang='lat' dir='ltr'>abdicato</span> <span class='ocrx_word' id='word_1_160' title='bbox 576 1961 947 2030; x_wconf 90' lang='lat' dir='ltr'>Priorissae</span> <span class='ocrx_word' id='word_1_161' title='bbox 980 1960 1230 2042; x_wconf 84' lang='lat' dir='ltr'>officio,</span> <span class='ocrx_word' id='word_1_162' title='bbox 1269 1962 1353 2030; x_wconf 90' lang='lat' dir='ltr'>ad</span> <span class='ocrx_word' id='word_1_163' title='bbox 1382 1962 1834 2049; x_wconf 81' lang='lat' dir='ltr'>Aquirianum</span> <span class='ocrx_word' id='word_1_164' title='bbox 1871 1962 2327 2032; x_wconf 84' lang='lat' dir='ltr'>Cistertiensis</span> <span class='ocrx_word' id='word_1_165' title='bbox 2349 1962 2628 2031; x_wconf 87' lang='lat' dir='ltr'>Ordinis</span> <span class='ocrx_word' id='word_1_166' title='bbox 2653 1985 2797 2032; x_wconf 88' lang='lat' dir='ltr'>mo·</span> 
     </span>
     <span class='ocr_line' id='line_1_20' title="bbox 234 2049 2792 2142; baseline 0 -24"><span class='ocrx_word' id='word_1_167' title='bbox 234 2050 614 2118; x_wconf 89' lang='lat' dir='ltr'>nasterium</span> <span class='ocrx_word' id='word_1_168' title='bbox 687 2071 758 2116; x_wconf 80' lang='lat' dir='ltr'>se</span> <span class='ocrx_word' id='word_1_169' title='bbox 828 2049 1246 2119; x_wconf 86' lang='lat' dir='ltr'>transferret.</span> <span class='ocrx_word' id='word_1_170' title='bbox 1316 2055 1719 2142; x_wconf 87' lang='lat' dir='ltr'>Opponente</span> <span class='ocrx_word' id='word_1_171' title='bbox 1774 2051 1893 2120; x_wconf 90' lang='lat' dir='ltr'>illa</span> <span class='ocrx_word' id='word_1_172' title='bbox 1956 2051 2305 2122; x_wconf 90' lang='lat' dir='ltr'>diversum</span> <span class='ocrx_word' id='word_1_173' title='bbox 2370 2050 2792 2120; x_wconf 88' lang='lat' dir='ltr'>Gallicarum</span> 
     </span>
     <span class='ocr_line' id='line_1_21' title="bbox 236 2137 2796 2227; baseline 0.001 -21"><span class='ocrx_word' id='word_1_174' title='bbox 236 2137 647 2206; x_wconf 90' lang='lat' dir='ltr'>monialium</span> <span class='ocrx_word' id='word_1_175' title='bbox 703 2137 984 2217; x_wconf 85' lang='lat' dir='ltr'>idioma,</span> <span class='ocrx_word' id='word_1_176' title='bbox 1038 2139 1489 2227; x_wconf 89' lang='lat' dir='ltr'>ejusdemque</span> <span class='ocrx_word' id='word_1_177' title='bbox 1539 2141 1820 2212; x_wconf 90' lang='lat' dir='ltr'>Ordinis</span> <span class='ocrx_word' id='word_1_178' title='bbox 1854 2141 2349 2211; x_wconf 89' lang='lat' dir='ltr'>monasterium</span> <span class='ocrx_word' id='word_1_179' title='bbox 2382 2140 2451 2207; x_wconf 93' lang='lat' dir='ltr'>in</span> <span class='ocrx_word' id='word_1_180' title='bbox 2486 2140 2796 2208; x_wconf 87' lang='lat' dir='ltr'>Herken-</span> 
     </span>
     <span class='ocr_line' id='line_1_22' title="bbox 236 2225 2798 2330; baseline 0.001 -36"><span class='ocrx_word' id='word_1_181' title='bbox 236 2225 385 2306; x_wconf 88' lang='lat' dir='ltr'>rod,</span> <span class='ocrx_word' id='word_1_182' title='bbox 425 2225 545 2294; x_wconf 88' lang='lat' dir='ltr'>ubi</span> <span class='ocrx_word' id='word_1_183' title='bbox 584 2248 898 2297; x_wconf 87' lang='lat' dir='ltr'>sermone</span> <span class='ocrx_word' id='word_1_184' title='bbox 942 2229 1312 2298; x_wconf 88' lang='lat' dir='ltr'>Teutonico</span> <span class='ocrx_word' id='word_1_185' title='bbox 1341 2229 1740 2309; x_wconf 90' lang='lat' dir='ltr'>utebantur,</span> <span class='ocrx_word' id='word_1_186' title='bbox 1837 2230 2021 2300; x_wconf 89' lang='lat' dir='ltr'>otius</span> <span class='ocrx_word' id='word_1_187' title='bbox 2054 2229 2423 2330; x_wconf 79' lang='lat' dir='ltr'>deligente,</span> <span class='ocrx_word' id='word_1_188' title='bbox 2462 2229 2798 2298; x_wconf 89' lang='lat' dir='ltr'>Dominus</span> 
     </span>
     <span class='ocr_line' id='line_1_23' title="bbox 234 2253 2796 2408; baseline 0.001 -26"><span class='ocrx_word' id='word_1_189' title='bbox 234 2314 330 2382; x_wconf 88' lang='lat' dir='ltr'>ait</span> <span class='ocrx_word' id='word_1_190' title='bbox 378 2314 461 2381; x_wconf 90' lang='lat' dir='ltr'>ad</span> <span class='ocrx_word' id='word_1_191' title='bbox 495 2336 687 2383; x_wconf 86' lang='lat' dir='ltr'>eam:</span> <span class='ocrx_word' id='word_1_192' title='bbox 730 2316 913 2395; x_wconf 84' lang='lat' dir='ltr'>volo,</span> <span class='ocrx_word' id='word_1_193' title='bbox 952 2333 1027 2386; x_wconf 88' lang='lat' dir='ltr'>ut</span> <span class='ocrx_word' id='word_1_194' title='bbox 1072 2319 1419 2404; x_wconf 81' lang='lat' dir='ltr'>Aquiriam</span> <span class='ocrx_word' id='word_1_195' title='bbox 1468 2253 1832 2406; x_wconf 53' lang='lat' dir='ltr'>(Awieresg)</span> <span class='ocrx_word' id='word_1_196' title='bbox 1870 2329 2096 2408; x_wconf 89' lang='lat' dir='ltr'>petas:</span> <span class='ocrx_word' id='word_1_197' title='bbox 2151 2318 2287 2386; x_wconf 80' lang='lat' dir='ltr'>nisi</span> <span class='ocrx_word' id='word_1_198' title='bbox 2337 2317 2618 2394; x_wconf 84' lang='lat' dir='ltr'>seceris,</span> <span class='ocrx_word' id='word_1_199' title='bbox 2669 2337 2796 2405; x_wconf 88' lang='lat' dir='ltr'>ego</span> 
     </span>
     <span class='ocr_line' id='line_1_24' title="bbox 237 2402 2796 2497; baseline 0 -25"><span class='ocrx_word' id='word_1_200' title='bbox 237 2412 301 2472; x_wconf 87' lang='lat' dir='ltr'>te</span> <span class='ocrx_word' id='word_1_201' title='bbox 330 2402 668 2471; x_wconf 87' lang='lat' dir='ltr'>deseram.</span> <span class='ocrx_word' id='word_1_202' title='bbox 723 2405 1076 2486; x_wconf 85' lang='lat' dir='ltr'>Quaedam</span> <span class='ocrx_word' id='word_1_203' title='bbox 1126 2406 1332 2475; x_wconf 91' lang='lat' dir='ltr'>etiam</span> <span class='ocrx_word' id='word_1_204' title='bbox 1377 2407 1818 2476; x_wconf 87' lang='lat' dir='ltr'>sanctissima</span> <span class='ocrx_word' id='word_1_205' title='bbox 1876 2407 2070 2497; x_wconf 89' lang='lat' dir='ltr'>virgo</span> <span class='ocrx_word' id='word_1_206' title='bbox 2120 2407 2487 2486; x_wconf 89' lang='lat' dir='ltr'>Christina,</span> <span class='ocrx_word' id='word_1_207' title='bbox 2542 2405 2796 2473; x_wconf 87' lang='lat' dir='ltr'>divini-</span> 
     </span>
     <span class='ocr_line' id='line_1_25' title="bbox 236 2491 2816 2582; baseline 0 -20"><span class='ocrx_word' id='word_1_208' title='bbox 236 2504 348 2562; x_wconf 89' lang='lat' dir='ltr'>tus</span> <span class='ocrx_word' id='word_1_209' title='bbox 379 2491 738 2580; x_wconf 89' lang='lat' dir='ltr'>compulsa</span> <span class='ocrx_word' id='word_1_210' title='bbox 779 2517 930 2563; x_wconf 90' lang='lat' dir='ltr'>eam</span> <span class='ocrx_word' id='word_1_211' title='bbox 964 2494 1155 2575; x_wconf 89' lang='lat' dir='ltr'>adiit,</span> <span class='ocrx_word' id='word_1_212' title='bbox 1202 2495 1509 2582; x_wconf 81' lang='lat' dir='ltr'>dixitque</span> <span class='ocrx_word' id='word_1_213' title='bbox 1547 2496 1606 2564; x_wconf 90' lang='lat' dir='ltr'>ei</span> <span class='ocrx_word' id='word_1_214' title='bbox 1638 2520 1650 2563; x_wconf 91' lang='lat'>:</span> <span class='ocrx_word' id='word_1_215' title='bbox 1707 2495 1884 2578; x_wconf 87' lang='lat' dir='ltr'>Quid</span> <span class='ocrx_word' id='word_1_216' title='bbox 1920 2496 2275 2565; x_wconf 88' lang='lat' dir='ltr'>cunctaris</span> <span class='ocrx_word' id='word_1_217' title='bbox 2325 2494 2569 2573; x_wconf 86' lang='lat' dir='ltr'>facere,</span> <span class='ocrx_word' id='word_1_218' title='bbox 2606 2494 2816 2581; x_wconf 69' lang='lat' dir='ltr'>quod*</span> 
     </span>
     <span class='ocr_line' id='line_1_26' title="bbox 234 2581 2789 2673; baseline 0.001 -23"><span class='ocrx_word' id='word_1_219' title='bbox 234 2581 473 2651; x_wconf 89' lang='lat' dir='ltr'>divino</span> <span class='ocrx_word' id='word_1_220' title='bbox 531 2582 866 2653; x_wconf 90' lang='lat' dir='ltr'>instinctu</span> <span class='ocrx_word' id='word_1_221' title='bbox 921 2585 1240 2672; x_wconf 68' lang='lat' dir='ltr'>juberis?</span> <span class='ocrx_word' id='word_1_222' title='bbox 1287 2584 1661 2673; x_wconf 84' lang='lat' dir='ltr'>Objiciente</span> <span class='ocrx_word' id='word_1_223' title='bbox 1724 2584 1844 2653; x_wconf 89' lang='lat' dir='ltr'>illa</span> <span class='ocrx_word' id='word_1_224' title='bbox 1899 2584 2140 2654; x_wconf 86' lang='lat' dir='ltr'>eadem</span> <span class='ocrx_word' id='word_1_225' title='bbox 2191 2606 2367 2671; x_wconf 88' lang='lat' dir='ltr'>quae</span> <span class='ocrx_word' id='word_1_226' title='bbox 2438 2584 2789 2665; x_wconf 76' lang='lat' dir='ltr'>diximUS,</span> 
     </span>
     <span class='ocr_line' id='line_1_27' title="bbox 230 2672 2794 2762; baseline 0.001 -24"><span class='ocrx_word' id='word_1_227' title='bbox 230 2692 545 2759; x_wconf 88' lang='lat' dir='ltr'>quaeque</span> <span class='ocrx_word' id='word_1_228' title='bbox 599 2673 985 2741; x_wconf 88' lang='lat' dir='ltr'>secundum</span> <span class='ocrx_word' id='word_1_229' title='bbox 1034 2673 1382 2741; x_wconf 90' lang='lat' dir='ltr'>hominem</span> <span class='ocrx_word' id='word_1_230' title='bbox 1436 2673 1602 2742; x_wconf 89' lang='lat' dir='ltr'>satis</span> <span class='ocrx_word' id='word_1_231' title='bbox 1648 2672 2149 2743; x_wconf 85' lang='lat' dir='ltr'>rationabiliter</span> <span class='ocrx_word' id='word_1_232' title='bbox 2180 2673 2480 2762; x_wconf 87' lang='lat' dir='ltr'>objicere</span> <span class='ocrx_word' id='word_1_233' title='bbox 2517 2672 2794 2741; x_wconf 90' lang='lat' dir='ltr'>videba-</span> 
     </span>
     <span class='ocr_line' id='line_1_28' title="bbox 232 2760 2792 2853; baseline 0 -24"><span class='ocrx_word' id='word_1_234' title='bbox 232 2772 388 2829; x_wconf 89' lang='lat' dir='ltr'>tur:</span> <span class='ocrx_word' id='word_1_235' title='bbox 430 2760 794 2841; x_wconf 87' lang='lat' dir='ltr'>Christina,</span> <span class='ocrx_word' id='word_1_236' title='bbox 837 2767 969 2831; x_wconf 92' lang='lat' dir='ltr'>Deo</span> <span class='ocrx_word' id='word_1_237' title='bbox 1005 2762 1409 2851; x_wconf 86' lang='lat' dir='ltr'>inspirante,</span> <span class='ocrx_word' id='word_1_238' title='bbox 1449 2784 1608 2831; x_wconf 80' lang='lat' dir='ltr'>mox</span> <span class='ocrx_word' id='word_1_239' title='bbox 1644 2762 2033 2850; x_wconf 82' lang='lat' dir='ltr'>respondit:</span> <span class='ocrx_word' id='word_1_240' title='bbox 2071 2788 2093 2824; x_wconf 71' lang='lat' dir='ltr'>a</span> <span class='ocrx_word' id='word_1_241' title='bbox 2120 2767 2259 2853; x_wconf 87' lang='lat' dir='ltr'>Ego</span> <span class='ocrx_word' id='word_1_242' title='bbox 2290 2783 2446 2830; x_wconf 88' lang='lat' dir='ltr'>vero</span> <span class='ocrx_word' id='word_1_243' title='bbox 2474 2761 2574 2829; x_wconf 83' lang='lat' dir='ltr'>vel</span> <span class='ocrx_word' id='word_1_244' title='bbox 2604 2762 2792 2850; x_wconf 91' lang='lat' dir='ltr'>apud</span> 
     </span>
     <span class='ocr_line' id='line_1_29' title="bbox 234 2848 2795 2950; baseline 0.001 -35"><span class='ocrx_word' id='word_1_245' title='bbox 234 2848 491 2918; x_wconf 87' lang='lat' dir='ltr'>inferos</span> <span class='ocrx_word' id='word_1_246' title='bbox 541 2850 818 2920; x_wconf 86' lang='lat' dir='ltr'>mallem</span> <span class='ocrx_word' id='word_1_247' title='bbox 868 2873 1019 2920; x_wconf 92' lang='lat' dir='ltr'>esse</span> <span class='ocrx_word' id='word_1_248' title='bbox 1075 2872 1237 2919; x_wconf 92' lang='lat' dir='ltr'>cum</span> <span class='ocrx_word' id='word_1_249' title='bbox 1291 2855 1443 2930; x_wconf 90' lang='lat' dir='ltr'>De0,</span> <span class='ocrx_word' id='word_1_250' title='bbox 1498 2872 1707 2937; x_wconf 91' lang='lat' dir='ltr'>quam</span> <span class='ocrx_word' id='word_1_251' title='bbox 1761 2852 1828 2920; x_wconf 91' lang='lat' dir='ltr'>in</span> <span class='ocrx_word' id='word_1_252' title='bbox 1873 2851 2065 2920; x_wconf 92' lang='lat' dir='ltr'>coelo</span> <span class='ocrx_word' id='word_1_253' title='bbox 2114 2873 2274 2921; x_wconf 91' lang='lat' dir='ltr'>cum</span> <span class='ocrx_word' id='word_1_254' title='bbox 2325 2849 2595 2950; x_wconf 79' lang='lat' dir='ltr'>angelis</span> <span class='ocrx_word' id='word_1_255' title='bbox 2644 2850 2795 2918; x_wconf 91' lang='lat' dir='ltr'>sine</span> 
     </span>
     <span class='ocr_line' id='line_1_30' title="bbox 234 2939 2792 3030; baseline 0 -24"><span class='ocrx_word' id='word_1_256' title='bbox 234 2941 389 3006; x_wconf 78' lang='lat' dir='ltr'>Deo,</span> <span class='ocrx_word' id='word_1_257' title='bbox 425 2962 460 3004; x_wconf 85' lang='lat'>»</span> <span class='ocrx_word' id='word_1_258' title='bbox 489 2943 690 3008; x_wconf 89' lang='lat' dir='ltr'>Recte</span> <span class='ocrx_word' id='word_1_259' title='bbox 737 2939 1071 3009; x_wconf 90' lang='lat' dir='ltr'>nimirum</span> <span class='ocrx_word' id='word_1_260' title='bbox 1123 2951 1188 3008; x_wconf 88' lang='lat' dir='ltr'>et</span> <span class='ocrx_word' id='word_1_261' title='bbox 1234 2950 1698 3029; x_wconf 85' lang='lat' dir='ltr'>congruenter</span> <span class='ocrx_word' id='word_1_262' title='bbox 1727 2939 1832 3009; x_wconf 91' lang='lat' dir='ltr'>illi</span> <span class='ocrx_word' id='word_1_263' title='bbox 1869 2940 2250 3030; x_wconf 90' lang='lat' dir='ltr'>respondit;</span> <span class='ocrx_word' id='word_1_264' title='bbox 2304 2939 2555 3009; x_wconf 83' lang='lat' dir='ltr'>Christi</span> <span class='ocrx_word' id='word_1_265' title='bbox 2603 2939 2792 3007; x_wconf 91' lang='lat' dir='ltr'>enim</span> 
     </span>
     <span class='ocr_line' id='line_1_31' title="bbox 234 3027 2792 3116; baseline 0 -20"><span class='ocrx_word' id='word_1_266' title='bbox 234 3028 620 3115; x_wconf 89' lang='lat' dir='ltr'>praesentia</span> <span class='ocrx_word' id='word_1_267' title='bbox 668 3029 985 3116; x_wconf 88' lang='lat' dir='ltr'>quemvis</span> <span class='ocrx_word' id='word_1_268' title='bbox 1038 3029 1289 3108; x_wconf 92' lang='lat' dir='ltr'>locum,</span> <span class='ocrx_word' id='word_1_269' title='bbox 1345 3030 1796 3114; x_wconf 87' lang='lat' dir='ltr'>quantumvis</span> <span class='ocrx_word' id='word_1_270' title='bbox 1849 3030 2179 3110; x_wconf 89' lang='lat' dir='ltr'>invisum,</span> <span class='ocrx_word' id='word_1_271' title='bbox 2247 3050 2522 3098; x_wconf 90' lang='lat' dir='ltr'>summe</span> <span class='ocrx_word' id='word_1_272' title='bbox 2582 3027 2792 3097; x_wconf 86' lang='lat' dir='ltr'>efficit</span> 
     </span>
     <span class='ocr_line' id='line_1_32' title="bbox 232 3115 2794 3210; baseline 0.001 -26"><span class='ocrx_word' id='word_1_273' title='bbox 232 3115 735 3198; x_wconf 89' lang='lat' dir='ltr'>delectabilem,</span> <span class='ocrx_word' id='word_1_274' title='bbox 791 3129 994 3204; x_wconf 87' lang='lat' dir='ltr'>atque</span> <span class='ocrx_word' id='word_1_275' title='bbox 1062 3117 1213 3187; x_wconf 91' lang='lat' dir='ltr'>ideo</span> <span class='ocrx_word' id='word_1_276' title='bbox 1264 3118 1508 3186; x_wconf 80' lang='lat' dir='ltr'>merito</span> <span class='ocrx_word' id='word_1_277' title='bbox 1569 3117 2065 3208; x_wconf 88' lang='lat' dir='ltr'>appetendum.</span> <span class='ocrx_word' id='word_1_278' title='bbox 2140 3118 2359 3210; x_wconf 87' lang='lat' dir='ltr'>Igitur</span> <span class='ocrx_word' id='word_1_279' title='bbox 2407 3116 2794 3186; x_wconf 88' lang='lat' dir='ltr'>Christinae</span> 
     </span>
     <span class='ocr_line' id='line_1_33' title="bbox 231 3205 2788 3297; baseline 0 -24"><span class='ocrx_word' id='word_1_280' title='bbox 231 3206 459 3276; x_wconf 88' lang='lat' dir='ltr'>verbis</span> <span class='ocrx_word' id='word_1_281' title='bbox 528 3207 935 3275; x_wconf 81' lang='lat' dir='ltr'>confirmata</span> <span class='ocrx_word' id='word_1_282' title='bbox 1009 3205 1394 3297; x_wconf 86' lang='lat' dir='ltr'>Lutgardis,</span> <span class='ocrx_word' id='word_1_283' title='bbox 1449 3206 1536 3275; x_wconf 89' lang='lat' dir='ltr'>ad</span> <span class='ocrx_word' id='word_1_284' title='bbox 1599 3208 1833 3276; x_wconf 90' lang='lat' dir='ltr'>omnia</span> <span class='ocrx_word' id='word_1_285' title='bbox 1882 3219 2193 3297; x_wconf 88' lang='lat' dir='ltr'>paratam</span> <span class='ocrx_word' id='word_1_286' title='bbox 2256 3229 2328 3277; x_wconf 89' lang='lat' dir='ltr'>se</span> <span class='ocrx_word' id='word_1_287' title='bbox 2376 3207 2594 3287; x_wconf 86' lang='lat' dir='ltr'>offert,</span> <span class='ocrx_word' id='word_1_288' title='bbox 2664 3228 2788 3296; x_wconf 89' lang='lat' dir='ltr'>pa-</span> 
     </span>
     <span class='ocr_line' id='line_1_34' title="bbox 231 3295 2792 3385; baseline 0 -23"><span class='ocrx_word' id='word_1_289' title='bbox 231 3314 527 3381; x_wconf 88' lang='lat' dir='ltr'>rensque</span> <span class='ocrx_word' id='word_1_290' title='bbox 578 3295 959 3385; x_wconf 89' lang='lat' dir='ltr'>supradicti</span> <span class='ocrx_word' id='word_1_291' title='bbox 1034 3296 1344 3385; x_wconf 87' lang='lat' dir='ltr'>magistri</span> <span class='ocrx_word' id='word_1_292' title='bbox 1401 3296 1695 3365; x_wconf 69' lang='lat' dir='ltr'>‚loannis</span> <span class='ocrx_word' id='word_1_293' title='bbox 1743 3296 2223 3375; x_wconf 88' lang='lat' dir='ltr'>admonitioni,</span> <span class='ocrx_word' id='word_1_294' title='bbox 2294 3295 2649 3383; x_wconf 81' lang='lat' dir='ltr'>Aquiriam</span> <span class='ocrx_word' id='word_1_295' title='bbox 2716 3316 2792 3365; x_wconf 94' lang='lat' dir='ltr'>se</span> 
     </span>
     <span class='ocr_line' id='line_1_35' title="bbox 231 3382 2789 3472; baseline 0.001 -22"><span class='ocrx_word' id='word_1_296' title='bbox 231 3382 524 3453; x_wconf 88' lang='lat' dir='ltr'>contulit</span> <span class='ocrx_word' id='word_1_297' title='bbox 572 3406 848 3453; x_wconf 91' lang='lat' dir='ltr'>summa</span> <span class='ocrx_word' id='word_1_298' title='bbox 886 3384 1104 3454; x_wconf 90' lang='lat' dir='ltr'>animi</span> <span class='ocrx_word' id='word_1_299' title='bbox 1157 3383 1671 3472; x_wconf 88' lang='lat' dir='ltr'>tranquillitate.</span> <span class='ocrx_word' id='word_1_300' title='bbox 1714 3390 1828 3457; x_wconf 89' lang='lat' dir='ltr'>Est</span> <span class='ocrx_word' id='word_1_301' title='bbox 1866 3407 2023 3455; x_wconf 88' lang='lat' dir='ltr'>vero</span> <span class='ocrx_word' id='word_1_302' title='bbox 2075 3385 2570 3454; x_wconf 90' lang='lat' dir='ltr'>monasterium</span> <span class='ocrx_word' id='word_1_303' title='bbox 2607 3382 2789 3453; x_wconf 89' lang='lat' dir='ltr'>illud</span> 
     </span>
     <span class='ocr_line' id='line_1_36' title="bbox 231 3471 2860 3565; baseline 0 -26"><span class='ocrx_word' id='word_1_304' title='bbox 231 3471 302 3539; x_wconf 91' lang='lat' dir='ltr'>in</span> <span class='ocrx_word' id='word_1_305' title='bbox 356 3473 560 3541; x_wconf 87' lang='lat' dir='ltr'>Ducis</span> <span class='ocrx_word' id='word_1_306' title='bbox 593 3473 999 3542; x_wconf 90' lang='lat' dir='ltr'>Brabantiae</span> <span class='ocrx_word' id='word_1_307' title='bbox 1051 3475 1351 3563; x_wconf 86' lang='lat' dir='ltr'>regione.</span> <span class='ocrx_word' id='word_1_308' title='bbox 1414 3474 1539 3543; x_wconf 88' lang='lat' dir='ltr'>Ubi</span> <span class='ocrx_word' id='word_1_309' title='bbox 1589 3485 1817 3543; x_wconf 89' lang='lat' dir='ltr'>autem</span> <span class='ocrx_word' id='word_1_310' title='bbox 1871 3473 1940 3542; x_wconf 94' lang='lat' dir='ltr'>id</span> <span class='ocrx_word' id='word_1_311' title='bbox 1977 3474 2403 3543; x_wconf 88' lang='lat' dir='ltr'>resciverunt</span> <span class='ocrx_word' id='word_1_312' title='bbox 2450 3472 2789 3543; x_wconf 89' lang='lat' dir='ltr'>moniales</span> <span class='ocrx_word' id='word_1_313' title='bbox 2841 3552 2860 3565; x_wconf 86' lang='lat'>.</span> 
     </span>
     <span class='ocr_line' id='line_1_37' title="bbox 232 3560 2791 3652; baseline 0 -23"><span class='ocrx_word' id='word_1_314' title='bbox 232 3565 299 3629; x_wconf 91' lang='lat' dir='ltr'>S.</span> <span class='ocrx_word' id='word_1_315' title='bbox 357 3560 785 3642; x_wconf 82' lang='lat' dir='ltr'>Catharinae,</span> <span class='ocrx_word' id='word_1_316' title='bbox 842 3585 1118 3633; x_wconf 92' lang='lat' dir='ltr'>summo</span> <span class='ocrx_word' id='word_1_317' title='bbox 1150 3563 1382 3632; x_wconf 90' lang='lat' dir='ltr'>dolore</span> <span class='ocrx_word' id='word_1_318' title='bbox 1417 3563 1699 3632; x_wconf 88' lang='lat' dir='ltr'>affectae</span> <span class='ocrx_word' id='word_1_319' title='bbox 1734 3577 1933 3635; x_wconf 91' lang='lat' dir='ltr'>sunt:</span> <span class='ocrx_word' id='word_1_320' title='bbox 2035 3562 2172 3633; x_wconf 90' lang='lat' dir='ltr'>uod</span> <span class='ocrx_word' id='word_1_321' title='bbox 2213 3583 2371 3632; x_wconf 90' lang='lat' dir='ltr'>cum</span> <span class='ocrx_word' id='word_1_322' title='bbox 2426 3560 2791 3652; x_wconf 86' lang='lat' dir='ltr'>Lutgardis</span> 
     </span>
     <span class='ocr_line' id='line_1_38' title="bbox 228 3585 2790 3752; baseline 0 -34"><span class='ocrx_word' id='word_1_323' title='bbox 228 3671 380 3719; x_wconf 91' lang='lat' dir='ltr'>com</span> <span class='ocrx_word' id='word_1_324' title='bbox 436 3650 701 3731; x_wconf 82' lang='lat' dir='ltr'>erisset,</span> <span class='ocrx_word' id='word_1_325' title='bbox 742 3651 1100 3722; x_wconf 88' lang='lat' dir='ltr'>condoluit</span> <span class='ocrx_word' id='word_1_326' title='bbox 1139 3652 1262 3732; x_wconf 87' lang='lat' dir='ltr'>eis,</span> <span class='ocrx_word' id='word_1_327' title='bbox 1307 3652 1730 3739; x_wconf 82' lang='lat' dir='ltr'>Dominoque</span> <span class='ocrx_word' id='word_1_328' title='bbox 1780 3674 1904 3742; x_wconf 90' lang='lat' dir='ltr'>pro</span> <span class='ocrx_word' id='word_1_329' title='bbox 1958 3585 2099 3721; x_wconf 64' lang='lat' dir='ltr'>iilis</span> <span class='ocrx_word' id='word_1_330' title='bbox 2148 3650 2500 3752; x_wconf 89' lang='lat' dir='ltr'>supplices</span> <span class='ocrx_word' id='word_1_331' title='bbox 2549 3672 2790 3740; x_wconf 90' lang='lat' dir='ltr'>preces</span> 
     </span>
     <span class='ocr_line' id='line_1_39' title="bbox 226 3739 2791 3832; baseline 0 -26"><span class='ocrx_word' id='word_1_332' title='bbox 226 3739 497 3809; x_wconf 87' lang='lat' dir='ltr'>obtuit.</span> <span class='ocrx_word' id='word_1_333' title='bbox 555 3742 789 3810; x_wconf 91' lang='lat' dir='ltr'>Oranti</span> <span class='ocrx_word' id='word_1_334' title='bbox 839 3755 1065 3810; x_wconf 91' lang='lat' dir='ltr'>autem</span> <span class='ocrx_word' id='word_1_335' title='bbox 1116 3741 1444 3832; x_wconf 91' lang='lat' dir='ltr'>apparuit</span> <span class='ocrx_word' id='word_1_336' title='bbox 1490 3741 1891 3810; x_wconf 87' lang='lat' dir='ltr'>beatissima</span> <span class='ocrx_word' id='word_1_337' title='bbox 1941 3745 2149 3810; x_wconf 87' lang='lat' dir='ltr'>Mater</span> <span class='ocrx_word' id='word_1_338' title='bbox 2199 3744 2354 3821; x_wconf 83' lang='lat' dir='ltr'>Dei,</span> <span class='ocrx_word' id='word_1_339' title='bbox 2419 3750 2791 3829; x_wconf 88' lang='lat' dir='ltr'>congratu-</span> 
     </span>
     <span class='ocr_line' id='line_1_40' title="bbox 226 3827 2790 3920; baseline 0 -25"><span class='ocrx_word' id='word_1_340' title='bbox 226 3827 641 3915; x_wconf 90' lang='lat' dir='ltr'>labaturque</span> <span class='ocrx_word' id='word_1_341' title='bbox 687 3830 773 3909; x_wconf 92' lang='lat' dir='ltr'>ei,</span> <span class='ocrx_word' id='word_1_342' title='bbox 812 3831 997 3916; x_wconf 87' lang='lat' dir='ltr'>quod</span> <span class='ocrx_word' id='word_1_343' title='bbox 1040 3830 1543 3900; x_wconf 89' lang='lat' dir='ltr'>monasterium</span> <span class='ocrx_word' id='word_1_344' title='bbox 1584 3842 1649 3898; x_wconf 92' lang='lat' dir='ltr'>et</span> <span class='ocrx_word' id='word_1_345' title='bbox 1681 3829 2008 3899; x_wconf 87' lang='lat' dir='ltr'>Ordinem</span> <span class='ocrx_word' id='word_1_346' title='bbox 2060 3829 2197 3919; x_wconf 92' lang='lat' dir='ltr'>ipsi</span> <span class='ocrx_word' id='word_1_347' title='bbox 2245 3828 2636 3920; x_wconf 90' lang='lat' dir='ltr'>specialiter</span> <span class='ocrx_word' id='word_1_348' title='bbox 2668 3827 2790 3897; x_wconf 88' lang='lat' dir='ltr'>ad-</span> 
     </span>
     <span class='ocr_line' id='line_1_41' title="bbox 224 3916 2790 4009; baseline 0 -24"><span class='ocrx_word' id='word_1_349' title='bbox 224 3916 489 3987; x_wconf 91' lang='lat' dir='ltr'>dictum</span> <span class='ocrx_word' id='word_1_350' title='bbox 540 3918 899 4009; x_wconf 86' lang='lat' dir='ltr'>complexa</span> <span class='ocrx_word' id='word_1_351' title='bbox 965 3934 1187 4000; x_wconf 86' lang='lat' dir='ltr'>esset,</span> <span class='ocrx_word' id='word_1_352' title='bbox 1245 3918 1825 4009; x_wconf 89' lang='lat' dir='ltr'>promittebatque</span> <span class='ocrx_word' id='word_1_353' title='bbox 1874 3941 1945 3987; x_wconf 90' lang='lat' dir='ltr'>se</span> <span class='ocrx_word' id='word_1_354' title='bbox 1996 3918 2491 3988; x_wconf 87' lang='lat' dir='ltr'>monasterium</span> <span class='ocrx_word' id='word_1_355' title='bbox 2546 3923 2610 3987; x_wconf 91' lang='lat' dir='ltr'>S.</span> <span class='ocrx_word' id='word_1_356' title='bbox 2668 3920 2790 3985; x_wconf 89' lang='lat' dir='ltr'>Ca-</span> 
     </span>
     <span class='ocr_line' id='line_1_42' title="bbox 227 4003 2789 4099; baseline 0 -26"><span class='ocrx_word' id='word_1_357' title='bbox 227 4006 588 4087; x_wconf 88' lang='lat' dir='ltr'>tharinae,</span> <span class='ocrx_word' id='word_1_358' title='bbox 648 4022 927 4098; x_wconf 85' lang='lat' dir='ltr'>propter</span> <span class='ocrx_word' id='word_1_359' title='bbox 990 4009 1215 4098; x_wconf 88' lang='lat' dir='ltr'>ipsius</span> <span class='ocrx_word' id='word_1_360' title='bbox 1282 4029 1550 4098; x_wconf 81' lang='lat' dir='ltr'>preceS,</span> <span class='ocrx_word' id='word_1_361' title='bbox 1617 4020 1684 4076; x_wconf 93' lang='lat' dir='ltr'>et</span> <span class='ocrx_word' id='word_1_362' title='bbox 1734 4007 2202 4099; x_wconf 89' lang='lat' dir='ltr'>temporaliter</span> <span class='ocrx_word' id='word_1_363' title='bbox 2254 4020 2318 4078; x_wconf 91' lang='lat' dir='ltr'>et</span> <span class='ocrx_word' id='word_1_364' title='bbox 2386 4003 2789 4098; x_wconf 89' lang='lat' dir='ltr'>spiritaliter</span> 
     </span>
     <span class='ocr_line' id='line_1_43' title="bbox 228 4110 731 4184; baseline 0.002 -21"><span class='ocrx_word' id='word_1_365' title='bbox 228 4110 731 4184; x_wconf 90' lang='lat' dir='ltr'>promoturam.</span> 
     </span>
    </p>

    <p class='ocr_par' dir='ltr' id='par_1_4' title="bbox 227 4185 2787 4544">
     <span class='ocr_line' id='line_1_44' title="bbox 314 4185 2787 4275; baseline -0.001 -18"><span class='ocrx_word' id='word_1_366' title='bbox 314 4185 546 4269; x_wconf 51' lang='lat'>§12</span> <span class='ocrx_word' id='word_1_367' title='bbox 603 4191 769 4255; x_wconf 85' lang='lat' dir='ltr'>Cum</span> <span class='ocrx_word' id='word_1_368' title='bbox 823 4200 1052 4256; x_wconf 90' lang='lat' dir='ltr'>autem</span> <span class='ocrx_word' id='word_1_369' title='bbox 1105 4186 1287 4256; x_wconf 86' lang='lat' dir='ltr'>fama</span> <span class='ocrx_word' id='word_1_370' title='bbox 1348 4186 1678 4255; x_wconf 87' lang='lat' dir='ltr'>virtutum</span> <span class='ocrx_word' id='word_1_371' title='bbox 1747 4185 2112 4275; x_wconf 89' lang='lat' dir='ltr'>Lutgardis</span> <span class='ocrx_word' id='word_1_372' title='bbox 2186 4186 2495 4272; x_wconf 89' lang='lat' dir='ltr'>undique</span> <span class='ocrx_word' id='word_1_373' title='bbox 2560 4186 2787 4255; x_wconf 91' lang='lat' dir='ltr'>incre-</span> 
     </span>
     <span class='ocr_line' id='line_1_45' title="bbox 227 4274 2784 4365; baseline 0.001 -24"><span class='ocrx_word' id='word_1_374' title='bbox 227 4284 468 4351; x_wconf 88' lang='lat' dir='ltr'>sceret,</span> <span class='ocrx_word' id='word_1_375' title='bbox 524 4296 697 4343; x_wconf 90' lang='lat' dir='ltr'>nova</span> <span class='ocrx_word' id='word_1_376' title='bbox 748 4275 1163 4345; x_wconf 88' lang='lat' dir='ltr'>monasteria</span> <span class='ocrx_word' id='word_1_377' title='bbox 1198 4274 1268 4343; x_wconf 89' lang='lat' dir='ltr'>in</span> <span class='ocrx_word' id='word_1_378' title='bbox 1302 4274 1542 4344; x_wconf 85' lang='lat' dir='ltr'>Galliis</span> <span class='ocrx_word' id='word_1_379' title='bbox 1584 4275 2167 4345; x_wconf 89' lang='lat' dir='ltr'>construebantur</span> <span class='ocrx_word' id='word_1_380' title='bbox 2201 4296 2377 4361; x_wconf 88' lang='lat' dir='ltr'>quae</span> <span class='ocrx_word' id='word_1_381' title='bbox 2428 4275 2485 4341; x_wconf 92' lang='lat' dir='ltr'>si</span> <span class='ocrx_word' id='word_1_382' title='bbox 2527 4274 2625 4343; x_wconf 86' lang='lat' dir='ltr'>vel</span> <span class='ocrx_word' id='word_1_383' title='bbox 2665 4297 2784 4365; x_wconf 88' lang='lat' dir='ltr'>pa-</span> 
     </span>
     <span class='ocr_line' id='line_1_46' title="bbox 228 4363 2783 4451; baseline 0 -20"><span class='ocrx_word' id='word_1_384' title='bbox 228 4382 386 4431; x_wconf 90' lang='lat' dir='ltr'>rum</span> <span class='ocrx_word' id='word_1_385' title='bbox 437 4363 701 4449; x_wconf 88' lang='lat' dir='ltr'>aliquid</span> <span class='ocrx_word' id='word_1_386' title='bbox 753 4364 1009 4433; x_wconf 85' lang='lat' dir='ltr'>Gallice</span> <span class='ocrx_word' id='word_1_387' title='bbox 1056 4363 1435 4443; x_wconf 90' lang='lat' dir='ltr'>didicisset,</span> <span class='ocrx_word' id='word_1_388' title='bbox 1483 4364 1735 4433; x_wconf 90' lang='lat' dir='ltr'>mirum</span> <span class='ocrx_word' id='word_1_389' title='bbox 1780 4363 1851 4434; x_wconf 90' lang='lat' dir='ltr'>in</span> <span class='ocrx_word' id='word_1_390' title='bbox 1898 4363 2180 4433; x_wconf 91' lang='lat' dir='ltr'>modum</span> <span class='ocrx_word' id='word_1_391' title='bbox 2216 4384 2364 4432; x_wconf 90' lang='lat' dir='ltr'>eam</span> <span class='ocrx_word' id='word_1_392' title='bbox 2418 4363 2552 4434; x_wconf 91' lang='lat' dir='ltr'>sibi</span> <span class='ocrx_word' id='word_1_393' title='bbox 2586 4385 2783 4451; x_wconf 90' lang='lat' dir='ltr'>prae-</span> 
     </span>
     <span class='ocr_line' id='line_1_47' title="bbox 228 4450 2781 4544; baseline -0.001 -23"><span class='ocrx_word' id='word_1_394' title='bbox 228 4450 344 4521; x_wconf 83' lang='lat' dir='ltr'>fici</span> <span class='ocrx_word' id='word_1_395' title='bbox 384 4452 782 4542; x_wconf 87' lang='lat' dir='ltr'>cupiebant.</span> <span class='ocrx_word' id='word_1_396' title='bbox 832 4454 956 4522; x_wconf 90' lang='lat' dir='ltr'>Ubi</span> <span class='ocrx_word' id='word_1_397' title='bbox 995 4474 1073 4522; x_wconf 90' lang='lat' dir='ltr'>ea</span> <span class='ocrx_word' id='word_1_398' title='bbox 1123 4452 1191 4521; x_wconf 87' lang='lat' dir='ltr'>id</span> <span class='ocrx_word' id='word_1_399' title='bbox 1244 4453 1585 4544; x_wconf 81' lang='lat' dir='ltr'>cognovit,</span> <span class='ocrx_word' id='word_1_400' title='bbox 1624 4452 1922 4523; x_wconf 86' lang='lat' dir='ltr'>multum</span> <span class='ocrx_word' id='word_1_401' title='bbox 1963 4452 2340 4534; x_wconf 85' lang='lat' dir='ltr'>exhorruit,</span> <span class='ocrx_word' id='word_1_402' title='bbox 2379 4452 2781 4541; x_wconf 85' lang='lat' dir='ltr'>rogavitque</span> 
     </span>
    </p>
   </div>
  </div>
 </body>
</html>
