3357 4995
626 331 750 395 ⁴24
1203 342 1284 393 na
1330 346 1388 393 s,
1443 344 1777 394 nomn-acio
1824 343 2027 397 arxsc,
2078 346 2157 393 m·
2205 347 2394 394 nar.
2605 309 2610 312 Δ
2767 326 2990 393 JUNII
3045 331 3089 393 ὅ

535 432 874 519 illumque
943 430 1124 522 apud
1178 451 1249 499 se
1296 429 1419 499 diu
1468 430 1857 500 retinerent.
1931 435 2097 500 Cum
2147 442 2374 500 autem
2437 428 2790 500 discedere
2839 428 3086 511 vellet,

538 521 947 591 muneribus
993 532 1059 588 et
1091 517 1402 605 reliquiis
1436 531 1857 598 sanctorum,
1898 539 2377 606 quascumque
2408 518 2622 609 petiit,
2677 541 2717 587 a
2756 518 3097 588 Pontifice

538 609 910 679 liberaliter
968 621 1033 678 et
1080 606 1458 676 honorifice
1505 606 1804 678 donatus
1852 620 1997 677 est:
2052 608 2391 694 quasdam
2440 608 2644 678 etiam
2703 606 2790 675 ab
2839 607 3094 677 eodem

537 697 861 799 epistolas
921 696 1006 766 ad
1057 696 1452 786 Episcopos,
1506 696 1796 766 Abbates
1861 709 1926 766 et
1990 718 2230 767 omnes
2280 696 2684 766 Germaniae
2733 696 3098 786 principes

540 809 698 857 acce
752 799 826 855 1t.

627 880 663 963 ξ
707 810 858 950 9211.
915 874 1151 945 Literis
1185 873 1538 962 Pontificis
1578 875 1957 945 instructus
1990 873 2406 953 BonifaciuS,
2445 876 2657 943 Roma
2708 872 3029 942 discessit
3063 928 3079 951 ,

541 964 993 1051 Ticinumque
1059 963 1380 1040 veniens,
1452 960 1636 1051 apud
1699 984 1929 1055 regem
1992 967 2126 1031 Lon
2183 960 2597 1032 obardorum
2665 960 3093 1047 aliquandiu

538 1066 848 1123 moratus
878 1064 998 1122 est.
1037 1056 1243 1120 Porro
1276 1049 1437 1132 inde
1485 1049 1834 1127 recedens,
1887 1052 1975 1119 ab
2029 1051 2129 1119 Uti
2162 1073 2291 1119 one
2331 1055 2508 1120 Duce
2562 1050 2913 1130 invitatus,
2955 1054 3092 1118 Ba-

530 1142 913 1231 =ioariorum
982 1153 1197 1209 terras
1247 1139 1565 1218 visitavit,
1614 1141 2004 1225 mansitque
2043 1139 2225 1228 apud
2285 1138 2438 1208 illos
2501 1139 2747 1207 diebus
2809 1137 3080 1218 multiS,

541 1229 823 1299 verbum
860 1229 972 1296 Dei
1021 1227 1453 1318 praedicans,
1496 1248 1828 1314 veraeque
1867 1227 2028 1296 fidei
2063 1239 2491 1296 sacramenta
2536 1226 2681 1296 illic
2716 1228 3080 1296 renovans.

541 1323 724 1388 Inter
781 1338 957 1403 quae
1005 1316 1209 1400 etiam
1266 1314 1604 1402 quosdam
1666 1316 2114 1386 ecclesiarum
2179 1316 2639 1385 destructores
2700 1328 2763 1384 et
2832 1315 3078 1405 populi

540 1427 886 1476 eversores
920 1405 1330 1495 profligavit,
1369 1425 1404 1472 e
1437 1404 1696 1491 quibus
1725 1403 1843 1474 alil
1877 1405 2250 1495 Episcopos
2277 1425 2347 1473 se
2389 1404 2923 1483 mentiebantur,
2961 1403 3085 1473 alii

544 1494 947 1584 presbyterii
1001 1493 1457 1563 ministerium
1511 1493 1641 1563 sibi
1692 1493 2170 1583 usurpabant.
2238 1505 2442 1580 atque
2507 1492 2626 1561 alii
2689 1492 2824 1561 alia
2877 1492 3087 1561 innu-

541 1605 729 1652 mera
791 1581 1100 1671 improbe
1150 1581 1509 1670 fingentes,
1557 1603 1803 1672 magna
1855 1603 1934 1650 ex
1989 1594 2179 1672 parte
2236 1580 2570 1672 populum
2639 1581 3080 1673 seduxerant.

542 1672 668 1741 Sed
718 1692 876 1741 cum
927 1685 1183 1739 tantam
1227 1672 1656 1739 sacerdotum
1710 1669 2055 1740 fallaciam
2107 1683 2308 1757 atque
2351 1670 2686 1739 malitiam
2720 1670 2919 1738 aliter
2968 1692 3086 1737 ar-

539 1761 680 1830 ceri
711 1780 845 1830 non
888 1780 1085 1848 posse
1119 1771 1446 1837 cerneret,
1486 1759 1834 1847 Bajoariae
1886 1760 2335 1850 provinciam,
2380 1758 2643 1827 Utilone
2691 1763 2872 1828 Duce
2921 1779 3089 1827 con-

543 1850 897 1928 sentiente,
953 1849 1019 1916 in
1069 1859 1364 1933 quatuor
1414 1848 1764 1937 paroecias
1794 1846 2170 1928 distribuit,
2206 1848 2443 1933 eisque
2484 1846 2910 1916 treseximia
2948 1847 3087 1915 vir-

542 1948 685 2006 tute
734 1938 913 2007 viros
962 1934 1305 2025 praefecit,
1358 1957 1517 2005 cum
1568 1957 1683 2005 eos
1733 1936 1926 2025 prius
1973 1937 2332 2025 episcopos
2380 1936 2786 2005 ordinasset.
2824 1940 2916 2004 Ex
2969 1936 3081 2006 his

543 2026 812 2115 primus
856 2024 989 2096 fuit
1032 2032 1375 2105 Joannes,
1447 2045 1653 2110 quem
1703 2024 1917 2094 voluit
1967 2024 2514 2114 Salisburgensis
2562 2023 2800 2113 oppidi
2850 2024 3085 2094 cathe-

541 2114 736 2182 dram
788 2114 1116 2183 obtinere.
1154 2112 1331 2182 Alter
1379 2113 1804 2183 Erimbertus
1831 2113 1949 2200 qui
1994 2113 2413 2204 Frisingensi
2442 2112 2782 2181 Ecclesiae
2819 2112 3090 2201 praefe-

544 2215 697 2272 ctus
745 2215 868 2272 est.
906 2204 1170 2272 Tertius
1220 2200 1656 2272 Gowiboldus
1707 2203 2121 2291 Ratisponae
2169 2222 2348 2288 quae
2394 2217 2495 2272 est
2543 2199 2892 2290 Bajoariae
2927 2207 3090 2284 (Ba-

543 2294 806 2374 vart'ae)
842 2290 1261 2381 metropoliS,
1301 2290 1584 2360 antistes
1636 2290 1989 2359 institutus
2020 2302 2143 2359 est.
2189 2289 2449 2359 Vivilus
2480 2311 2659 2369 vero,
2698 2311 2736 2357 a
2766 2291 3090 2360 Praesule

545 2379 925 2469 Apostolico
965 2381 1112 2470 jam
1161 2379 1546 2459 ordinatus,
1603 2379 1982 2447 Pataviensi
2030 2378 2382 2467 (Passau)
2429 2376 2769 2447 Ecclesiae
2816 2378 3089 2467 episco-

590 2491 676 2538 us
724 2468 928 2539 datus
973 2481 1109 2537 est:
1165 2467 1280 2536 sed
1331 2469 1484 2556 ejus
1534 2468 1848 2558 paroecia
1896 2488 2076 2553 quae
2121 2479 2368 2554 quarta
2429 2480 2613 2547 erat,
2668 2488 2707 2536 a
2759 2471 2824 2536 S.
2881 2468 3087 2537 Boni·

569 2558 717 2626 acio
750 2558 967 2626 instar
1014 2557 1309 2625 aliarum
1359 2557 1579 2626 divisa
1629 2569 1755 2625 est.
1793 2559 1912 2625 His
1951 2578 2114 2647 ergo
2172 2557 2416 2646 Episco
2471 2558 2529 2627 is
2578 2557 2671 2625 ita
2721 2556 3082 2637 institutiS,

541 2648 1001 2733 correctisque
1047 2647 1133 2714 iis
1181 2666 1359 2731 quae
1407 2646 1474 2712 in
1526 2645 1836 2730 Baioaria
1882 2644 2361 2734 emendatione
2452 2646 2613 2746 igna
2642 2644 3082 2726 videbantur,

543 2735 627 2803 ad
671 2757 833 2803 suas
884 2734 1220 2804 Ecclesias
1269 2756 1340 2802 se
1390 2735 1681 2823 recepit:
1738 2756 1862 2802 nec
1908 2735 2031 2802 diu
2082 2748 2233 2823 post
2270 2755 2448 2821 quae
2483 2756 2550 2802 in
2580 2733 2889 2823 Bajoaria
2930 2757 3087 2824 ges-

542 2824 764 2901 sisset,
805 2828 1111 2892 Romano
1161 2822 1472 2891 Pontifici
1508 2840 1627 2912 per
1658 2823 1889 2891 literas
1922 2822 2273 2891 indicavit.
2551 2836 2555 2841 ’

636 2920 672 2991 ἓ
725 2916 885 2980 22.
938 2916 1028 2979 Ea
1060 2924 1458 3001 tempestate
1505 2933 1661 2980 cum
1700 2911 1979 2980 Carolus
2013 2916 2157 2980 Dux
2186 2910 2698 2999 inclytus.1vitae
2733 2933 2899 2980 suae
2924 2933 3090 2980 cur-

547 3021 703 3068 sum
752 2999 1107 3088 exegisset,
1148 3011 1213 3068 et
1253 2999 1375 3068 filii
1425 3000 1574 3086 ejus
1609 2999 2151 3069 Carolomannus
2198 3013 2265 3067 et
2313 2999 2596 3087 Pipinus
2643 2999 2704 3067 ei
2734 3020 2880 3081 xceu
2908 3003 3090 3088 patri

542 3087 1034 3158 successissent
1094 3088 1159 3155 in
1225 3089 1540 3178 imperio,
1586 3108 1744 3156 cum
1790 3087 1873 3156 ad
1929 3101 2174 3157 nutum
2228 3086 2704 3156 carolomanni
2756 3088 2876 3175 qui
2935 3105 3084 3157 erat

541 3177 764 3265 maj0r
813 3188 1001 3256 natu,
1040 3177 1272 3245 omnia
1324 3177 1589 3265 paterni
1640 3177 1832 3266 regni
1871 3177 2030 3264 jura
2082 3176 2638 3266 disponerentur,
2698 3181 2762 3245 S.
2811 3176 3086 3246 Bonifa-

544 3265 694 3334 cius
733 3285 891 3333 eum
941 3266 1249 3345 accessit,
1292 3278 1357 3333 et
1405 3264 1771 3355 Apostolici
1825 3264 2163 3335 Praesulis
2193 3265 2448 3354 scripta
2497 3265 2813 3343 offerens,
2855 3265 3086 3337 modis

544 3353 868 3422 omnibus
917 3354 1129 3442 petiit,
1165 3366 1242 3422 ut
1287 3354 1711 3422 Christianae
1742 3352 2095 3444 religionis
2143 3353 2436 3433 cultum,
2471 3374 2676 3440 quem
2714 3365 2903 3443 pater
2931 3355 3084 3441 eius

543 3443 775 3511 animo
827 3442 1342 3532 promptissimo
1392 3441 1782 3511 inchoasset
1839 3457 1903 3510 et
1952 3442 2392 3523 exercuisset,
2442 3442 2590 3531 ipse
2648 3463 2924 3529 quoque
2969 3445 3086 3512 Dei

543 3551 797 3611 amore,
833 3544 904 3605 et
945 3531 1139 3621 regni
1172 3530 1280 3600 sui
1332 3528 1818 3609 stabilimento,
1865 3542 2067 3617 atque
2120 3551 2241 3619 pro
2270 3530 2584 3600 omnium
2649 3530 2779 3620 ipsi
2811 3586 2814 3587 f
2845 3532 3083 3601 sub‘e·

542 3630 810 3688 ctorum
872 3619 1137 3698 salute,
1201 3617 1438 3687 eadem
1503 3617 1976 3688 benevolentia
2042 3631 2591 3708 prosequeretur.
2646 3619 2916 3702 Quibus
2966 3620 3083 3690 ile

542 3708 768 3777 verbis
799 3707 985 3776 haud
1035 3707 1231 3776 aliter
1277 3719 1483 3792 atque
1513 3706 1747 3776 divino
1796 3707 2079 3799 oraculo
2113 3721 2464 3797 permotus
2491 3722 2554 3776 et
2580 3722 3068 3798 compunctus,

541 3817 780 3865 omnes
829 3817 992 3866 suae
1032 3795 1313 3864 ditionis
1353 3795 1690 3876 homineS,
1731 3810 1874 3865 tum
1904 3796 2212 3875 clericos,
2255 3811 2396 3865 tum
2431 3797 2642 3866 laicos
2667 3797 2785 3882 qui
2818 3818 2860 3865 a
2889 3798 3081 3865 Chri-

542 3883 761 3953 stiana
797 3883 1129 3974 religione
1176 3883 1630 3964 deflexissent,
1670 3896 1808 3953 tam
1846 3885 2032 3974 regia
2060 3905 2269 3971 quam
2304 3885 2639 3954 canonica
2677 3885 3082 3954 auctoritate

542 3972 623 4041 ad
673 3975 849 4041 viam
900 3972 1212 4061 justitiae
1261 3994 1575 4042 revocare
1622 3972 1920 4043 studuit:
1964 3973 2312 4062 jussitque
2371 3987 2445 4043 ut
2491 3988 2723 4043 coacta
2773 3973 3074 4062 Synodo,

539 4062 773 4129 omnia
820 4060 905 4129 ad
957 4065 1308 4130 Canonum
1362 4061 1864 4152 praescriptum
1901 4061 2433 4149 corrigerentur.

629 4152 664 4235 ξ
698 4152 855 4219 528.
891 4152 1069 4218 Haec
1098 4148 1449 4238 religionis
1479 4149 1749 4220 decreta
1780 4150 1920 4220 sive
1951 4163 2225 4231 statuta,
2263 4172 2303 4220 a
2337 4149 2702 4239 neophytis
2729 4150 2862 4238 (sic
2890 4153 3078 4221 enim

539 4248 777 4306 auctor
808 4236 1142 4325 loquitur)
1175 4238 1609 4329 Principibus
1645 4251 1811 4307 tunc
1854 4238 2311 4329 promulgata,
2358 4239 2416 4307 si
2445 4238 2890 4307 conserantur
2917 4262 3079 4309 cum

539 4325 629 4395 iis
678 4324 971 4416 legibuS,
1012 4346 1186 4412 quas
1235 4326 1437 4396 hodie
1468 4326 1780 4396 condunt
1813 4341 2105 4397 rectores
2155 4327 2466 4414 quidam,
2502 4349 2542 4396 a
2592 4327 2841 4396 teneris
2875 4329 3084 4398 annis

537 4414 851 4500 usquein
875 4426 1290 4485 senectutem
1325 4416 1516 4485 omni
1556 4415 1941 4485 Christiana
1967 4414 2340 4506 disciplina
2371 4415 2620 4486 imbuti
2643 4427 2708 4486 et
2735 4416 3083 4497 instructi,
