3357 4995
710 306 837 372 ⁴46
1443 320 1524 370 nn
1572 323 1627 370 s.
1685 322 1997 370 cunvaLo
2044 318 2342 370 Episcopo
2853 305 3076 371 JUNII
3121 308 3176 371 6

619 408 707 478 ad
760 430 1011 495 eosque
1076 420 1462 497 praesentes
1517 406 2152 478 luculentissimum
2206 428 2598 477 sermonem
2646 406 2912 489 habuit,
2972 408 3178 479 blan-

617 497 865 583 disque
932 517 1047 566 eos
1119 496 1708 568 exhortationibus
1784 496 2128 577 instituit,
2199 509 2276 565 ut
2349 516 2706 582 nunquam
2779 497 3166 584 quicquam

617 585 852 654 divino
906 585 1124 654 amori
1171 596 1687 675 anteponerent,
1761 596 2011 654 cuncta
2077 584 2320 676 mundi
2390 585 2600 674 hujus
2662 584 3176 655 oblectamenta

616 695 782 764 prae
845 673 1185 743 desiderio
1243 688 1311 744 et
1356 695 1590 743 amore
1645 684 2081 743 aeternorum
2151 672 2354 762 plane
2418 684 2962 755 contemnerent,
3037 696 3176 743 nec

613 763 983 850 quicquam
1034 762 1334 832 abitione
1382 785 1508 831 sua
1573 760 1906 831 dolerent.
1961 767 2269 848 Cumque
2313 783 2448 831 eos.
2495 773 2807 832 cerneret
2859 762 3176 838 ubertim

612 851 701 920 ab
747 851 969 921 oculis
1016 851 1482 940 lacrymarum
1518 850 1778 921 rivulos
1824 849 2137 932 fundere,
2193 863 2422 921 motus
2473 849 2975 931 misericordia,
3021 873 3175 939 qua

613 939 832 1010 multa
881 961 1153 1029 semper
1199 938 1554 1029 praeditus
1601 937 1752 1021 fuit,
1815 952 2098 1030 accepta
2144 940 2232 1010 ab
2265 939 2594 1010 omnibus
2635 961 2827 1031 pace,
2883 939 2970 1009 ad
3022 940 3176 1010 cel-

613 1027 957 1099 lulaseos
1004 1027 1293 1109 remisit,
1356 1039 1704 1115 totamque
1752 1041 2148 1116 sequentem
2215 1040 2484 1102 noctem
2533 1029 2857 1118 precibus
2909 1029 3165 1130 exegit.

613 1121 867 1200 Quarto
900 1138 1057 1187 vero
1089 1115 1200 1185 die
1239 1116 1308 1185 in
1357 1117 1733 1187 oratorium
1786 1116 2089 1197 venienS,
2144 1129 2657 1187 sacramentum
2697 1116 3170 1207 poenitentiae

610 1219 679 1275 et
724 1217 1241 1276 sacrosanctum
1291 1204 1538 1275 Christi
1576 1228 1829 1296 corpus
1884 1227 2137 1296 magno
2170 1203 2638 1295 lacrymarum
2678 1205 3001 1295 perfusus
3028 1206 3173 1276 im—

612 1294 735 1364 bre
781 1294 1123 1385 singulari
1170 1294 1526 1364 devo'tione
1574 1315 1774 1384 perce
1829 1295 1900 1364 it.
1951 1299 2166 1382 Atque
2197 1293 2360 1364 inde
2406 1294 2493 1363 ad
2527 1294 2775 1364 cellam
2815 1317 3014 1364 suam
3052 1316 3172 1364 re-

612 1383 887 1464 ductuS,
940 1405 1193 1474 corpus
1241 1404 1444 1453 suum
1510 1405 1644 1452 non
1694 1382 1788 1453 ali
1839 1383 1863 1452 i
1910 1404 2118 1471 quam
2170 1382 2241 1452 in
2293 1382 2711 1453 monasterio
2759 1383 2846 1453 ob
2893 1382 3172 1472 evitan-

612 1471 738 1541 das
785 1471 1031 1542 mundi
1081 1492 1369 1562 pompas
1402 1471 1680 1563 sepeliri
1717 1472 1952 1562 jussit.
1999 1471 2167 1542 Inde
2213 1470 2456 1559 quinto
2497 1471 2610 1541 die
2663 1472 2853 1542 circa
2912 1473 3168 1542 horam

613 1560 753 1629 diei
803 1582 1081 1641 nonam,
1136 1560 1548 1630 incumbens
1594 1561 1665 1629 in
1717 1581 2108 1641 scamnum,
2169 1559 2239 1628 in
2298 1580 2437 1646 quo
2486 1559 2724 1660 legens
2784 1572 3169 1631 aut.orans

612 1647 849 1718 sedere
884 1648 988 1719 vel
1037 1661 1215 1719 stare
1249 1660 1719 1730 consueverat,
1758 1648 2000 1720 erectis
2030 1670 2311 1718 sursum
2347 1648 2677 1731 brach1i5‚
2712 1649 2980 1739 junctis
3017 1671 3168 1719 ma·-

611 1737 844 1818 nibuS,
883 1737 1105 1809 oculis
1164 1739 1234 1806 in
1284 1737 1550 1808 coelum
1600 1737 1870 1818 defixis,
1935 1737 2444 1807 sanctissimam
2496 1737 2807 1808 animam
2857 1736 3169 1807 reddidit

611 1827 931 1895 Creatori.
998 1827 1162 1917 Ejus
1208 1847 1460 1917 corpus
1509 1847 1730 1914 usque
1778 1826 1848 1895 in
1903 1847 2225 1917 praesens
2274 1825 2345 1894 in
2394 1825 2515 1895 illa
2564 1831 2629 1895 S.
2670 1825 2999 1917 ,Eugendi
3046 1848 3169 1896 ec-

611 1913 823 1984 clesia
851 1915 1121 1985 cunctis
1160 1914 1689 1986 adventantibus
1721 1915 2197 2004 incorruptum
2230 1926 2295 1984 et
2325 1914 2671 2004 integrum
2704 1927 3159 1996 monstratur,

610 2002 1012 2161 {gnumleris
1054 2003 1419 2182 {ngraculis
1474 2024 1873 2075 coruscans.
1929 2001 2200 2102 [festum
2250 2003 2402 2093 ejus
2470 2003 2862 2074 celebratur
2921 2016 3164 2074 octavo

694 2113 780 2163 us
868 2114 1017 2161 unu
1087 2116 1183 2162 a.

1217 2327 1453 2492 vm
1520 2390 1596 2490 s,
1667 2388 2152 2491 Gunwffl
2220 2386 2539 2490 Ense.

606 2633 782 2692 QUAM
821 2635 1086 2692 QUIDAM,
1124 2633 1477 2682 SUPPRESSO
1516 2633 1758 2684 NOMINE
1795 2633 1940 2692 SUO,
1976 2632 2199 2682 TRIBUS
2239 2633 2517 2681 LIBELLIS
2555 2631 2957 2681 CONSCRIPSIT
2996 2634 3162 2681 ANTE

686 2739 899 2790 'ANNOS
948 2740 1102 2789 1³1.th
1135 2740 1331 2789 mus
1367 2739 1788 2798 QUINGENTOS.
1844 2739 2158 2788 VITANDAE
2197 2739 2410 2786 Auum
2449 2734 2883 2794 PRQLIXITATIS
2922 2739 3153 2802 CAQSA,

697 2846 864 2896 HANG
912 2847 1307 2895 LAURENTIUS
1355 2847 1583 2894 sumus
1631 2845 1910 2894 sempsl'r
1956 2844 2500 2903 COMPRBHENSIUS,
2557 2845 2755 2892 SALVA
2817 2845 3159 2893 HISTORIAE

692 2954 769 3001 ET
816 2953 1119 3001 VERITATE
1165 2953 1241 3000 ET
1287 2952 1722 3011 IN'I'EGRITATE,
1779 2950 1985 3000 'romu
2032 2951 2160 2999 UNO
2211 2950 2463 2999 LIBELLO
2512 2949 2972 3015 COMRLECTENS.
3024 2952 3160 3000 NA!

693 3059 938 3109 AUCTOR
986 3060 1100 3108 RES
1146 3058 1273 3107 NON
1322 3059 1487 3111 Anno
1535 3058 1780 3107 MULTAS
1829 3058 2055 3119 nim-TIS
2103 3058 2325 3106 VERBIS
2373 3056 2833 3114 PROSEQUITUR·

1169 3235 1445 3293 Floria-it
1484 3238 1761 3293 saecu-lo
1803 3237 1937 3293 vn
1978 3264 2055 3274 —
2094 3236 2252 3293 Nat.
2299 3236 2586 3303 Anglus.

660 3422 727 3509 ’ἓ
773 3428 850 3494 1.
906 3425 1197 3490 Sanctus
1245 3418 1619 3490 Gudwalus
1669 3419 1737 3487 in
1791 3419 2141 3488 Britannia
2176 3430 2369 3490 ortus
2416 3429 2539 3490 est.
2577 3422 2899 3488 Parentes
2937 3429 3004 3487 et
3039 3440 3153 3488 co·

698 3521 845 3580 aios
892 3509 1136 3579 habuit
1181 3508 1452 3600 generis
1520 3507 1874 3577 nobilitate
1945 3507 2277 3598 insignes,
2339 3512 2431 3577 Eo
2486 3520 2716 3577 autem
2777 3519 3144 3587 nascente,

650 3599 872 3667 ivinae
912 3597 1223 3688 justitiae
1252 3596 1640 3667 severitudo
1675 3596 1747 3666 in
1777 3596 2213 3667 clementiam
2247 3608 2508 3666 mutata
2545 3607 2669 3676 est,
2714 3594 3149 3683 cessavitque

599 3686 902 3778 gladius,
956 3685 1171 3756 sames
1217 3697 1284 3756 et
1377 3687 1563 3767 estiS,
1615 3707 1794 3773 quae
1829 3707 1981 3755 eam
2032 3698 2305 3775 gentem
2353 3684 2758 3765 afflixerant,
2821 3695 2900 3753 ut
2945 3683 3152 3771 quasi

599 3776 793 3866 pacis
866 3775 1239 3863 quemdam
1333 3774 1534 3846 ilium
1602 3774 1992 3844 Britanniae
2045 3773 2346 3854 editum,
2406 3795 2487 3843 ea
2547 3794 2779 3843 rerum
2852 3772 3148 3843 mutatio

648 3901 719 3954 (a)
749 3904 793 3943 S.
808 3902 1039 3952 ‘Episcopi
1068 3902 1339 3942 venerabile
1366 3910 1540 3951 corpus
1566 3902 1617 3941 in
1644 3901 1886 3950 praediota
1914 3901 1958 3941 S.
1986 3901 2200 3952 Eugendi
2226 3902 2401 3952 (gallici
2426 3897 2638 3959 vulgaris
2666 3898 2891 3960 corrupto
2919 3900 3156 3943 vocabulo

592 3956 908 4006 Sam-oyem)
938 3956 1076 3996 mnis
1106 3956 1162 3996 ab
1189 3958 1293 4005 ejus
1322 3956 1605 3996 dormitione
1634 3956 1807 4003 elapsis
1838 3957 1930 4001 554.
1961 3953 2082 3996 mire
2103 3953 2463 4005 integerrimum
2485 3957 2534 3994 et
2551 3954 2731 3992 viventi
2750 3950 3054 3994 simillimum
3076 3956 3151 3993 ent

594 4010 903 4059 recognitum.
931 4010 1065 4049 circa
1094 4018 1302 4049 xccxmx
1331 4009 1690 4057 peregrinorum
1720 4018 1746 4049 e
1774 4008 1958 4049 dissitis
1987 4011 2131 4049 etiam
2151 4006 2421 4059 regionibus
2442 4008 2546 4057 piae
2563 4007 2778 4046 catervae
2799 4004 3152 4054 frequentiores

595 4063 774 4104 indies
802 4064 861 4103 ad
888 4062 978 4102 hoc
1007 4060 1275 4111 depositum
1304 4063 1525 4102 accedere
1553 4064 1827 4110 coeperunt.
1856 4062 2134 4112 clauditque
2161 4072 2332 4103 nomen
2351 4062 2486 4103 cultu
2503 4062 2550 4101 et
2570 4059 2908 4101 mix-mulorum
2929 4058 3056 4100 rama
3078 4069 3153 4100 ce·

595 4117 785 4156 lebrari.
813 4116 859 4157 S.
885 4116 1069 4157 Claudii
1098 4114 1220 4167 (sive
1240 4113 1598 4155 condatecensis
1621 4116 1665 4154 S.
1687 4114 1911 4165 nugandi,
1929 4116 2038 4156 vide
2054 4118 2175 4161 Sur..
2195 4116 2294 4156 Vol.
2313 4116 2348 4158 1.
2368 4126 2409 4165 p.
2432 4112 2504 4169 62)
2523 4114 2720 4155 Abbatia
2738 4112 2964 4161 oppidum
2985 4115 3156 4162 postea

595 4169 740 4219 huius
770 4169 975 4210 nominis
1003 4166 1266 4213 constituit.
1291 4169 1340 4207 in
1370 4170 1508 4218 ciuus
1533 4168 1860 4209 cathedralem
1882 4170 1925 4209 8.
1944 4170 2072 4210 Petri
2092 4170 2219 4210 circa.
2235 4171 2442 4211 medium
2460 4168 2704 4218 praeteriti
2723 4165 2938 4215 proxime
2956 4167 3156 4213 saecun.

597 4225 768 4263 cuncta
796 4224 1014 4264 ruinosae
1043 4222 1294 4263 abbatialis
1315 4220 1542 4263 ecclesiae
1561 4232 1697 4262 sacra
1714 4223 1911 4273 pignora
1930 4224 2042 4263 sunt
2062 4223 2337 4264 solemniter
2355 4223 2528 4263 delata.
2556 4224 2689 4261 Auno
2710 4221 2901 4260 demum
2920 4220 3153 4261 nefandae

598 4277 794 4326 gallicae
823 4276 1149 4317 subversionis
1178 4276 1439 4320 notissimo,
1467 4277 1714 4325 praedives
1744 4277 1788 4316 S.
1821 4277 2006 4317 claudii
2034 4286 2174 4326 capsa
2194 4277 2269 4317 est
2286 4277 2539 4321 confracta,
2558 4276 2601 4314 8.
2620 4274 2810 4314 Petroni
2832 4274 3046 4315 membra.
3065 4275 3148 4314 im·

595 4331 783 4379 piorum
810 4331 942 4371 rabie
968 4330 1158 4371 omnino
1187 4330 1390 4370 contrite
1409 4331 1457 4370 et
1475 4332 1655 4370 exusta.
1675 4331 1862 4371 Brachii
1884 4332 2044 4372 tamen
2067 4331 2275 4371 anterior
2290 4340 2400 4380 pars
2422 4339 2536 4370 casu
2555 4326 2673 4378 eripi
2693 4323 2864 4376 potuit,
2882 4334 3025 4375 quun
3044 4327 3151 4368 hac·

595 4385 734 4424 tenus
763 4384 1000 4425 credimus
1028 4384 1078 4423 in
1106 4393 1187 4423 ara.
1212 4383 1423 4433 principe
1452 4383 1584 4424 illius
1611 4384 1904 4425 cathedralis
1932 4384 2096 4435 templi
2128 4385 2434 4425 asservatum.
2461 4382 2733 4433 Complures
2769 4381 2817 4420 in
2847 4380 3152 4431 Burgundio·

600 4437 753 4480 Galli·
772 4439 981 4480 curiatae
999 4437 1225 4480 eeclesiae
1245 4437 1289 4480 S.
1310 4437 1505 4479 chudio
1525 4439 1730 4489 gaudent
1751 4438 1947 4480 titulari.
