3357 4995
620 332 746 396 178
1332 346 1410 391 ns
1459 345 1513 392 s.
1567 343 1933 393 NORTBERTO
1981 342 2276 392 amscoro
2766 291 2983 392 JUNI‘I
3034 325 3077 390 6

528 454 794 512 eorum,
836 432 966 501 sibi
1004 454 1046 501 a
1095 435 1227 500 Deo
1275 429 1566 500 collatis.
1613 429 2001 519 ⁴assumptis
2051 430 2280 515 itaque
2315 427 2558 518 legatis
2598 428 2898 508 Comitis,
2940 434 3073 498 Ra-

527 524 612 593 tis
664 543 868 591 onam
905 541 1126 607 usque
1173 541 1289 588 eos
1322 519 1633 588 adduxit.
1691 524 1849 588 Erat
1895 517 2082 588 enim
2131 517 2514 607 Episcopus
2561 518 2713 607 ejus
2776 517 3073 587 civitatis

525 632 614 680 no
666 609 942 681 ilissimi
991 609 1396 689 stemmatiS‚
1457 622 1523 677 et
1570 607 1868 678 habebat
1923 607 2202 676 fratrem
2252 605 2768 696 Engelbertum,
2841 621 3077 696 poten-

434 769 435 772 ,
527 699 875 769 tissimum
936 697 1421 777 Marchionem‚
1476 696 1591 766 cui
1638 709 1835 766 erant
1873 694 2139 766 nubilis
2193 696 2434 765 aetatis
2475 694 2684 775 filiae,
2729 717 2766 765 e
2812 696 3075 783 quibus

524 810 668 857 una
700 787 1015 877 expetita,
1061 785 1301 856 Comiti
1332 785 1723 857 Theobaldo
1762 784 2106 875 desponsa
2155 796 2279 854 est.
2320 785 2593 855 Reversi
2650 796 2815 854 sunt
2865 785 3071 874 legati

525 876 676 964 ejus
715 876 941 946 isthuc
989 875 1423 954 nunciantes,
1483 887 1547 944 et
1644 884 1788 944 ater
1835 874 2233 943 Nortbertus
2286 888 2605 963 coeptum
2656 874 2784 943 iter
2834 877 3073 964 prose—

526 986 770 1053 quenS‚
810 969 1094 1035 Romam
1167 964 1507 1053 pervenit:
1561 986 1606 1031 u
1662 964 1681 1032 i
1730 986 1769 1032 a
1823 962 2059 1033 beatae
2109 963 2480 1032 memoriae
2527 967 2711 1052 Papa
2763 963 3067 1032 Honorio

530 1052 907 1123 honorifice
947 1065 1313 1143 susceptus
1359 1064 1482 1134 est,
1519 1064 1583 1121 et
1616 1050 1950 1140 quicquid
1992 1052 2180 1142 Juste
2224 1051 2437 1141 petiit,
2477 1050 2563 1119 ab
2603 1073 2682 1120 eo
2715 1050 2913 1120 facile
2941 1052 3073 1119 im-

532 1143 842 1233 petravit.
879 1141 1177 1210 Peractis
1226 1142 1454 1229 itaque
1502 1141 1851 1220 omnibus,
1914 1163 2072 1210 cum
2120 1140 2269 1229 jam
2313 1139 2399 1210 de
2447 1140 2674 1210 reditu
2713 1140 3065 1240 cogitaret,

531 1231 832 1319 quadam
889 1243 1079 1299 nocte
1122 1251 1395 1300 summo
1426 1229 1760 1311 diluculo,
1815 1251 1973 1299 cum
2010 1229 2094 1297 de
2136 1233 2268 1298 Deo
2317 1229 2766 1298 meditaretur
2814 1251 2962 1318 ipse
3008 1241 3076 1298 et

533 1320 816 1408 quidam
869 1320 1213 1389 sociorum
1254 1320 1428 1407 ejus,
1466 1340 1639 1406 quos
1688 1318 1955 1388 itineris
1990 1317 2295 1389 solamen
2327 1316 2643 1397 habebat,
2685 1317 2923 1387 audita
2969 1332 3076 1389 est

532 1433 658 1479 vox
727 1409 812 1478 ab
861 1407 1002 1478 illis
1066 1406 1446 1488 manifeste,
1501 1407 2023 1497 Parthenopolis
2083 1407 2598 1497 (Maydebourq)
2643 1407 2665 1474 i
2722 1428 2876 1477 sum
2928 1405 3074 1476 fore

531 1499 960 1588 episcopum.
1017 1497 1137 1567 His
1177 1496 1455 1577 auditiS,
1492 1495 1915 1566 admirantes
1964 1496 2355 1585 stupebant,
2395 1517 2518 1565 nec
2552 1518 2644 1565 au
2696 1497 2851 1566 ebat
2880 1498 3076 1596 quis-

532 1609 742 1673 quam
792 1608 1029 1656 eorum
1081 1584 1260 1655 alius
1310 1585 1426 1654 alii
1474 1585 1783 1656 indicare
1821 1584 1988 1674 quid
2030 1584 2357 1654 audisset.
2398 1585 2850 1654 Praemiserat
2898 1597 3078 1653 inte-

534 1676 663 1744 rim
715 1696 935 1744 unum
976 1697 1057 1744 ex
1104 1674 1371 1745 clericis
1421 1674 1567 1743 suis
1615 1676 1737 1761 qui
1773 1674 2136 1744 nunciaret
2192 1673 2435 1742 Comiti
2485 1673 2783 1744 reditum
2834 1694 3067 1754 suum,
3155 1676 3161 1680 ’

531 1777 596 1834 et
644 1765 982 1853 acciperet
1014 1784 1421 1852 responsum
1456 1762 1538 1831 de
1588 1764 2029 1832 matrimonio
2077 1762 2260 1849 quod
2313 1784 2433 1853 per
2474 1763 2731 1852 legatos
2763 1784 2924 1852 suos
2953 1784 3079 1831 au-

531 1853 813 1922 divisset
841 1853 1241 1941 expetitum.

622 1944 656 2028 §
704 1945 869 2013 36.
924 1946 1077 2031 Ipse
1119 1962 1272 2009 vero
1324 1940 1616 2021 rediens,
1661 1941 2024 2009 transitum
2073 1939 2315 2009 habuit
2351 1962 2471 2030 per
2518 1941 2861 2010 civitatem
2906 1944 3075 2009 Her-

535 2029 820 2120 bipolim
870 2029 1357 2185 (Vurtzbourqq
1401 2051 1579 2115 quae
1643 2041 1806 2109 tunc
1838 2030 2163 2119 episcopo
2211 2029 2509 2108 carebat,
2565 2032 3078 2119 coegeruntque

534 2141 691 2188 eum
740 2118 980 2187 Clerus
1026 2132 1091 2187 et
1141 2140 1326 2218 popu
1357 2140 1441 2187 us
1492 2118 1750 2187 Pascha
1798 2117 1984 2208 apud
2051 2119 2237 2207 ipsos
2286 2116 2653 2187 celebrare.
2721 2123 2810 2187 Eo
2860 2119 3074 2208 igitur

538 2211 817 2284 retento,
858 2229 1015 2276 cum
1059 2208 1127 2274 in
1177 2207 1289 2275 dte
1320 2217 1557 2275 sancto
1588 2228 1935 2276 summam
1987 2207 2260 2277 Missam
2314 2207 2382 2275 in
2448 2205 2732 2276 ecclesia
2774 2207 3076 2276 celebra-

537 2310 635 2365 ret
682 2317 843 2364 cum
897 2317 1147 2386 magna
1194 2295 1574 2381 frequentia
1628 2294 1889 2385 populi,
1941 2308 2358 2381 ventumque
2417 2295 2659 2365 fuisset
2714 2295 2799 2365 ad
2852 2300 3077 2367 sacro-

536 2386 757 2455 sancti
807 2385 1142 2453 Dominici
1178 2383 1491 2473 Corporis
1539 2397 1604 2452 et
1644 2384 2018 2475 Sanguinis
2068 2385 2597 2474 perceptionem,
2653 2385 2940 2456 accessit
2988 2384 3073 2453 ad

536 2495 695 2544 eum
730 2494 931 2543 caeca
973 2472 1222 2559 mulier
1269 2495 1445 2561 quae
1491 2473 1819 2543 omnibus
1868 2485 2025 2543 nota
2073 2485 2238 2553 erat,
2296 2486 2359 2543 et
2407 2494 2486 2543 eo
2523 2487 2696 2564 post·
2737 2474 3072 2543 Dominici

537 2564 851 2653 Corporis
884 2575 947 2631 et
998 2563 1370 2653 Sanguinis
1417 2564 1978 2632 communionem
2031 2563 2346 2633 sufflante
2378 2564 2444 2631 in
2484 2562 2722 2633 oculos
2754 2565 2928 2653 ejuS,
2962 2562 3073 2632 lu—

540 2674 693 2721 men
745 2652 1020 2740 recepit.
1082 2651 1268 2720 Unde
1317 2674 1474 2720 cum
1526 2653 1754 2720 omnis
1804 2651 1944 2721 illic
2001 2652 2331 2721 assistens
2398 2653 2700 2742 populus
2750 2652 3071 2738 magnifi-

533 2741 831 2810 centiam
867 2741 980 2809 Dei
1021 2740 1177 2810 altis
1226 2741 1511 2837 vocibus
1558 2740 1929 2821 extolleret,
1988 2740 2272 2827 quidam
2313 2739 2558 2811 divites
2604 2765 2642 2810 e
2681 2740 3073 2830 praecipuis

534 2830 826 2898 civitatis
874 2830 1270 2919 compuncti
1320 2842 1384 2898 ct
1444 2851 1674 2898 amore
1718 2830 1832 2898 Dei
1880 2831 2176 2910 accensi,
2234 2851 2302 2898 se
2345 2842 2414 2897 et
2473 2853 2601 2899 sua
2653 2851 2771 2918 per
2824 2849 3075 2922 manus

457 2946 460 2949 ’
535 2918 839 2987 hominis
877 2918 989 2986 Dei
1044 2923 1170 2987 Deo
1217 2917 1638 2987 obtulerunt.
1682 2922 1770 2986 De
1817 2940 2115 3005 quorum
2164 2917 2612 2989 facultatibus
2638 2917 2925 2988 ecclesia
2966 2940 3077 2987 ae-

536 3007 808 3075 dificata
863 3005 1003 3074 illic
1034 3020 1135 3076 est
1171 3028 1347 3093 quae
1395 3007 1649 3075 divinis
1683 3007 1990 3077 cultibus
2020 3007 2231 3077 claret
2259 3027 2479 3094 usque
2536 3008 2602 3075 in
2657 3001 3074 3076 hodiernum

536 3095 745 3164 diem.
812 3095 1167 3164 Recordati
1216 3117 1371 3164 vero
1411 3096 1617 3174 vocis,
1684 3117 1914 3182 quam·
1957 3102 2210 3166 Romae
2258 3096 2624 3165 audierant
2672 3097 2822 3185 ipse
2869 3095 3078 3164 homo

538 3184 651 3252 Dei
692 3196 758 3252 et
804 3182 1046 3252 fratres
1079 3186 1251 3273 ejus,
1296 3205 1450 3253 cum
1503 3184 2022 3275 Parthenopolis
2046 3198 2110 3254 et
2137 3185 2549 3275 Herbipolis,
2605 3207 2822 3271 aeque
2858 3185 2927 3254 in
2963 3206 3081 3274 po-

538 3273 623 3341 lis
651 3271 992 3351 desinant,
1024 3273 1338 3343 timentes
1367 3294 1450 3340 ne
1479 3272 1545 3340 in
1585 3274 2000 3363 Episcopum
2038 3281 2508 3343 assumeretur
2556 3274 2641 3343 ab
2692 3275 2780 3344 iis
2814 3274 2935 3360 qui
2966 3297 3081 3344 su-

538 3384 661 3453 pra
712 3361 993 3430 modum
1028 3361 1563 3452 magnificabant
1609 3383 1796 3440 eum,
1840 3362 2150 3432 celeriter
2191 3385 2227 3431 e
2275 3364 2543 3433 civitate
2576 3364 2838 3453 egressi
2890 3377 3073 3433 sunt.

627 3453 663 3537 ξ
710 3454 859 3521 32.
912 3457 1198 3540 Accepta
1248 3452 1458 3540 igitur
1508 3463 1834 3539 potestate
1884 3474 1923 3520 a
1971 3458 2280 3522 Romano
2319 3451 2643 3522 Pontifice
2684 3452 2767 3520 de
2804 3451 3078 3520 institu—

538 3539 719 3608 tione
772 3540 1117 3628 proposita
1149 3552 1213 3607 et
1239 3539 1789 3619 statutoordine,
1829 3562 1990 3610 cum
2042 3541 2128 3609 ad
2179 3546 2809 3611 Praemonstratum
2853 3561 3077 3607 rever-

538 3650 657 3697 sus
687 3640 886 3706 esset,
932 3629 1160 3697 statim
1209 3627 1645 3697 confirmavit
1691 3629 1871 3714 quod
1930 3632 2122 3719 prius
2169 3628 2437 3709 fecerat,
2494 3628 2811 3697 videlicet
2857 3626 3075 3696 eccle-

537 3717 707 3787 siam
760 3721 830 3783 B.
888 3718 1154 3786 Martini
1190 3738 1363 3803 quae
1391 3728 1491 3785 est
1527 3716 1838 3786 Lauduni
1879 3722 2144 3803 (Laon)
2177 3719 2306 3786 sita
2358 3719 2424 3785 in
2476 3718 2834 3793 suburbio,
2867 3737 3080 3802 quam

537 3805 668 3874 sub
716 3804 990 3882 Abbate‚
1034 3828 1193 3875 cum
1245 3806 1472 3874 adhuc
1521 3806 1590 3873 in
1644 3807 1860 3875 nimia
1911 3820 2308 3908 paupertate
2372 3820 2572 3886 esset,
2638 3806 3071 3874 instituerat:

535 3915 711 3979 quae
748 3906 1083 3979 quantum
1121 3897 1190 3961 in
1227 3894 1579 3993 temporali
1632 3896 2071 3984 euspiritualt
2103 3896 2418 3965 aedificio
2447 3894 2755 3975 creverit,
2786 3906 2852 3964 et
2879 3893 3080 3983 p'lan-

537 3994 675 4051 tata
704 3982 791 4049 'in
844 4003 983 4067 qua
1014 3994 1192 4069 terra
1233 3982 1495 4052 radices
1530 3982 1774 4063 fixerit,
1814 3986 2092 4055 arbores
2141 4008 2219 4053 ex
2258 4007 2338 4054 ea
2395 3984 2462 4052 in
2515 3984 2822 4053 diversas
2861 3997 3082 4053 terra-

537 4092 690 4140 rum
744 4072 1056 4140 nationes
1093 4072 1459 4141 translatae
1507 4072 1765 4152 dicant,
1799 4073 2064 4145 fructus
2096 4096 2175 4143 ex
2205 4095 2285 4142 ea
2325 4072 2736 4143 suavissime
2764 4071 3084 4143 redolens

538 4159 905 4249 praedicet,
943 4173 1006 4228 et
1044 4162 1163 4247 qui
1217 4162 1532 4230 viderunt
1569 4176 1635 4231 et
1664 4174 2137 4252 cooperatores
2185 4164 2574 4241 extiterunt,
2617 4163 2932 4249 usquein
2969 4182 3082 4230 ae-

537 4262 807 4318 ternum
862 4248 1306 4319 succedentes
1340 4250 1872 4321 succedentibus
1924 4252 2296 4341 praebeant
2345 4250 2842 4320 testimonium.
2885 4250 3084 4320 ordi-

538 4339 689 4406 nari
738 4337 893 4406 fecit
942 4339 1147 4426 etiam
1202 4341 1268 4407 in
1322 4339 1696 4408 Vivariensi
1744 4340 2033 4409 ecclesia
2081 4341 2433 4419 Abbatem,
2478 4360 2688 4426 quam
2753 4340 2824 4408 in
2880 4345 3084 4409 Sues-

539 4427 841 4499 sionensi
893 4450 1068 4518 pago
1118 4439 1536 4518 susceperat,
1579 4428 1695 4498 ubi
1732 4441 1796 4497 et
1830 4428 2121 4500 daemon
2150 4430 2452 4517 quicum
2509 4431 3078 4517 persequebatur,
