3357 4995
772 336 897 402 654
1553 354 1632 401 nn
1680 354 1737 402 s,
1793 352 1994 402 mum
2042 351 2354 401 xrosroto
2871 330 3087 400 JUNII
3138 336 3228 401 29

684 439 1033 520 tacuisset,
1077 448 1142 507 et
1188 458 1325 507 non
1363 458 1485 527 per
1544 459 1871 529 magnam
1920 460 2150 508 vocem
2206 458 2455 507 manus
2493 436 2686 507 illius
2736 437 3223 519 continuisset,

677 548 912 596 ensem
975 547 1098 617 per
1142 537 1384 617 guttur
1430 527 1892 618 transegisset.
1939 526 2266 597 Clamavit
2313 538 2567 607 autem,
2602 526 2937 613 quoniam
2985 526 3059 595 in
3113 527 3227 595 in-

679 615 996 686 teriorem
1032 636 1375 685 carcerem
1435 626 1580 685 erat
1629 616 2003 705 conjectus.
2057 620 2303 686 Contra
2352 614 2645 705 teipsum
2678 669 2694 695 ,
2754 614 3028 702 inquit,
3092 614 3225 685 hoc

678 704 920 786 fecisti,
958 724 1118 773 cum
1167 702 1459 773 interius
1496 704 1874 794 conjeceris
1920 725 2037 775 eos
2082 704 2200 791 qui
2274 715 2337 772 te
2382 716 2545 773 sunt
2595 701 2960 774 liberaturi
3017 725 3059 772 a
3107 725 3224 792 pe-

677 793 923 864 riculo.
960 791 1203 861 Vidisti
1248 813 1459 879 quam
1515 792 1604 861 sit
1663 791 2032 884 benignus,
2074 804 2141 861 et
2185 803 2515 879 quantam
2556 791 2923 863 hominum
2974 813 3222 861 curam

725 893 871 953 erat
917 879 1212 951 Paulus?
1242 879 1481 950 Maluit
1528 880 1675 970 ipse
1720 903 1870 951 esse
1901 881 2174 952 vinctus
2201 892 2267 950 et
2361 879 2713 961 ericlitari,
2748 900 2962 968 quam
3016 879 3221 950 illum

850 970 1037 1040 icere
1064 981 1486 1059 pereuntem.
1541 969 1895 1052 Quomodo
1933 981 2161 1039 autem
2211 969 2305 1038 mi
2337 991 2413 1039 es
2448 968 2708 1057 aliquis
2750 968 3019 1039 habens
3052 968 3220 1038 uni-

678 1080 953 1130 versum
1003 1057 1238 1129 orbem
1294 1070 1513 1127 terrae
1558 1071 1798 1129 contra
1845 1079 1917 1129 se
1966 1057 2358 1140 bellantem,
2409 1069 2475 1127 et
2521 1079 2594 1127 se
2642 1058 2713 1127 in
2767 1056 3022 1127 mediis
3072 1078 3222 1129 ver-

678 1170 842 1218 sans
891 1147 1194 1217 hostium
1240 1145 1627 1227 ordinibus»,
1678 1159 1746 1216 et
1776 1145 1950 1216 nihil
1999 1167 2205 1238 grave
2239 1147 2528 1246 patiens:
2577 1147 2670 1215 ita
2702 1146 2909 1216 etiam
2959 1144 3218 1216 Paulus

678 1236 871 1307 solus
917 1234 1464 1305 interbarbaros
1481 1247 1548 1304 et
1592 1235 1771 1305 inter
1796 1239 2108 1316 GraecoS‚
2144 1236 2404 1322 ubique
2442 1246 2808 1316 terrarum,
2843 1247 2910 1304 et
2956 1234 3218 1335 ubique

678 1326 750 1394 in
801 1325 978 1394 mari
1025 1345 1099 1395 se
1143 1321 1532 1401 ostendens,
1580 1323 1837 1393 mansit
1883 1323 2468 1414 inexpugnabilis.
2523 1328 2599 1393 Et
2637 1322 2986 1410 quomodo
3028 1345 3217 1393 scin-

680 1413 827 1483 tilla
875 1413 947 1483 in
995 1411 1322 1503 stipulam
1381 1423 1447 1481 et
1491 1410 1771 1482 foenum
1822 1411 2159 1494 incidenS,
2222 1434 2327 1494 ea,
2377 1433 2553 1499 quae
2611 1424 2939 1493 uruntur,
2987 1424 3218 1482 trans-

678 1505 900 1572 mutat
949 1502 1019 1570 in
1050 1521 1247 1572 suam
1282 1511 1627 1570 naturam:
1665 1501 1761 1571 ita
1802 1499 1915 1571 hic
1960 1522 2233 1590 quoque
2280 1523 2519 1571 omnes
2566 1501 2923 1581 invadenS,
2982 1499 3221 1572 tradu-

676 1589 873 1661 cebat
918 1610 1157 1659 omnes
1203 1587 1289 1657 ad
1320 1589 1698 1659 veritatem.

764 1681 804 1767 ἓ
849 1682 981 1752 1⁸².
1035 1683 1252 1761 Quem
1302 1698 1438 1747 non
1501 1677 2066 1769 obstupefecisset
2111 1678 2412 1780 potentia
2477 1677 2915 1747 vinculorum
2945 1684 2980 1758 ,“
3011 1676 3219 1747 beato

676 1766 887 1837 Paulo
934 1766 1440 1856 impositorum,
1491 1766 1676 1853 quod
1706 1768 1827 1854 qui
1865 1787 2024 1836 eum
2065 1778 2441 1848 vinxerant,
2476 1788 2594 1836 eos
2623 1765 2710 1835 ad
2759 1765 2966 1856 pedes
2999 1768 3213 1836 vincti

677 1855 971 1936 duxerit,
1005 1867 1072 1925 et
1101 1853 1258 1924 illos
1303 1854 1367 1924 ei
1405 1855 1895 1945 subjunxerit?
1926 1854 2223 1925 Procidit
2252 1856 2463 1934 enim,
2507 1855 2758 1943 inquit,
2800 1869 3034 1924 custos
3060 1876 3215 1924 car-

677 1945 853 2014 ceris
900 1943 986 2014 ad
1020 1942 1215 2013 Pauli
1266 1942 1496 2033 pedes,
1547 1954 1613 2014 et
1647 1944 1771 2045 qui
1799 1956 1945 2015 erat
1973 1943 2263 2026 solutus,
2292 1943 2565 2034 jacebat
2596 1942 2684 2012 ad
2733 1943 2945 2034 pedes
2971 1944 3210 2023 vincti,

671 2045 738 2103 et
764 2033 883 2121 qui
934 2033 1262 2111 vinxerat,
1305 2032 1587 2122 rogabat
1619 2046 1955 2114 vinctum,
1999 2045 2078 2103 ut
2110 2033 2488 2103 solveretur
2523 2055 2564 2102 a
2597 2044 2807 2101 metu.
2859 2032 2975 2101 Dic
3001 2032 3208 2102 mihi:

675 2127 820 2192 Non
853 2133 927 2191 tu
974 2120 1293 2190 vinxisti?
1324 2141 1458 2190 non
1495 2121 1565 2190 in
1612 2121 2006 2191 interiorem
2060 2121 2413 2211 conjecisti
2457 2120 2879 2191 custodiam?
2913 2141 3051 2190 non
3098 2142 3217 2211 pe-

673 2209 796 2280 des
844 2209 1033 2367 ligno
1077 2208 1596 2279 constrinxisti?
1633 2214 1769 2280 Cur
1817 2209 2092 2280 tremis?
2120 2232 2247 2280 cur
2285 2209 2780 2280 tumultuaris?
2816 2232 2945 2279 cur
2993 2208 3218 2299 lacry-

676 2298 891 2369 maris
987 2319 1115 2368 cur
1144 2318 1378 2369 ensem
1429 2297 1808 2369 strinxisti?
1852 2298 2245 2369 Nesciebam
2274 2353 2290 2379 ,
2343 2298 2591 2385 inquit,
2646 2297 2894 2367 Christi
2944 2298 3213 2368 vincto-

676 2410 832 2458 rum
871 2399 1130 2457 tantam
1177 2407 1327 2456 esse
1360 2387 1758 2475 potentiam.
1803 2386 1979 2469 Quid
2010 2386 2227 2458 dicis?
2254 2386 2525 2476 Accepit
2551 2397 2951 2487 potestatem
2985 2386 3209 2457 coelos

674 2475 1054 2568 aperiendi,
1109 2486 1175 2546 et
1223 2495 1358 2544 non
1408 2486 1553 2547 erat
1584 2486 1953 2567 aperturus
1997 2479 2376 2547 carcerem?
2401 2474 2611 2546 Solvit
2655 2497 2794 2557 eos,
2834 2474 2957 2562 qui
3003 2475 3204 2546 vincti

672 2576 870 2636 erant
907 2588 948 2635 a
993 2563 1473 2645 daemonibus,
1528 2579 1594 2635 et
1621 2575 1767 2635 erat
1804 2564 2062 2635 ferrum
2094 2586 2251 2635 eum
2294 2567 2832 2655 superaturum?
2871 2565 3004 2647 Qui
3040 2564 3204 2655 liga·

673 2668 777 2725 tas
825 2655 1055 2742 itaque
1085 2652 1387 2723 solvebat
1433 2653 1729 2736 animas,
1781 2674 2034 2753 corpus
2067 2675 2275 2723 suum
2326 2652 2584 2723 solvere
2632 2672 2766 2722 non
2830 2653 3209 2743 potuisset?

674 2743 804 2827 Qui
853 2764 975 2833 per
1021 2763 1184 2813 suas
1214 2751 1433 2812 vestes
1477 2740 1651 2812 alios
1698 2741 1785 2812 ab
1832 2741 1972 2812 illis
2018 2741 2321 2812 solvebat
2367 2740 2688 2822 vinculiS,
2748 2753 2815 2810 et
2873 2740 3216 2812 liberabat

672 2855 711 2902 a
746 2830 1226 2912 daemonibuS,
1265 2830 1413 2920 ipse
1463 2851 1584 2930 per
1622 2851 1696 2902 se
1742 2851 1877 2900 non
1911 2829 2274 2901 solvisset?
2320 2835 2680 2920 Propterea
2727 2829 3034 2920 primum
3084 2829 3217 2902 fuit

670 2921 967 2999 vinctus,
1010 2932 1076 2987 et
1123 2931 1287 2988 tunc
1317 2917 1518 2989 solvit
1563 2918 1849 3000 vinctos,
1892 2933 1970 2988 ut
2000 2919 2178 2988 scias
2226 2918 2409 3005 quod
2455 2918 2701 2990 Christi
2751 2917 2927 2989 servi
2968 2918 3209 3000 vincti,

672 3009 1000 3100 maj0rem
1037 3007 1290 3077 habent
1323 3007 1484 3089 vim,
1537 3028 1746 3093 quam
1781 3006 2012 3078 soluti.
2069 3008 2177 3077 Sic
2214 3008 2401 3076 enim
2451 3006 2942 3097 praeclariores
2973 3021 3213 3076 osten-

670 3097 936 3168 duntur
967 3096 1187 3166 sancti
1218 3096 1415 3176 vires,
1467 3095 1748 3183 quando
1797 3096 1900 3165 vel
1933 3096 2208 3165 vinctus
2256 3095 2469 3165 vincit
2515 3094 2800 3167 solutos

759 3187 796 3271 §
843 3188 980 3259 18.
1060 3182 1348 3267 Quando
1395 3205 1557 3274 ergo
1604 3183 1665 3253 is
1712 3184 1829 3270 qui
1880 3198 1984 3254 est
2056 3184 2367 3267 vinctuS,
2434 3204 2571 3254 non
2621 3184 2847 3255 solum
2895 3183 3213 3271 seipsum

674 3273 898 3354 solvit,
941 3272 1059 3342 sed
1107 3273 1309 3342 etiam
1348 3271 1630 3354 solutos,
1668 3273 1993 3359 quisnam
2034 3285 2135 3342 est
2181 3293 2353 3343 usus
2404 3276 2823 3343 murorum?
2867 3270 3211 3359 quidnam

671 3362 937 3453 accepit
968 3361 1313 3431 commodi
1342 3383 1423 3430 ex
1468 3382 1572 3443 eo,
1606 3360 1792 3447 quod
1827 3361 1912 3430 ad
1946 3361 2338 3431 interiorem
2387 3360 2758 3451 conjecerit
2785 3359 3206 3441 custodiam,

671 3469 830 3521 cum
881 3450 1225 3540 aperuerit
1252 3450 1457 3519 etiam
1505 3450 1953 3519 exteriorem?
1999 3449 2111 3520 Vis
2145 3449 2343 3530 scire,
2394 3461 2655 3537 quanta
2687 3470 2794 3520 res
2825 3448 2913 3519 sit
2963 3461 3213 3518 catena

672 3539 915 3620 ferrea,
952 3551 1229 3629 propter
1259 3538 1601 3608 Christum
1634 3538 1906 3628 corpori
1939 3538 2115 3607 servi
2144 3539 2296 3629 eJus
2344 3537 2713 3628 imposita?
2759 3537 3001 3609 Audite
3050 3537 3213 3608 bea—

670 3642 816 3698 tum
877 3626 1165 3698 Paulum
1216 3626 1302 3696 de
1357 3625 1486 3696 hoc
1534 3626 1687 3716 ipso
1749 3625 2184 3717 gloriantem,
2236 3639 2304 3696 et
2350 3625 2733 3697 dicentem:
2788 3631 2978 3717 Rogo
3043 3647 3211 3717 ergo

670 3738 791 3788 vos
836 3738 961 3807 ego
992 3715 1263 3787 vinctus
1296 3715 1368 3785 in
1403 3714 1716 3785 Domino.
1762 3720 2007 3805 Magna
2051 3728 2154 3784 est
2197 3725 2264 3785 et
2310 3715 2608 3807 insignis
2656 3714 2960 3805 dignitas
3011 3717 3211 3806 regni

668 3818 735 3875 et
768 3805 1214 3877 consulatus:
1253 3815 1356 3875 est
1386 3815 1615 3874 autem
1654 3803 1971 3874 omnium
2004 3803 2327 3886 maxima,
2380 3825 2531 3877 esse
2561 3805 2869 3874 vinctum
2925 3819 3213 3894 propter

670 3892 1042 3964 Christum.
1078 3892 1258 3964 Nihil
1302 3893 1498 3963 'enim
1529 3904 1633 3964 est
1678 3913 1897 3981 aeque
1956 3891 2411 3983 praeclarum,
2463 3914 2543 3963 ac
2596 3894 2866 3962 vinctus
2926 3904 3215 3984 propter

670 3982 1015 4053 Christum
1047 4037 1064 4065 ,
1108 4004 1189 4052 ac
1236 3995 1514 4052 catenae
1566 3981 1932 4082 impositae
1985 3981 2243 4052 sanctis
2300 3979 2440 4053 illis
2505 3981 2854 4052 manibus.
2908 3985 3054 4050 Hoc
3112 3994 3214 4053 est

670 4071 873 4162 longe
902 4070 1326 4162 praeclarius
1358 4081 1422 4139 et
1462 4069 2042 4160 magnificentius,
2080 4091 2289 4158 quam
2337 4091 2484 4141 esse
2522 4068 2947 4162 Apostolum,
2991 4090 3210 4158 quam

668 4160 1061 4318 doctgrgmff
1105 4181 1314 4246 quam
1376 4158 1903 4249 Evangelistam.
1958 4159 2025 4230 Si
2071 4159 2230 4247 quis
2288 4158 2516 4250 diligit
2567 4159 2950 4238 Christum,
3021 4159 3214 4229 novit

713 4272 806 4320 uo
942 4260 1166 4318 icitur.

667 4272 711 4338 q
755 4341 793 4497 ῗ
839 4341 990 4412 19.
1046 4337 1113 4407 Si
1205 4336 1317 4407 uis
1353 4335 1739 4407 vehementi
1786 4335 1977 4408 ardet
2013 4356 2246 4408 amore
2277 4335 2547 4407 Domini
2575 4346 2640 4405 et
2666 4335 2852 4406 novit
2884 4336 3026 4405 vim
3065 4336 3218 4406 vin-

668 4449 759 4498 cu
789 4448 1012 4509 orum,
1068 4448 1183 4498 ma
1213 4424 1391 4496 uerit
1440 4445 1588 4497 esse
1635 4426 1908 4500 vinctus
1962 4437 2237 4518 propter
2288 4425 2653 4506 Christum,
2707 4445 2918 4513 quam
2978 4424 3218 4496 coelos

3325 4513 3332 4622 l
