3357 4995
584 341 711 406 350
1068 359 1145 405 »Ε
1189 355 1282 406 ss.
1335 357 1501 417 νιτο,
1554 355 1936 406 caesenam
1983 357 2058 404 m·
2103 355 2385 405 uonsssro
2602 403 2608 408 ,
2689 340 2727 404 J
2737 339 2910 405 UNII
2961 341 3045 405 ⁴5

495 447 875 513 Creatorem
900 445 1130 512 tuum?
1155 441 1224 510 in
1253 462 1459 530 quem
1492 441 1550 511 si
1572 442 1671 511 vel
1702 464 1887 513 nunc
1908 440 2185 512 credere
2213 440 2531 521 volueriS,
2565 440 2890 531 polliceor
2913 442 3043 512 tibi

495 531 758 603 salvum
790 543 853 600 te
897 529 1062 601 fore.
1107 554 1142 598 »
1186 535 1564 632 Imperator
1602 530 1805 601 dixit:
1860 529 2166 600 «Credas
2202 543 2275 600 tu
2324 529 2423 598 illi
2473 541 2538 600 et
2564 551 2768 599 omne
2817 551 3043 620 genus

494 632 764 690 tuum.»
808 623 872 690 S.
902 619 1095 690 Vitus
1121 618 1515 699 subridenS,
1553 619 1689 689 ait:
1739 624 1953 689 «Bene
1977 618 2208 689 dixisti
2243 623 2647 708 Imperator.
2695 623 2832 710 Ego
2854 618 3043 687 enim

492 718 558 779 et
594 729 798 779 omne
843 729 1063 800 genus
1096 728 1358 789 meum,
1399 706 1581 795 quod
1618 729 1699 778 ex
1752 713 1879 777 Deo
1915 719 2155 778 natum
2221 719 2323 776 est
2350 728 2470 796 per
2519 706 2727 776 fidem
2824 730 2915 777 ua
2969 720 3039 778 et

491 818 615 889 ego
651 809 928 867 renatus
957 818 1139 877 sum,
1177 817 1501 866 coronam
1544 818 1687 866 sem
1746 795 2035 866 iternam
2071 796 2140 865 in
2178 794 2386 866 coelis
2418 794 2714 885 adipisci
2770 728 3045 866 deside-

492 907 797 956 ramus.»
848 885 974 956 Illa
1035 884 1204 955 hora
1258 884 1447 954 mille
1499 883 1638 955 fere
1743 885 2011 956 omines
2064 884 2505 954 crediderunt
2553 884 2623 954 in
2658 884 3032 955 Christum.

492 974 594 1044 Ait
625 996 787 1065 ergo
834 975 918 1044 ad
957 974 1230 1043 beatum
1282 975 1507 1044 Vitum
1538 973 2031 1044 Diocletianus:
2078 973 2314 1045 «Multi
2342 972 2510 1042 dum
2544 972 2711 1042 haec
2746 982 2863 1044 tua
2902 973 3048 1044 Vite

490 1075 678 1220 gesta
706 1063 1168 1153 conspiciunt,
1219 1062 1510 1133 credunt
1564 1062 1830 1134 artibus
1879 1063 2039 1142 tuis,
2077 1061 2334 1150 quibus
2380 1060 2637 1131 ferrum
2678 1072 2745 1131 et
2800 1061 3030 1153 ignem

542 1174 808 1222 ornas.»
843 1156 1136 1223 Sanctus
1174 1150 1366 1222 Vitus
1393 1150 1788 1241 respondit:
1846 1174 1880 1218 «
1912 1155 2049 1242 Ego
2082 1172 2214 1221 non
2243 1149 2507 1220 artibus
2544 1150 2710 1219 ullis
2741 1149 2922 1220 ferro
2971 1164 3040 1220 et

491 1240 632 1333 igni
667 1241 956 1332 impero,
1010 1239 1128 1310 sed
1178 1253 1529 1310 creaturae
1575 1262 1736 1310 cum
1797 1240 1957 1321 sint,
2008 1238 2297 1309 creatori
2337 1260 2465 1309 suo
2531 1239 2818 1308 Domino
2879 1261 3032 1309 meo

489 1330 654 1399 Jesu
698 1329 963 1400 Christo
991 1329 1319 1398 honorem
1355 1328 1696 1399 exhibent.
1729 1328 1921 1412 Quod
1955 1341 2016 1398 te
2058 1327 2275 1398 multo
2303 1327 2505 1397 etiam
2546 1328 2768 1419 magis
2821 1327 3037 1417 pude-

490 1417 673 1499 facit,
726 1417 1006 1519 quando
1039 1438 1164 1487 res·
1196 1416 1633 1488 insensibiles
1674 1428 1740 1487 et
1787 1416 1968 1487 serae
2023 1415 2293 1488 belluae
2361 1414 2644 1495 faciunt,
2690 1416 2870 1503 quod
2932 1428 3033 1498 tu,

490 1506 608 1594 qui
643 1518 910 1576 ratione
959 1504 1312 1597 praeditus
1339 1527 1435 1588 eS,
1487 1504 1711 1576 facere
1753 1527 1882 1577 non
1923 1505 2047 1587 vis,
2108 1505 2276 1596 ipsis
2308 1504 2597 1595 proinde
2645 1503 2867 1575 brutis
2920 1505 3036 1574 de-

493 1596 770 1665 terior.»
803 1600 972 1663 Tum
1009 1594 1465 1664 Diocletianus
1493 1594 1708 1684 jussit
1739 1594 2012 1665 beatum
2043 1595 2270 1664 Vitum
2311 1614 2470 1663 cum
2523 1604 2760 1664 sancto
2805 1593 3031 1664 Mode-

492 1694 594 1755 sto
641 1695 706 1753 et
736 1682 1118 1782 Cr0centia
1153 1681 1280 1773 (a),
1333 1704 1509 1770 quae
1559 1682 2063 1775 praedicatione
2111 1683 2241 1752 Viti
2297 1682 2369 1751 in
2419 1681 2763 1752 Christum
2813 1681 3034 1752 credi·
3133 1685 3138 1689 ’

490 1771 706 1854 derat,
760 1772 830 1840 in
859 1783 1116 1844 catasta
1147 1772 1442 1841 extendi.
1483 1772 1658 1842 Dixit
1687 1784 1916 1843 autem
1949 1771 2050 1840 illi
2082 1773 2323 1841 beatus
2355 1792 2547 1863 puer:
2588 1769 3033 1841 «Ridiculam

488 1872 555 1931 et
593 1859 1009 1931 imbecillem
1045 1859 1353 1931 declaras
1392 1860 1708 1930 virtutem
1746 1873 1959 1942 tuam,
1998 1859 2277 1948 quando
2324 1858 2694 1930 foeminam
2730 1861 3033 1946 torqueri

482 1948 763 2038 jubesz»
793 1949 1315 2037 'torquebantur
1345 1971 1500 2019 vero
1548 1949 1767 2020 sancti
1801 1962 2134 2040 martyres
2182 1949 2252 2017 in
2313 1960 2570 2018 catasta
2623 1946 2815 2017 valde
2854 1961 3041 2018 atro-

488 2037 677 2119 citer,
732 2038 826 2126 ita
858 2049 934 2107 ut
981 2037 1333 2129 dissipatis
1362 2038 1658 2118 ossibus,
1715 2039 1969 2107 viscera
2024 2050 2455 2128 apparerent.
2512 2036 2841 2106 Clamavit
2903 2029 3041 2127 igi-

487 2139 602 2197 tur
632 2138 914 2197 sanctus
945 2127 1137 2196 Vitus
1183 2126 1270 2196 ad
1321 2127 1738 2197 Dominum:
1788 2132 1984 2206 Deus,
2039 2129 2110 2196 in
2156 2129 2417 2196 nomine
2473 2137 2585 2195 tuo
2638 2123 2861 2196 salvos
2910 2146 3039 2197 nos

487 2218 626 2305 sac,
680 2227 742 2285 et
793 2218 864 2284 in
899 2217 1148 2284 virtute
1197 2226 1317 2285 tua
1368 2217 1580 2285 libera
1634 2236 1780 2285 nos,
1828 2215 2204 2302 Statimque
2253 2215 2497 2306 ingens
2528 2214 2744 2284 extitit
2788 2227 3039 2284 terrae-

491 2316 718 2374 motus
736 2314 801 2374 et
825 2304 1335 2374 coruscationes
1353 2302 1714 2386 terribiles,
1738 2316 2281 2391 corrueruntque
2304 2303 2557 2393 templa
2582 2301 2952 2384 idolorum,
2975 2315 3042 2374 et

492 2391 689 2463 multi
718 2415 753 2461 e
783 2391 1038 2485 populo
1053 2392 1327 2463 extincti
1352 2406 1536 2463 sunt.
1565 2397 1720 2484 Ipse
1739 2414 2009 2481 quoque
2029 2398 2408 2484 Imperator
2423 2392 2723 2474 territus,
2753 2394 3041 2483 propere

489 2479 781 2573 aufugit,
832 2481 1221 2573 percutiens
1267 2504 1480 2554 manu
1524 2481 1814 2553 frontem
1852 2505 2077 2564 suam,
2130 2494 2194 2551 et
2233 2503 2394 2551 cum
2436 2480 2700 2572 ingenti
2740 2480 3042 2551 clamore

488 2570 752 2641 dicens:
806 2576 938 2641 Vae
988 2572 1180 2644 mihi.
1220 2571 1339 2659 qui
1387 2594 1426 2641 a
1476 2571 1741 2642 tantillo
1794 2593 2006 2663 puero
2046 2571 2345 2662 turpiter
2401 2581 2767 2662 superatus
2802 2593 2982 2641 sum.

570 2661 609 2817 ῗ
656 2665 806 2732 12.
863 2660 1222 2730 Descendit
1252 2670 1481 2730 autem
1532 2659 1833 2751 Angelus
1886 2660 2176 2741 Domini,
2233 2671 2299 2729 et
2343 2682 2384 2729 a
2442 2663 2699 2729 catasta
2760 2680 2877 2731 eos
2916 2660 3040 2729 ab·

489 2769 565 2819 so
601 2770 786 2829 vem,
840 2761 1117 2840 repente
1147 2748 1498 2820 transtulit
1544 2748 1629 2818 ad
1672 2748 1964 2819 Silerum
2009 2750 2295 2819 flumen:
2349 2748 2474 2818 ubi
2508 2759 2792 2818 sanctus
2841 2748 3035 2817 Vitus

487 2859 649 2907 cum
692 2834 849 2907 aliis
889 2837 1019 2909 sub
1067 2838 1309 2908 arbore
1356 2837 1743 2925 quiescens,
1799 2858 2033 2927 preces
2083 2859 2207 2929 pro
2237 2858 2309 2907 se
2355 2848 2419 2907 et
2466 2836 2740 2907 duobus
2779 2836 3037 2906 beatis-

484 2926 681 2997 simis
715 2926 931 2996 Sociis
978 2924 1065 2995 ad
1117 2926 1484 2995 Dominum
1533 2925 1760 3006 sudit;
1815 2938 1881 2997 et
1937 2948 2095 2995 cum
2148 2926 2559 3017 complesset
2599 2925 2974 2995 orationem
3016 2980 3033 3005 ‚

483 3036 722 3084 eorum
775 3015 1048 3084 animae
1095 3013 1382 3085 feliciter
1410 3014 1676 3084 coelum
1730 3014 2096 3106 petierunt.
2152 3020 2274 3083 Per
2315 3014 2620 3084 triduum
2653 3025 2884 3083 autem
2918 3036 3041 3084 su-

484 3124 699 3195 perno
750 3100 1034 3172 munere
1082 3102 1875 3191 aquilaecustodierunt
1921 3125 2210 3194 corpora
2250 3125 2537 3182 eorum;
2603 3101 2822 3173 donec
2886 3100 3039 3170 Flo-

485 3191 706 3261 rentia
752 3192 1119 3279 quaedam,
1159 3190 1447 3261 illustris
1497 3191 1828 3271 foemina,
1884 3191 2051 3262 dum
2103 3214 2304 3262 secus
2361 3192 2592 3263 locum
2698 3194 3040 3261 estaretu'r

485 3280 573 3350 ab
607 3281 806 3368 equis
853 3281 923 3350 in
970 3280 1289 3351 basterna
1334 3279 1435 3370 (b)
1483 3302 1693 3371 super
1741 3281 1963 3371 ripam
2016 3280 2344 3371 praedicti
2415 3280 2612 3350 Sileri
2717 3279 2979 3349 uminis
3016 3334 3033 3360 ,

483 3368 925 3441 exilientibus
965 3369 1190 3440 subito
1231 3390 1479 3460 pavore
1528 3369 1774 3438 iisdem
1823 3370 2041 3456 equis,
2098 3382 2292 3461 rapta
2341 3370 2410 3439 in
2461 3368 2768 3439 medium
2842 3368 3040 3438 fluvii

482 3470 608 3538 est;
662 3480 821 3529 cum
874 3479 962 3529 ue
990 3459 1324 3550 coepisset
1375 3458 1588 3549 mergi
1625 3458 1949 3559 apparuit
1985 3459 2048 3527 ei
2080 3464 2148 3528 S.
2187 3459 2379 3529 Vitus
2410 3456 2782 3527 ambulans
2827 3478 3041 3557 super

482 3569 736 3635 aquas;
774 3570 812 3616 a
903 3568 1106 3635 quem
1169 3548 1501 3617 Florentia
1549 3546 1721 3617 dixit
1749 3547 2011 3638 ingenti
2049 3547 2347 3617 clamore
2375 3571 2388 3614 :
2421 3547 2532 3616 «Si
2584 3546 2883 3637 Angelus
2914 3549 3036 3614 Det

481 3658 555 3705 es
589 3635 801 3705 libera
852 3657 984 3706 me.
1026 3664 1050 3699 a>
1105 3637 1226 3706 Cui
1275 3642 1345 3705 B.
1388 3658 1599 3727 puer:
1656 3659 1691 3701 «
1728 3640 1865 3727 Ego
1915 3656 2070 3705 sum
2104 3636 2317 3717 Vitus,
2372 3658 2412 3705 a
2444 3636 2731 3704 Domino
2775 3633 3035 3704 missus

484 3736 559 3794 ut
604 3746 840 3797 eruam
881 3735 962 3801 te,
1001 3746 1138 3812 quo
1174 3725 1463 3815 sepelias
1509 3746 1796 3814 corpora
1848 3738 2149 3794 nostra.»
2192 3724 2286 3793 Ab
2329 3725 2591 3814 impetu
2640 3723 2855 3813 igitur
2901 3722 3038 3791 flu-

486 3813 701 3882 minis
753 3827 983 3904 erepta
1034 3813 1372 3883 Florentia
1419 3813 1697 3904 collegit
1715 3835 2001 3903 corpora
2031 3817 2477 3892 Sanctorum,
2521 3823 2586 3881 et
2611 3809 3039 3882 aromatibus

489 3902 826 3972 condiens
844 3902 1152 3994 sepelivit
1183 3903 1250 3971 in
1273 3903 1572 3972 Mariano
1593 3901 1894 3993 praedio.
1924 3903 2112 3972 Passi
2135 3915 2294 3972 sunt
2317 3905 2429 3971 SS.
2464 3901 2653 3971 Vitus
2678 3922 2846 3989 puer
2862 3899 3042 3969 duo·-

485 3990 759 4071 dennis,
815 3991 1157 4061 Modestus
1205 4004 1271 4060 et
1309 3993 1690 4063 Crescentia
1738 3992 1925 4082 (ejus
1965 3990 2379 4079 educatores)
2414 3994 2496 4057 ⁴7
2551 3988 2825 4059 Calend.
2864 3994 3031 4057 Jun.

535 4204 598 4258 (a)
626 4207 783 4247 Serius
813 4217 953 4257 quam
981 4208 1243 4256 oportuerit
1271 4209 1318 4247 et.
1346 4217 1402 4248 ex
1433 4209 1690 4256 improviso
1718 4209 1913 4257 apparet
1938 4208 2030 4247 huc
2061 4208 2104 4247 S.
2134 4208 2404 4247 crescentia
2438 4216 2559 4255 quae
2598 4206 2704 4245 Vito
2737 4207 2787 4245 et
2824 4204 3041 4245 Modesto

484 4261 704 4301 socianda
731 4263 835 4301 erat
863 4271 969 4301 cum
996 4258 1345 4301 describeretur
1372 4261 1483 4310 fuga
1512 4272 1537 4299 e
1566 4263 1760 4310 paterna
1802 4263 1938 4302 domo
1977 4262 2023 4300 et
2066 4261 2393 4300 transfretatio
2429 4270 2454 4299 e
2485 4256 2645 4300 Sicilia
2684 4257 2730 4299 in
2764 4254 3038 4298 Lucaniam.

482 4316 604 4354 Male
633 4315 789 4355 autem
818 4312 992 4355 dicitur
1021 4327 1131 4365 quae
1142 4315 1469 4364 praedicatione
1495 4316 1577 4355 Vm
1596 4317 1640 4355 in
1660 4317 1879 4355 Christum
1901 4316 2163 4363 crediderat,
2184 4325 2307 4360 oum,
2325 4322 2379 4353 ut
2401 4312 2513 4354 alibi
2534 4310 2829 4362 probabilius
2850 4311 3041 4360 tegitur,

484 4378 629 4428 aeque
659 4378 711 4407 ac
737 4368 980 4409 Modestus
1012 4366 1102 4408 imo
1131 4368 1384 4415 efficacius,
1417 4370 1471 4407 ut
1500 4369 1651 4409 fidelis
1684 4366 1882 4408 nutricia
1913 4370 1998 4411 est,
2027 4378 2224 4416 puerum
2256 4370 2302 4407 et
2330 4369 2530 4407 naturae
2562 4368 2611 4407 et
2639 4365 2884 4415 rengtouts
2914 4365 3040 4406 lacte

489 4423 867 4528 ωὶέἶιῗέξὲειηια,
884 4473 1154 4517 vehiculum
1173 4478 1370 4526 tectum,
1390 4485 1475 4515 seu
1495 4473 1675 4521 lectica,
1697 4475 1838 4515 dorso
1859 4474 2056 4515 duorum
2080 4475 2354 4516 animalium
2376 4473 2611 4526 gestanda.
