3357 4995
195 336 393 405 tUNn
440 338 485 401 2
881 352 959 401 ns
1004 348 1201 401 xtvm
1247 348 1642 400 worumnus.
1696 351 2092 401 naarrmnns
2565 334 2650 401 39

230 480 231 483 =
305 434 573 507 eclaras
606 433 695 504 ad
737 453 937 503 suam
972 433 1197 524 ipsius
1245 431 1538 523 gloriam
1589 431 1825 522 gessit,
1864 452 2025 501 cum
2060 430 2533 504 adversarium
2577 454 2736 524 pro-

244 526 253 535 ’
303 524 529 605 ando',
591 535 743 594 tum
793 521 1079 592 caeteris
1126 520 1563 612 praeclarum
1611 519 2011 611 exemplum
2058 522 2519 603 ostendendO,
2578 521 2738 593 nul-

203 608 328 682 lum
375 634 536 683 esse
580 623 875 691 metum,
924 611 1050 681 ubi
1099 610 1217 680 Dei
1250 610 1471 679 Patris
1508 609 1836 690 charitas,
1890 630 2016 679 nec
2054 608 2271 679 ullam
2321 610 2733 693 molestiam,

198 700 306 769 ubi
346 702 531 773 fides
580 700 834 770 Christi
881 700 1082 790 viget.
1136 704 1305 771 Nam
1355 718 1784 786 quamquam
1834 697 2035 788 impii
2082 698 2445 770 carnifices
2493 701 2739 790 paucis

198 787 432 862 diebus
463 801 648 881 post,
690 809 853 859 cum
900 799 1275 878 martyrem
1312 787 1543 857 denuo
1591 798 2012 874 torquerent,
2065 787 2427 877 putabant,
2481 788 2542 857 si
2587 810 2740 859 cor-

196 878 380 967 poris
422 878 762 949 membris
802 878 1159 968 superiore
1197 875 1343 965 jam
1385 876 1705 947 cruciatu
1736 874 2048 955 tumidis,
2092 887 2158 945 et
2187 876 2742 947 inflammatione

287 966 490 1036 adam
542 966 1167 1045 effervescentibus,
1219 963 1459 1034 eadem
1510 963 1857 1055 supplicia
1903 964 2460 1046 accumularent,
2514 967 2617 1036 vel
2668 987 2742 1036 se

193 1054 394 1125 ilum
443 1054 641 1126 facile
686 1053 1053 1137 evicturos,
1106 1053 1511 1146 praesertim
1570 1074 1733 1122 cum
1773 1073 1899 1122 nec
1950 1070 2289 1124 manuum
2338 1075 2553 1146 prope
2603 1070 2740 1124 tra-

193 1144 563 1214 ctationem
609 1142 912 1235 perferre
964 1145 1097 1213 ‘am
1148 1153 1427 1234 posset:
1481 1140 1584 1212 vel
1636 1140 1835 1211 illum
1885 1143 2245 1212 tormentis
2293 1144 2573 1213 tandem
2624 1165 2737 1213 ex-

194 1232 519 1313 tinctum,
571 1254 845 1323 gravem
888 1167 1174 1320 reliquis
1221 1232 1575 1301 horrorem
1636 1230 2131 1302 incussurum:
2186 1244 2417 1303 tamen
2466 1243 2738 1302 tantum

194 1320 443 1401 abfuit,
495 1333 575 1390 ut
615 1323 688 1391 in
736 1321 858 1391 illo
906 1320 1168 1410 aliquid
1218 1319 1564 1408 ejusmodi
1612 1320 2062 1421 contingeret,
2118 1331 2197 1391 ut
2227 1322 2432 1391 etiam
2470 1333 2740 1412 praeter

194 1409 517 1479 omnium
563 1408 926 1480 hominum
964 1410 1389 1501 opinionem,
1440 1429 1696 1498 corpus
1744 1409 1815 1478 in
1864 1408 2007 1480 illis
2054 1409 2553 1499 posterioribus
2602 1423 2742 1479 tor-

195 1498 452 1569 mentis
499 1509 903 1579 recreatum,
957 1511 1023 1569 et
1067 1499 1416 1588 integrum
1466 1498 1886 1578 restitutum,
1940 1496 2234 1567 formam
2337 1500 2585 1569 riorem
2635 1511 2736 1569 at-

193 1608 330 1675 que
376 1606 589 1656 usum
637 1587 1108 1663 membrorum
1159 1600 1632 1677 recuperaret:
1705 1586 1875 1656 adeo
1935 1598 2013 1656 ut
2059 1608 2270 1657 secun
2326 1611 2364 1657 a
2416 1588 2536 1657 illa
2584 1609 2738 1657 car-

196 1676 530 1755 nificina,
584 1697 722 1745 non
792 1675 1054 1747 inflicta
1100 1696 1363 1766 poena,
1416 1673 1533 1746 sed
1583 1675 1929 1745 medicina
1978 1696 2100 1766 per
2147 1675 2396 1746 Christi
2445 1676 2738 1767 gratiam

195 1764 510 1834 adhibita
558 1763 924 1834 videretur.

281 1855 320 1940 ς
364 1856 445 1924 ¹2.
498 1856 708 1923 Porro
755 1852 1113 1934 Biblidem,
1167 1873 1384 1923 unam
1431 1874 1511 1922 ex
1556 1873 1793 1923 eorum
1840 1874 2154 1935 numer0,
2198 1853 2319 1941 qui
2361 1852 2522 1924 fidei
2570 1874 2739 1923 con-

194 1941 570 2011 fessionem
610 1954 1124 2033 pernegassent,
1177 1964 1339 2012 cum
1378 1941 1527 2031 jam
1576 1940 1897 2011 diabolus
1945 1965 1986 2010 a
2047 1963 2119 2011 se
2167 1963 2451 2033 prorsus
2500 1943 2743 2012 absor-

193 2042 385 2119 ptam
438 2042 731 2120 putaret‚
769 2031 1059 2121 cupiens
1104 2030 1311 2101 etiam
1345 2051 1467 2120 per
1512 2029 2017 2130 blasphemiam
2071 2030 2143 2100 in
2190 2035 2429 2111 Deum,
2486 2030 2740 2101 conde-

194 2119 622 2189 mnationem
682 2120 834 2209 ejus
898 2140 1172 2210 augere,
1241 2118 1328 2187 ad
1395 2119 1821 2210 supplicium
1886 2118 2364 2189 deducendam
2423 2119 2734 2199 curavit,

192 2229 493 2294 eamque
538 2206 724 2277 velut
784 2206 1066 2277 fractam
1126 2220 1191 2277 et
1254 2208 1574 2295 ignavam
1612 2263 1627 2291 ,
1689 2207 1903 2297 impia
1971 2208 2044 2277 in
2113 2228 2237 2277 nos
2284 2219 2350 2276 et
2396 2208 2741 2298 flagitiosa

195 2297 457 2385 probra
496 2295 687 2383 loqui
725 2295 1028 2386 impulit.
1071 2296 1200 2366 Illa
1248 2308 1475 2366 tamen
1516 2297 1588 2366 in
1632 2307 1972 2366 tormento
2019 2296 2222 2366 rediit
2268 2296 2354 2365 ad
2405 2318 2501 2375 se,
2536 2308 2740 2384 atque

192 2386 333 2476 (ut
381 2385 477 2454 ita
524 2384 811 2474 dicam)
854 2405 935 2455 ex
983 2383 1326 2476 profundo
1373 2406 1616 2455 somno
1663 2385 1950 2455 excitata
1998 2398 2122 2467 est,
2176 2385 2521 2475 praesenti
2570 2407 2739 2475 sup-

193 2473 414 2566 plicio
473 2473 986 2563 quodammodo
1032 2473 1470 2555 submonita,
1522 2488 1600 2546 ut
1657 2473 1743 2544 de
1789 2485 2066 2545 aeterna
2113 2474 2470 2566 gehennae
2519 2495 2741 2565 poena

192 2564 377 2636 serio
426 2564 778 2654 cogitaret.
829 2568 906 2634 At
949 2576 1210 2645 contra,
1263 2584 1474 2651 quam
1522 2563 1844 2634 diabolus
1891 2563 2328 2653 expectabat,
2380 2561 2741 2632 malevolis

191 2652 741 2722 Christianorum
808 2651 1380 2724 obtrectatoribus
1441 2673 1522 2722 ex
1581 2652 1868 2723 adverso
1931 2653 2028 2724 sic
2092 2650 2501 2742 respondet:
2559 2655 2743 2733 Quo-

190 2740 407 2812 modo
468 2740 814 2810 e'usmodi
877 2742 1007 2810 viri
1077 2741 1331 2812 liberos
1403 2763 1566 2812 suos
1636 2741 1964 2811 devorare
2027 2742 2096 2810 in
2172 2740 2488 2810 animum
2558 2752 2746 2830 pote-

191 2843 358 2901 runt
407 2831 479 2900 in
535 2849 784 2911 ucere,
853 2830 1110 2918 quibus
1165 2852 1254 2900 ne
1318 2829 1587 2901 licitum
1647 2829 1930 2917 quidem
1998 2828 2086 2899 sit
2134 2829 2544 2920 sanguinem
2599 2829 2747 2898 ani-

189 2919 488 2989 malium
537 2918 802 2988 ratione
847 2919 1235 2990 carentium
1281 2919 1673 2989 comedere?
1713 2923 1791 2988 Et
1823 2918 1910 2988 ab
1959 2940 2038 2988 eo
2085 2931 2392 3008 tempore
2441 2939 2513 2990 se
2554 2917 2745 2988 Chri-

192 3009 492 3078 stianam
558 3008 860 3097 ingenue
918 3007 1234 3079 confessa
1299 3018 1445 3088 est,
1506 3019 1573 3077 et
1632 3007 1797 3078 sorti
1859 3027 2284 3095 numeroque
2346 3020 2736 3097 martyrum

194 3096 549 3187 adjuncta.
623 3100 700 3166 At
757 3117 921 3167 cum
981 3096 1346 3186 tyrannica
1402 3095 1848 3183 crudeliaque
1894 3095 2016 3164 illa
2072 3095 2747 3187 suppliciorum-ge·-

194 3206 362 3254 nera
412 3206 534 3274 per
579 3183 940 3255 beatorum
988 3185 1418 3276 patientiam,
1473 3184 1723 3254 Christi
1770 3184 2018 3254 virtute
2065 3184 2435 3264 firmatam,
2489 3184 2748 3254 frustra

195 3273 1023 3375 impositanirrogataque
1090 3273 1534 3354 viderentur,
1604 3271 1927 3343 diabolus
1974 3271 2148 3342 alias
2195 3273 2537 3361 quasdam
2602 3269 2754 3342 mal

194 3363 441 3432 chinas
488 3360 576 3432 de
622 3361 887 3453 integro
949 3374 1189 3433 contra
1246 3362 1403 3432 illos
1457 3361 1902 3452 excogitavit,
1969 3383 2216 3450 nempe
2261 3374 2338 3430 ut
2387 3362 2458 3430 in
2507 3383 2743 3431 carce-

193 3471 343 3521 rem
383 3451 700 3541 conjecti,
753 3452 1103 3522 interdum
1153 3452 1224 3519 in
1274 3449 1443 3521 locis
1491 3449 1773 3520 horrida
1811 3449 2108 3540 caligine
2154 3450 2423 3531 obsitis,
2476 3462 2542 3520 et
2592 3449 2736 3540 ple-

196 3540 305 3610 nis
356 3539 874 3622 molestiarum,
930 3540 1181 3610 misere
1217 3539 1566 3630 jacerent:
1622 3558 2153 3625 nonnumquam
2205 3537 2486 3608 illorum
2540 3538 2748 3629 pedes

196 3628 266 3697 in
314 3649 593 3698 crassas
639 3628 1005 3719 compedes
1050 3627 1361 3719 impositi
1400 3682 1416 3709 ,
1458 3626 2062 3700 distenderentur:
2118 3625 2498 3715 aliquando
2546 3648 2747 3697 vexa-

198 3729 439 3787 rentur
484 3716 644 3788 aliis
690 3717 1056 3808 plagarum
1114 3716 1378 3799 modis,
1430 3737 1606 3804 quos
1670 3714 1898 3786 rabidi
1946 3715 2206 3796 diaboli
2257 3715 2609 3795 ministri,
2663 3714 2750 3784 il-

197 3805 475 3893 liusque
521 3804 1003 3876 malevolentia
1050 3805 1349 3885 suffusi,
1405 3805 1813 3876 hominibus
1859 3804 1933 3872 in
1982 3825 2329 3874 carcerem
2395 3803 2752 3874 conclusis

200 3894 511 3965 incutere
549 3892 791 3975 solent,
823 3894 1245 3982 usqueadeo,
1285 3906 1364 3964 ut
1392 3894 1812 3984 complures,
1847 3914 2023 3980 quos
2064 3893 2403 3962 Dominus
2439 3914 2519 3963 eo
2554 3904 2752 3983 pacto

197 4004 234 4052 e
277 3983 421 4053 vita
460 3982 647 4052 exire
681 3982 994 4064 volebat,
1047 3983 1149 4054 ibi
1193 3984 1282 4054 ob
1330 3981 1664 4053 foetidum
1713 3981 1994 4052 odorem
2058 3994 2125 4052 et
2171 3981 2306 4051 loci
2351 4002 2437 4051 an
2492 3981 2752 4050 ustiam

197 4071 481 4162 penitus
528 4071 1053 4142 suffocarentur.
1108 4070 1502 4155 Quinetiam
1553 4073 1691 4141 non
1742 4070 1948 4161 pauci
1982 4070 2082 4158 (in
2132 4070 2392 4158 quibus
2440 4069 2585 4140 ilic
2633 4067 2755 4138 Dei

198 4160 423 4318 gloria
470 4160 836 4251 perspicue
895 4171 1232 4232 ostentata
1294 4159 1494 4250 erat)
1537 4160 1858 4248 quamvis
1920 4159 2014 4229 ita
2082 4160 2330 4230 acerbe
2374 4157 2754 4229 excruciati

276 4250 518 4329 issent,
580 4262 663 4319 ut
705 4247 900 4319 nulla
945 4249 1302 4321 curatione
1349 4247 1685 4332 adhibita,
1741 4248 2141 4319 viderentur
2196 4247 2503 4338 amplius
2552 4267 2756 4338 posse

200 4335 413 4410 vitam
462 4336 901 4429 protrahere,
954 4339 1026 4408 in
1075 4360 1351 4410 carcere
1397 4348 1626 4408 tamen
1676 4338 2084 4439 superstites
2125 4338 2523 4416 manebant,
2560 4336 2757 4435 omni

203 4424 517 4497 humana
563 4425 843 4515 quidem
883 4429 1053 4498 cura
1098 4440 1165 4498 et
1211 4425 1526 4500 subsidio
1574 4426 1796 4500 orbati
1845 4449 1949 4497 ac-
1972 4424 2309 4506 destituti,
2363 4446 2404 4493 a
2464 4428 2754 4494 Domlno
