3357 4995
679 335 810 400 512
1287 352 1366 400 nn
1411 351 1785 401 nannum
1831 351 1887 399 s.
1938 349 2202 399 somms
2250 349 2428 396 aser.
2773 330 2994 397 JUNII
3038 330 3124 397 24

590 457 764 508 uxor
810 436 1175 507 Elizabeth.
1226 441 1433 507 Erant
1498 449 1726 507 autem
1773 435 1976 506 ambo
2014 436 2189 526 justi
2236 434 2464 525 (vitae
2522 433 2707 503 enim
2761 455 2923 503 cum
2981 434 3127 504 viro

589 527 975 596 societatem
1029 525 1324 595 habebat
1365 526 1640 608 mulier,
1707 525 1988 594 honeste
2031 545 2104 595 se
2156 522 2471 615 gerens),
2510 521 2760 612 jugum
2816 521 2988 613 legis
3029 522 3129 593 fe·

590 627 855 696 renteS,
899 615 1172 705 justitia
1222 614 1697 696 abundantes,
1773 614 2023 684 liberos
2075 634 2212 682 non
2275 611 2626 681 habentes.
2681 615 2892 681 Laesa
2938 611 3129 682 enim

588 716 963 794 conceptus
1013 701 1309 773 facultas
1367 702 1696 794 temporis
1742 701 2200 793 longitudine,
2261 713 2406 770 erat
2460 699 2805 770 Elizabeth
2854 700 3003 770 sine
3047 699 3133 770 li·

589 792 773 863 beris
832 805 898 862 et
948 792 1226 861 sterilis.
1272 791 1484 861 Ambo
1541 803 1771 862 autem
1833 801 2304 881 processerant
2351 789 2423 858 in
2480 787 2729 859 diebus
2759 788 2941 859 suis.
2998 792 3133 858 Na.-

589 885 789 961 tura,
845 882 915 949 in
969 880 1120 961 uit,
1180 880 1508 950 carebant
1565 880 1768 960 filiis,
1826 892 2098 950 etcum
2167 876 2749 969 procreandorum
2823 876 3131 947 filiorum

589 981 864 1060 tempus
961 969 1274 1038 efinitum
1320 969 1962 1059 consumpsissent,
2021 989 2156 1036 non
2219 988 2381 1057 spe,
2443 966 2559 1035 sed
2618 965 2765 1056 lege
2825 966 3130 1046 amissa,

589 1079 813 1128 mores
861 1058 1252 1128 habuerunt
1300 1079 1422 1148 pro
1494 1055 1799 1128 secundo
1866 1068 2191 1147 tempore.
2244 1054 2493 1125 Defecit
2557 1054 2946 1145 generatiO,
3011 1053 3135 1124 sed

590 1167 827 1236 preces
873 1169 1007 1216 non
1058 1146 1340 1217 fuerunt
1394 1145 1803 1215 imbecillae.

675 1238 713 1323 ἓ
768 1240 858 1310 ὅ.
936 1241 1215 1305 Factum
1257 1246 1360 1304 est
1401 1245 1630 1304 autem
1685 1256 1846 1304 cum
1893 1231 2271 1304 sacerdotio
2321 1232 2726 1322 fungeretur
2772 1231 3136 1301 Zacharias

585 1324 986 1414 (eratenim
1042 1323 1291 1394 festum
1348 1334 1666 1393 sanctum
1720 1334 1786 1392 et
1818 1321 2144 1413 insigne),
2184 1332 2364 1392 veste
2415 1320 2726 1401 indutus,
2777 1332 2842 1389 et
2871 1319 3138 1389 lamina

587 1412 1102 1503 circumposita,
1155 1424 1432 1501 accepto
1477 1411 1784 1493 incenso,
1830 1411 1970 1480 ibat
2002 1412 2069 1480 in
2110 1421 2506 1495 sanctorum
2539 1408 2768 1498 adyta.
2803 1414 3133 1477 Praecur-

589 1515 778 1571 rente
825 1513 1053 1570 autem
1108 1500 1339 1572 sonitu
1387 1500 1986 1580 tintinabulorum,
2033 1497 2404 1569 multitudo
2457 1500 2696 1568 orabat
2727 1510 2887 1566 ante
2916 1496 3124 1578 fores,

589 1589 1010 1659 sacerdotem
1064 1611 1295 1659 senem
1343 1588 1427 1658 ad
1463 1593 1671 1657 Deum
1710 1589 2009 1670 mittens,
2059 1600 2387 1675 tanquam
2426 1587 2786 1668 nuncium,
2818 1587 2940 1675 qui
2973 1606 3135 1655 cum

590 1678 833 1749 fuisset
871 1679 1051 1747 intra
1102 1676 1355 1757 velum,
1391 1676 1580 1747 visus
1618 1688 1721 1749 est
1763 1678 1824 1746 ei
1870 1676 2168 1768 Angelus
2217 1674 2512 1756 Domini,
2553 1686 2749 1744 stans
2791 1696 2832 1743 a
2874 1674 3137 1743 dextris

589 1789 747 1836 arae
805 1766 1093 1836 incensi.
1167 1765 1624 1836 conturbatus
1675 1780 1779 1837 est
1826 1777 2057 1835 autem
2131 1764 2535 1844 Zacharias,
2593 1776 2659 1833 et
2713 1785 2850 1832 non
2914 1763 3139 1853 potuit

589 1854 770 1925 ultra
825 1854 1169 1946 progredi,
1232 1867 1507 1946 propter
1554 1854 1786 1946 Angeli
1825 1866 2180 1945 aspectum
2231 1852 2699 1923 retrocedens:
2748 1852 2873 1921 diu
2903 1857 3134 1921 autem

591 1944 848 2014 mansit
898 1943 1250 2026 attonituS,
1301 1944 1468 2013 haec
1517 1944 1704 2034 apud
1750 1964 1822 2013 se
1867 1943 2153 2012 dicens:
2187 1942 2368 2024 Quid
2419 1941 2509 2011 sit
2537 1941 2690 2022 hoc,
2739 1940 2923 2027 quod
2953 1940 3138 2009 vide·

591 2045 726 2114 tur,
783 2032 1047 2103 dubito.
1085 2032 1274 2103 Alius
1321 2039 1408 2101 ad
1457 2031 1670 2102 altare
1725 2031 1990 2102 incensi
2035 2030 2350 2121 fungitur
2379 2051 2663 2101 munere
2692 2028 3128 2108 sacerdotali,

588 2143 715 2212 ego
767 2136 996 2191 autem
1046 2121 1393 2208 quomodo
1447 2121 1803 2211 imponam
1857 2120 2002 2211 igni
2052 2119 2463 2189 incensum?
2499 2123 2725 2188 Unum
2770 2118 2996 2189 solum
3031 2116 3138 2186 lex

580 2210 780 2301 jubet
822 2210 1019 2301 fungi
1070 2231 1356 2280 munere
1410 2208 1841 2279 sacerdotali.
1905 2214 2018 2278 Est
2060 2208 2356 2299 Angelus
2401 2229 2539 2276 non
2594 2207 2824 2286 homo,
2872 2207 2996 2294 qui
3032 2206 3133 2274 vi·-

590 2298 813 2369 detur.
867 2305 1094 2385 Neque
1126 2298 1227 2368 sic
1267 2311 1495 2368 tamen
1548 2299 1617 2367 in
1674 2297 2008 2387 templum
2046 2308 2227 2387 patet
2255 2296 2507 2378 aditus,
2550 2317 2685 2365 non
2720 2295 2906 2364 enim
2953 2294 3138 2364 didi—

590 2387 816 2459 cimus
869 2410 1009 2457 una
1053 2387 1444 2456 ministrare
1477 2410 1635 2456 cum
1665 2386 1962 2477 Angelis
2002 2385 2178 2468 Quid
2211 2385 2426 2475 igitur
2466 2384 2552 2454 de
2608 2406 2717 2454 me
2769 2381 3135 2471 fletiquid

591 2479 844 2568 agam?
884 2497 1257 2635 quemnam
1310 2475 1647 2567 accipiam
1701 2474 2229 2546 consiliarium?
2283 2478 2531 2544 Sancta
2559 2495 2644 2542 ne
2697 2473 2940 2543 cedam
2977 2495 3138 2544 san·-

590 2567 763 2635 ctis?
818 2589 893 2636 sa
925 2567 1154 2647 utaho,
1199 2578 1265 2634 et
1315 2564 1649 2635 accedens
1690 2563 1868 2634 dabo
1915 2565 2310 2634 incensum?
2339 2562 2665 2650 Nunquid
2704 2584 2813 2631 me
2846 2562 3138 2652 accipiet

592 2656 900 2725 socium?
945 2661 1118 2725 Num
1171 2655 1355 2723 venit
1409 2654 1998 2724 sermocinaturus
2044 2673 2204 2722 cum
2272 2651 2609 2722 ministris
2679 2653 3136 2722 sanctorum?

589 2743 797 2813 Video
840 2742 1213 2814 terribilem
1269 2755 1335 2812 et
1383 2742 1680 2813 laetum:
1735 2743 2016 2812 Venitne
2073 2744 2329 2812 bonum
2390 2740 2685 2810 afferens
2737 2740 3069 2810 nuncium
3109 2792 3128 2819 ,

591 2832 934 2903 famemne
982 2855 1070 2902 an
1125 2831 1384 2901 bellum
1446 2831 1833 2901 minitans?
1872 2830 2056 2918 quod
2113 2851 2269 2899 vero
2326 2829 2384 2899 is
2424 2828 2732 2986 guidem,
2778 2829 2901 2916 qui
2953 2826 3141 2897 vide·

592 2935 725 3001 tur,
767 2923 853 2993 sit
898 2920 1169 2991 satelles
1216 2919 1529 2992 coelestis
1564 2933 1640 2990 -et
1691 2942 1828 2988 non
1862 2925 2060 3000 Deus,
2098 2918 2299 2989 statio
2346 2919 2416 2986 in
2475 2918 2629 2988 icat.
2685 2919 2903 2987 Isaias
2950 2916 3141 2986 enim

592 3009 760 3079 vidit
820 3009 1186 3080 Dominum
1236 3008 1628 3078 sedentem:
1680 3008 1983 3078 Ezechiel
2060 3028 2275 3097 supra
2323 3006 2653 3076 thronum
2716 3005 2983 3096 aspexit
3035 3005 3145 3074 in-

591 3120 1023 3188 corporeum,
1082 3096 1314 3167 Daniel
1370 3096 1691 3167 similiter
1731 3097 2096 3184 antiquum
2146 3096 2416 3165 dierum
2451 3094 2824 3166 sedentem.
2871 3095 2997 3164 Hic
3028 3115 3154 3164 au·

590 3200 728 3258 tem
785 3199 938 3267 stat,
993 3185 1292 3276 implens
1319 3185 1805 3269 ministerium,
1836 3186 2056 3276 captis
2088 3184 2400 3276 partibus
2454 3182 2691 3253 altaris
2741 3183 2967 3274 magis
3014 3183 3148 3252 ho-

592 3275 1050 3354 norabilibus,
1106 3275 1230 3344 Hei
1289 3274 1507 3355 mihi,
1564 3297 1736 3345 num
1800 3290 2077 3366 propter
2134 3295 2367 3342 meum
2429 3285 2790 3363 peccatum
2839 3274 3046 3342 etiam
3107 3293 3150 3341 a

594 3365 850 3456 populo
907 3364 1238 3433 rationem
1312 3363 1418 3432 exi
1469 3367 1588 3433 et?
1660 3369 1837 3436 Num
1917 3360 2321 3454 magnitudo
2377 3362 2704 3443 honoriS,
2763 3361 2894 3431 erit
2966 3360 3147 3430 mihi

594 3454 864 3524 occasio
925 3452 1205 3543 majoris
1253 3386 1624 3553 supplicii?
1851 3529 1860 3536 ,

681 3545 858 3629 §st
935 3545 1115 3611 Haec
1166 3540 1582 3611 ratiocinans
1654 3541 2202 3611 conturbabatur
2274 3538 2662 3609 Zacharias.
2730 3544 2874 3609 Non
2944 3537 3152 3608 latuit

594 3645 825 3701 autem
881 3630 1213 3721 Angelum
1265 3629 1648 3700 Gabrielem
1724 3629 2098 3701 sacerdotis
2169 3627 2624 3699 conturbatio.
2693 3627 3029 3711 Quocirca
3079 3627 3152 3696 ei

594 3720 822 3792 statim
876 3718 1221 3808 placidam
1270 3740 1502 3789 vocem
1553 3718 1763 3799 dedit,
1841 3731 2165 3806 tanquam
2217 3717 2596 3797 dexteram,
2643 3716 2980 3788 clamans:
3053 3721 3155 3786 Ne

596 3808 842 3877 timeas
889 3808 1238 3877 Zacharia.
1278 3808 1477 3879 Prius
1523 3808 1675 3899 ejus
1704 3808 2113 3898 compressit
2161 3806 2500 3888 timorem,
2552 3818 2617 3875 et
2663 3816 2830 3875 tunc
2879 3805 3154 3876 bonum

593 3897 898 3967 narravit
930 3896 1294 3977 nuncium,
1345 3910 1423 3967 ut
1473 3919 1607 3966 non
1709 3897 2058 3967 erturbato
2105 3896 2337 3964 animo
2391 3894 2733 3985 acciperet
2778 3892 3155 3964 Zacharias

595 3985 664 4054 id
706 3985 891 4073 quod
938 3986 1001 4054 ei
1042 3983 1590 4076 significabatur,
1695 3986 1916 4056 icens:
1972 3990 2065 4057 Ne
2115 3984 2356 4055 timeas
2403 3984 2763 4064 Zacharia,
2812 3983 2935 4053 tibi
2986 4005 3158 4074 gra-

593 4087 706 4144 tus
744 4074 1027 4144 affertur
1075 4073 1377 4143 nuncius
1407 4098 1422 4142 :
1456 4074 1780 4144 exaudita
1803 4087 1903 4144 est
1939 4084 2053 4144 tua
2088 4072 2499 4163 deprecatio:
2534 4077 2710 4142 Uxor
2759 4082 2877 4141 tua
2931 4072 3158 4161 pariet

594 4162 848 4246 filium,
892 4175 960 4233 et
1008 4164 1280 4234 vocabis
1324 4169 1892 4234 eumJoannem:
1946 4161 2040 4232 Ad
2085 4174 2145 4231 te
2189 4161 2378 4231 enim
2428 4162 2580 4231 veni
2629 4161 2714 4231 de
2744 4161 2957 4242 coelo,
3006 4182 3154 4229 non

486 4288 493 4295 =
596 4251 822 4323 solum
878 4264 1156 4342 portans
1208 4251 1430 4329 filium
1467 4308 1482 4335 ,
1537 4252 1656 4323 sed
1717 4251 1922 4322 etiam
1974 4251 2169 4330 veni,
2225 4273 2385 4320 cum
2436 4274 2515 4320 ex
2563 4249 2738 4320 libro
2791 4271 3098 4339 superno
3133 4303 3150 4331 ‚

595 4340 996 4412 didicissem
1065 4362 1313 4413 nomen
1363 4341 1514 4432 ejus
1570 4341 1691 4429 qui
1750 4340 2077 4411 nascitur.
2131 4345 2209 4408 In
2258 4338 2513 4410 civium
2562 4338 2957 4409 coelestium
3015 4361 3159 4408 nu·

597 4451 865 4500 merum
897 4453 1060 4503 eum
1109 4430 1432 4521 ascripsit
1483 4434 1680 4511 Deus,
1731 4452 1868 4500 non
1919 4429 2121 4500 talem
2155 4427 2462 4500 mortalis
2510 4428 2831 4519 produxit
2878 4438 3148 4499 uterus.
