3357 4995
233 315 448 380 JUNII
499 315 539 379 7
933 281 1017 379 nn*
1058 333 1114 379 s.
1168 329 1449 379 nonnam
1498 333 1739 380 Anam:
1786 332 2061 382 emmae.
2561 319 2686 383 499

249 428 387 486 erat
432 414 714 502 quidem
764 414 1078 486 Eleusius
1124 416 1516 504 Cyzicenus,
1564 430 1629 486 et
1680 419 2065 488 Marcianus
2115 423 2646 508 Lampsacenus,
2708 433 2771 490 et

253 505 572 578 Evethius
619 503 1039 593 Ephesinus:
1092 503 1303 574 etalii
1351 506 1469 592 qui
1517 519 1712 574 erant
1737 529 1976 596 omnes
2009 506 2214 577 simul
2254 508 2679 597 trigintasex.

336 596 371 679 ξ
418 597 570 666 18.
623 592 1044 664 Admonebat
1100 606 1328 663 autem
1387 599 1765 684 Imperator
1803 608 1866 664 et
1913 607 2247 683 quotquot
2294 609 2488 665 erant
2537 597 2780 666 Ortho-

250 683 432 758 doxi,
488 705 602 752 eos
650 681 770 768 qui
812 683 1273 768 sequebantur
1307 695 1531 773 partes
1577 683 2103 764 haereticorum,
2141 696 2218 753 ut
2264 706 2425 753 cum
2466 686 2565 754 eis
2613 709 2779 756 con-

253 771 607 851 sentirent,
661 783 726 838 et
771 784 1124 840 tuerentur
1172 771 1703 854 homou·sion‚.in
1736 773 2136 843 memoriam
2172 786 2566 842 revocantes
2592 775 2781 860 q'uod

255 855 796 930 orthodoxorum
854 861 1412 929 communionem
1461 884 1588 930 sua
1654 876 1897 952 sponte
1965 862 2368 931 amiserunt.
2437 864 2777 932 Haeretici

259 960 484 1018 autem
525 949 871 1038 justarum
935 950 1543 1038 reprehensionum
1592 964 1657 1019 et
1714 952 2168 1052 benignarum
2222 951 2780 1022 admonitionum

255 1036 519 1106 nullam
573 1037 897 1126 ducentes
945 1038 1320 1117 rationem,
1391 1060 1587 1108 suam
1639 1062 1773 1108 non
1836 1040 2269 1108 dimittebant
2320 1040 2769 1129 impietatem.

255 1130 615 1215 Propterea
660 1147 820 1216 ergo
867 1126 1243 1213 ejiciuntur
1274 1149 1309 1194 e
1342 1127 1633 1197 concilio
1673 1143 1739 1197 et
1784 1150 1819 1196 e
1866 1129 2156 1198 civitate.
2199 1128 2516 1217 Synodus
2543 1141 2776 1198 autem

256 1214 448 1304 eligit
495 1216 879 1284 Nectarium
929 1215 1047 1300 qui
1096 1229 1240 1284 erat
1267 1217 1546 1301 quidem
1580 1240 1617 1286 e
1665 1218 2005 1306 sanguine
2055 1217 2415 1297 senatoriO,
2458 1231 2621 1286 tunc
2650 1240 2773 1285 au·

258 1315 388 1372 tem
430 1304 709 1392 gerebat
757 1305 1230 1392 magistratum
1282 1306 1638 1400 Praetoris,
1676 1319 1819 1373 erat
1871 1328 2022 1375 vero
2071 1307 2129 1375 is
2192 1306 2499 1375 moribus
2555 1307 2776 1374 mitis-

258 1393 500 1461 simus.
539 1393 906 1481 Confirmat
967 1405 1194 1461 autem
1246 1393 1394 1482 ipsa
1441 1415 1716 1481 quoque
1763 1408 1997 1465 sancta
2048 1394 2364 1484 Synodus
2412 1395 2775 1482 expositio-

257 1502 409 1549 nem
463 1481 646 1560 fidei,
689 1503 893 1567 quam
945 1481 1298 1551 constituit
1324 1483 1696 1552 concilium
1727 1483 2092 1552 Nicenum:
2146 1496 2210 1551 et
2236 1484 2607 1552 assentitur
2631 1504 2775 1552 om-

259 1569 465 1640 nibus
514 1574 935 1661 Imperator,
1002 1583 1066 1638 et
1127 1583 1323 1639 curat
1386 1594 1547 1641 cum
1617 1593 1866 1662 magna
1922 1573 2262 1661 exportari
2313 1572 2687 1641 reverentia
2740 1594 2777 1639 e

258 1662 521 1729 Cucuso
569 1659 977 1729 confessoris
1025 1659 1214 1728 Pauli
1265 1681 1495 1728 sacras
1544 1659 1915 1748 reliquiaS,
1969 1675 2032 1729 et
2078 1662 2176 1730 eis
2226 1664 2608 1750 procedunt
2654 1659 2776 1730 ob-

258 1747 433 1815 viam
487 1747 684 1838 longe
715 1760 870 1816 ante
919 1747 1436 1828 Chalcedonem‚
1489 1750 1912 1835 quicumque
1958 1772 2036 1817 ex
2087 1749 2440 1838 Episcopis
2491 1749 2776 1818 aderant

257 1838 601 1905 Nectario:
655 1848 718 1905 et
755 1859 914 1905 cum
947 1836 1182 1905 multis
1210 1837 1488 1924 hymnis
1512 1850 1575 1905 et
1605 1840 1934 1906 comitatu
1970 1860 2220 1926 magno
2258 1859 2374 1906 eas
2398 1839 2771 1927 excipiunt,

254 1937 315 1993 et
361 1946 478 1993 eas
513 1947 632 2014 per
681 1925 975 1994 mediam
1012 1937 1357 2014 portantes
1403 1927 1769 2007 civitatem,
1807 1928 1873 1993 in
1908 1926 2197 1996 ecclesia
2227 1949 2401 2013 quae
2451 1927 2580 1995 fuit
2616 1927 2773 2014 qui-

255 2013 406 2081 dem
459 2027 762 2083 extructa
810 2013 941 2082 sub
990 2015 1266 2083 nomine
1315 2028 1589 2084 sanctae
1641 2020 1889 2094 stenes,
1930 2015 2214 2101 antiqua
2261 2027 2490 2084 autem
2542 2015 2639 2084 sic
2668 2036 2777 2082 vo—

255 2115 473 2182 catur,
508 2125 716 2189 quam
767 2103 1247 2173 Constantinus
1299 2108 1678 2194 Imperator
1730 2127 1808 2172 ex
1859 2104 2125 2172 modica
2170 2104 2485 2173 excitavit
2532 2103 2616 2171 ad
2667 2104 2775 2170 in-

301 2203 526 2258 entem
577 2191 1008 2259 latitudinem
1057 2203 1121 2259 et
1182 2191 1775 2281 magnitudinem,
1842 2193 1955 2261 cui
1994 2193 2198 2261 etiam
2249 2192 2631 2281 praesedit,
2688 2191 2774 2259 ad

255 2214 455 2348 greve
503 2293 775 2369 tempus
833 2279 1335 2368 deposuerunt:
1389 2294 1453 2349 et
1500 2303 1658 2349 cum
1709 2281 2003 2370 hymnos
2054 2294 2424 2351 nocturnos
2473 2283 2776 2370 peregis-

257 2381 428 2448 sent,
475 2390 674 2436 mane
707 2391 949 2438 rursus
987 2380 1123 2436 tota
1159 2368 1420 2450 civitas,
1460 2392 1622 2438 cum
1659 2371 1807 2459 pari
1859 2367 2113 2441 honore
2160 2383 2225 2438 et
2276 2370 2518 2469 gloria,
2573 2370 2644 2436 in
2695 2391 2774 2437 ea

256 2478 390 2542 qua
438 2478 517 2545 ex
571 2458 722 2544 ejus
772 2457 1047 2526 nomine
1094 2479 1280 2526 nunc
1328 2458 1721 2548 appellatur
1766 2457 2077 2539 ecclesia,
2118 2459 2445 2528 omnibus
2494 2455 2775 2527 Pontifi-

259 2546 457 2616 cibus
486 2559 553 2615 et
585 2546 788 2627 clero,
822 2559 887 2615 et
934 2547 1082 2634 ipso
1114 2545 1321 2615 simul
1373 2570 1534 2616 cum
1575 2548 1674 2615 eis
1721 2548 2077 2619 assistente
2105 2553 2540 2636 Imperatore,
2574 2548 2644 2615 in
2678 2568 2778 2614 se·

259 2634 521 2723 pulcro,
573 2634 753 2722 quod
806 2648 1075 2706 sanctos
1120 2635 1391 2725 excipit,
1450 2635 1828 2724 deponunt,
1874 2658 2033 2705 eum
2086 2636 2498 2713 honorantes
2548 2635 2774 2724 longis

261 2736 320 2792 et
351 2723 637 2813 prolixis
687 2724 1099 2811 hymnodiis,
1150 2737 1503 2814 propterea
1550 2724 1734 2811 quod
1787 2747 2073 2814 magnos
2124 2725 2389 2793 labores
2436 2737 2501 2793 et
2547 2724 2782 2813 gravia

261 2813 636 2882 certamina
674 2812 933 2882 fortiter
983 2835 1350 2903 perpessus
1391 2834 1513 2970 Ero
1556 2813 1825 2902 pietate,
1890 2814 2101 2882 evasit
2154 2814 2220 2881 in
2261 2812 2469 2882 coelis
2521 2812 2779 2900 dignus

263 2901 583 2989 praemiis
629 2900 1179 2971 immortalibus:
1225 2907 1301 2971 In
1345 2906 1385 2971 C
1442 2903 1605 2970 risto
1633 2907 1799 2971 Jesu
1840 2901 2126 2970 Domino
2159 2913 2388 2971 nostro
2421 2900 2549 2990 (a).

891 3138 1127 3242 VlTA
1195 3143 1641 3245 ROBERTI
1714 3142 2147 3242 ABBATlS

788 3365 1391 3431 CISTERTIENSIS
1441 3366 1774 3432 ORDINIS
1826 3368 1905 3432 IN
1957 3367 2245 3431 GALLIA

407 3524 569 3572 BONA
619 3526 784 3582 FIDE,
840 3525 917 3572 UT
965 3526 1267 3584 APPARET,
1324 3525 1496 3575 Llcttr
1542 3527 1806 3576 INCERTO
1856 3526 2161 3584 AUCTORE,
2219 3525 2620 3574 coNsCalprA.

633 3631 873 3679 STYLUM
929 3633 1152 3681 passm
1198 3634 1502 3682 NONNIHIL
1549 3634 1851 3682 CORREXIT
1887 3634 2087 3681 LAUR.
2141 3634 2394 3681 SURIUS.

995 3777 1178 3834 Obiit
1220 3791 1398 3835 anno
1443 3780 1611 3833 1159.
1649 3806 1722 3815 -—
1759 3779 2046 3845 AngluS.

335 3962 370 4045 ξ
418 3965 494 4033 1.
549 3959 969 4029 Venerabilis
997 3960 1221 4030 Abbas
1247 3960 1583 4030 Robertus
1617 3981 1697 4029 ex
1733 3959 2088 4049 provincia
2114 3957 2529 4029 Eboracensi
2553 3956 2793 4046 (York)

252 4061 463 4125 ortus,
501 4048 574 4117 in
622 4049 773 4137 ipsa
822 4049 1111 4139 pueritia
1163 4070 1535 4139 puerorum
1579 4048 1883 4119 levitates
1939 4059 2003 4117 et
2054 4047 2253 4116 ludos
2297 4047 2630 4127 devitanS‚
2685 4058 2790 4114 at-

252 4158 384 4223 que
434 4138 500 4205 in
556 4136 910 4208 literarum
959 4136 1206 4209 studiis
1258 4137 1669 4227 proficienS,
1742 4136 2108 4226 cujusdam
2175 4135 2508 4206 ecclesiae
2574 4145 2794 4204 rector

300 4332 368 4387 (a)
396 4335 581 4376 Colitur
609 4335 819 4376 Venetus
848 4335 1312 4381 Commemoratione,
1337 4335 1435 4377 ritu
1462 4336 1631 4386 simpl..
1659 4332 1733 4376 die
1764 4344 1863 4375 xvtt
1892 4338 2045 4384 mart„
2076 4335 2135 4375 ob
2155 4342 2327 4384 corpus
2349 4330 2506 4383 ignota
2527 4331 2680 4372 aetate
2700 4330 2793 4370 huo

251 4388 458 4481 stitutum.
486 4394 534 4429 et
563 4389 627 4429 ibt
659 4391 708 4428 in
736 4389 847 4430 eccl.
877 4390 922 4431 S.
953 4388 1194 4432 Laurentii
1216 4393 1531 4432 asservatum:
1561 4391 1700 4439 cujus
1719 4385 1978 4437 recognitio
1997 4391 2046 4429 et
2068 4388 2293 4428 solemnis
2317 4386 2584 4426 'translatio
2603 4385 2794 4434 peract-

255 4451 304 4481 es
345 4452 467 4483 anuo
487 4451 697 4483 mocxvn.
