3357 4995
220 299 439 370 JUNII
486 302 569 367 45
1125 319 1206 366 nr.
1252 319 1309 366 s,
1361 319 1528 367 num
1575 316 1868 367 marvan
2553 301 2682 368 343

226 404 473 475 Christi
504 425 802 474 servum.
835 407 1132 485 »—-«En,
1165 403 1233 482 in
1290 402 1392 474 uit
1415 403 1775 487 MaximuS,
1806 415 1883 475 ut
1919 425 1956 473 e
1981 403 2235 475 nostris
2259 403 2593 477 altaribus
2618 426 2772 474 car-

227 516 349 564 nes
374 492 691 586 gustasti,
731 491 1214 564 scelestissime
1312 514 1541 562 omo.»
1570 497 1646 563 At
1678 492 1930 563 Dulas:
1966 515 2002 559 «
2032 491 2213 562 Nihil
2249 493 2420 562 mihi
2448 493 2616 563 haec
2651 492 2776 563 ob-

224 596 428 674 sunt„
474 580 878 673 xecrabilis
923 593 989 651 et
1051 579 1295 651 stolide
1340 586 1642 652 PraeseS.
1707 580 1884 664 Quid
1933 580 2118 651 enim
2170 581 2344 651 mihi
2404 581 2777 672 profuisset

226 671 617 762 superiores
674 669 1025 741 cruciatus
1076 668 1396 761 perferre,
1441 671 1498 740 si
1547 692 1657 740 res
1700 670 1791 740 ita
1841 693 1912 742 se
1961 669 2263 752 haberet,
2303 682 2380 740 ut
2433 682 2508 739 tu
2556 669 2779 742 dicis?

228 760 383 841 Sed,
436 764 569 830 Deo
607 758 914 848 juvante,
961 758 1109 849 ipse
1156 758 1433 841 videris,
1472 758 1639 846 quid
1693 757 1926 844 facias.
1980 759 2155 828 Mihi
2196 760 2421 829 vivere
2472 759 2778 830 Christus

226 859 345 932 est,
383 860 447 920 et
475 849 651 918 mori
682 852 944 918 lucrum
981 870 1017 915 »
1040 847 1371 950 (Philipp.
1410 870 1459 931 1,
1484 852 1560 920 2⁴
1576 847 1625 936 ).
1661 853 1852 917 Tunc
1882 846 2446 937 Maximusjussit
2478 848 2549 916 in
2584 847 2776 938 ligno

224 959 386 1008 eum
437 937 660 1008 virum
710 935 1068 1028 suspendi,
1106 948 1172 1006 et
1216 958 1368 1027 ejus
1413 941 1674 1006 carnes·
1704 957 1925 1023 usque
1957 935 2044 1006 ad
2079 935 2406 1006 intestina
2453 935 2770 1019 lacerari,

225 1025 546 1096 maxillas
592 1025 797 1095 etiam
829 1047 989 1096 cum
1042 1038 1272 1097 mento
1319 1024 1577 1097 divelli.
1617 1025 1739 1094 Cui
1788 1024 2026 1130 Dplas:
2064 1046 2100 1091 «
2142 1028 2274 1105 An,
2331 1024 2580 1112 inquit,
2635 1038 2775 1096 sto-

226 1115 392 1197 lide,
432 1115 711 1205 ignoras
754 1125 814 1184 te
870 1137 911 1185 a
957 1126 1198 1185 satana
1245 1128 1438 1204 patre
1476 1127 1593 1184 tuo
1630 1114 1913 1204 jussum
1948 1135 2098 1183 esse
2148 1113 2313 1183 haec
2342 1112 2613 1183 facere?
2646 1135 2683 1180 »

315 1206 352 1291 ξ
398 1209 531 1276 11.
587 1208 751 1272 Cum
795 1202 946 1288 ejus
987 1202 1245 1274 viscera
1278 1202 1629 1273 denudata
1682 1213 1934 1284 essent,
1986 1214 2051 1272 et
2098 1201 2419 1272 maxillae
2465 1201 2553 1272 ab
2601 1202 2778 1272 ossi-

223 1292 360 1362 bus
389 1291 786 1371 dissolutae,
825 1297 1105 1362 Praeses
1142 1290 1355 1382 jussit
1403 1291 1648 1362 Dulam
1683 1290 1755 1359 in
1803 1311 2077 1360 carcere
2128 1290 2408 1360 servari.
2465 1294 2776 1378 Cumque

224 1381 314 1451 ad
349 1386 636 1451 Tarsum
672 1379 914 1451 urbem
950 1380 1225 1450 Ciliciae
1272 1391 1746 1460 reverteretur,
1806 1379 2004 1451 'ussit
2049 1379 2368 1452 homines
2415 1377 2574 1450 illos
2624 1378 2777 1447 vin-

223 1481 370 1540 ctos
395 1469 614 1557 sequi.
669 1472 832 1539 Cum
861 1490 1017 1540 vero
1056 1470 1144 1539 ad
1178 1468 1588 1559 vigesimum
1623 1467 1764 1559 lapi
1814 1490 1925 1537 em
1976 1468 2495 1559 processissent,
2531 1467 2775 1538 beatus

222 1558 435 1629 Dulas
483 1557 725 1628 Christi
763 1558 962 1648 signo
1001 1580 1072 1628 se
1105 1559 1450 1640 inunienS,
1487 1557 1794 1627 animam
1832 1562 1961 1626 Deo
2001 1556 2306 1627 tradidit.
2349 1561 2587 1644 Itaque
2610 1579 2771 1627 cum

222 1660 453 1717 essent
498 1645 825 1717 satellites
880 1646 1402 1734 quatuordecim
1476 1644 1898 1716 milliaribus
1946 1645 2149 1737 longe
2195 1668 2237 1714 a
2291 1650 2520 1726 Tarso,
2579 1649 2776 1714 Com-

127 1821 130 1822 ,
225 1735 721 1806 mentatiorum
772 1735 1101 1826 magister
1150 1735 1504 1806 nunciavit
1548 1733 1878 1812 Praesidi,
1937 1735 2178 1805 Dulam
2219 1734 2292 1804 in
2343 1733 2510 1805 deos
2559 1733 2652 1802 im
2710 1733 2775 1802 ie

223 1846 299 1895 se
335 1836 710 1915 gerentem,
764 1837 1114 1895 mortuum
1163 1823 1401 1905 fuisse,
1452 1836 1518 1894 et
1554 1823 1707 1913 ejus
1766 1822 2057 1893 cadaver
2104 1823 2501 1911 illucusque
2549 1844 2673 1913 per
2702 1844 2776 1892 a-

222 1926 398 1983 tum:
437 1913 810 2000 quaerebat
856 1925 1111 1994 autem,
1163 1913 1334 2001 quid
1376 1913 1526 1983 fieri
1560 1911 1781 1983 vellet.
1820 1917 2011 1982 Tunc
2036 1917 2347 1983 Praeses:
2383 1910 2773 2002 «Projicite,

220 2001 472 2088 inquit,
518 2001 821 2071 illumin
856 2001 1098 2072 vallem
1164 2002 1497 2089 aliquam,
1561 2014 1637 2071 ut
1683 1999 2044 2090 sepultura
2101 2013 2350 2071 careat.
2379 2027 2405 2065 ι
2439 1999 2780 2070 satellites

220 2091 438 2182 igitur
466 2090 757 2161 cadaver
786 2090 1107 2180 martyris
1133 2089 1200 2160 in
1239 2103 1607 2161 torrentem
1639 2089 2059 2179 dejecerunt,
2089 2089 2211 2177 qui
2240 2089 2325 2159 ad
2360 2088 2775 2180 Zephyrium

224 2179 566 2271 vergebat.
620 2184 976 2252 Pastorum
1007 2200 1162 2249 vero
1190 2201 1398 2249 canes
1422 2201 1584 2251 cum
1634 2178 1855 2249 sancti
1891 2179 2213 2270 martyris
2244 2177 2577 2266 reliquias
2609 2177 2779 2249 odo-

225 2268 358 2337 rati
405 2281 651 2350 essent,
705 2289 893 2338 unus
942 2291 1024 2338 ex
1070 2266 1210 2338 illis
1257 2268 1549 2340 canibus
1594 2267 2063 2337 venerandum
2126 2266 2302 2337 illud
2349 2288 2607 2357 corpus
2653 2286 2777 2336 cu-

226 2355 583 2439 stodiebat,
639 2378 861 2445 neque
890 2356 1234 2427 volucrem
1278 2357 1583 2444 aliquam
1635 2355 1904 2428 sinebat
1937 2355 2267 2444 reliquias
2314 2354 2639 2445 martyris
2673 2366 2778 2424 at-

223 2444 513 2536 tingere:
564 2446 934 2518 aliusvero
975 2446 1170 2517 canis
1220 2446 1512 2536 pastoris
1559 2442 1852 2536 pallium
1917 2465 2034 2515 ore
2088 2444 2628 2536 apprehensum,
2687 2441 2775 2513 ad

222 2547 541 2609 sanctum
593 2547 958 2623 martyrem
1012 2534 1253 2605 Dulam
1280 2534 1649 2627 tegendum
1700 2534 1951 2604 attulit.
1998 2538 2139 2604 Hoc
2177 2548 2407 2604 autem
2458 2529 2766 2613 castello,

220 2623 408 2710 quod
460 2623 603 2694 illic
648 2636 814 2706 erat,
871 2636 1110 2694 notum
1143 2622 1399 2693 factum
1451 2622 1604 2693 fuit.
1657 2627 2003 2694 Venerunt
2040 2623 2254 2713 igitur
2302 2624 2455 2713 ejus
2504 2619 2776 2705 castelli

221 2711 682 2794 habitatoreS,
735 2726 801 2783 et
847 2725 1120 2783 sanctas
1181 2712 1510 2799 reliquias
1567 2710 2040 2803 collegerunt,
2097 2715 2311 2781 Deum
2360 2708 2724 2780 laudantes
2755 2764 2771 2790 ,

221 2800 406 2887 quod
443 2801 755 2888 reliquiis
793 2800 933 2872 illis
982 2801 1393 2872 venerandis
1442 2800 1690 2891 privati
1729 2821 1864 2869 non
1904 2810 2157 2881 essent,
2212 2799 2332 2869 sed
2384 2797 2571 2868 unde
2619 2819 2779 2869 cor-

272 2912 359 2959 us
409 2888 584 2961 illud
629 2890 854 2960 vivum
902 2890 1180 2971 exierat,
1219 2889 1387 2961 illuc
1434 2900 1500 2959 et
1548 2888 1878 2978 martyrio
1932 2887 2632 2959 sunctum-rediisset.
2688 2885 2777 2955 11-

221 2911 347 3047 fud
380 3000 542 3070 ergo
589 2992 946 3069 acceptum
998 2978 1218 3050 multa
1263 3000 1426 3049 cum
1462 2977 1895 3049 veneratione
1942 2987 2434 3068 reposuerunt,
2492 2975 2771 3045 Domini

222 3067 444 3137 nostri
472 3073 641 3137 Jesu
674 3067 923 3140 Christi
970 3068 1261 3159 gloriam
1312 3066 1788 3138 collaudantes
1820 3067 1890 3136 in
1926 3066 2181 3137 secula.

926 3264 1433 3348 ILLUSTRE
1487 3264 2073 3346 CERTAMEN

374 3384 606 3552 'vt'rl
659 3450 798 3551 SS.
850 3449 1199 3566 PUERl,
1253 3448 1702 3586 MODESTl
1740 3449 1862 3550 ET
1910 3446 2605 3551 CRESCENTIAE

599 3706 604 3711 .
652 3639 945 3687 unsrun
991 3639 1058 3687 m
1103 3638 1208 3687 us.
1260 3616 1486 3687 conida
1528 3637 1977 3695 mrmmssiun
2023 3635 2332 3685 nunno.

599 3717 842 3812 srvtuir
889 3761 1189 3812 amemur.
1237 3761 1467 3811 nomen
1515 3762 1812 3810 suumn
1859 3759 2061 3830 uun..
2102 3738 2401 3809 smnus?

937 3904 1230 3961 Ineunte
1267 3902 1367 3959 1v
1407 3902 1696 3959 Saeculo
1724 3928 1803 3941 --
1824 3899 2059 3962 siculi.

315 4054 352 4140 ξ
399 4057 475 4124 1.
556 4057 888 4153 Tempore
935 4048 1091 4152 ³¹.¹⁰.›
1159 4070 1298 4139 quo
1346 4046 1750 4150 Valerianus
1822 4051 2102 4119 Praeses
2172 4046 2306 4147 sub
2360 4042 2783 4146 Diocletiano

228 4145 646 4232 Imperatore
710 4162 782 4210 in
832 4138 1254 4212 Christianos
1364 4149 1869 4209 ersecutlonem
1930 4147 2276 4218 exercuit,
2330 4144 2649 4225 pervenit
2694 4131 2784 4204 ad

229 4251 417 4311 eum,
486 4230 765 4309 beatum
828 4228 1083 4311 Vitum,
1149 4227 1312 4299 nobi
1346 4226 1572 4300 issimi
1633 4224 1764 4296 viri
1825 4223 2041 4315 Hylae
2102 4222 2365 4306 filium,
2433 4221 2783 4293 Christum

281 4375 309 4402 ⁰
337 4372 489 4415 Dubii
516 4371 708 4424 quidem
734 4374 785 4414 in
814 4372 1033 4423 pluribus
1058 4372 1150 4415 fide
1177 4372 1293 4414 haec
1321 4373 1434 4413 sunt
1461 4371 1592 4420 Actu,
1618 4370 1705 4416 sed
1731 4380 1827 4413 non
1852 4366 2045 4421 pennu·
2076 4369 2354 4420 abjicienda.
2403 4367 2608 4411 Βοοοαῐο
2637 4374 2688 4405 τι
2717 4366 2787 4406 vt-

227 4428 403 4471 denttu·
422 4429 702 4479 composita:
729 4428 905 4469 Rome
929 4436 1011 4468 vm
1029 4436 1153 4479 uec.
1171 4426 1367 4469 invent·
1385 4426 1515 4469 nunt.
