3357 4995
709 322 835 388 374
1328 342 1406 387 nn
1454 341 1509 389 s.
1565 341 1853 391 nunnonss
1900 338 2195 388 msnansi
2241 337 2441 386 muse.
2803 319 3025 385 JUNII
3076 299 3125 382 ‘l‘
3120 319 3163 384 6

616 419 912 490 aliorum
948 419 1269 508 dixerim)
1301 418 1500 490 facile
1530 421 1900 522 principis:
1941 419 2198 491 nedum
2232 418 2361 489 soli
2390 419 2699 489 ubertate
2723 431 2788 488 et
2821 417 3169 490 bonorum

615 510 927 579 omnium
960 507 1408 589 abundantia,
1448 523 1892 580 verumetiam
1935 508 2365 588 urbanitate,
2419 529 2499 577 ac
2550 508 2863 578 moribus
2899 508 3173 578 nitidis-

616 597 837 668 simis.
882 601 996 666 Est
1041 598 1227 667 enim
1263 597 1446 668 idem
1495 599 1798 689 populus
1832 597 2236 668 Missnensis
2293 596 2733 687 peculiariter
2765 596 2833 664 in
2880 619 3174 686 superos

615 685 798 776 piuS‚
856 686 926 753 in
963 686 1267 777 hospites
1316 686 1665 758 liberalis:
1720 688 1910 758 domi
1960 711 1992 759 s
2048 685 2396 767 lendiduS‚
2466 684 2634 756 soris
2690 686 3167 777 compositus:

614 795 779 864 ager
811 795 967 843 vero
1015 797 1152 846 non
1185 775 1407 847 solum
1447 781 1682 846 Cerere
1713 791 1780 847 et
1817 711 2103 857 Bac'cffm
2141 775 2257 845 sed
2308 786 2375 844 et
2405 797 2579 845 auro
2625 788 2691 845 et
2738 787 3026 866 argento
3059 775 3171 845 lu·

613 863 861 933 xuriat.
917 869 1008 933 Ex
1057 866 1350 955 gemmis
1399 866 1792 944 adamanta,
1847 865 2217 956 beryllum,
2264 862 2569 954 jaspida,
2617 863 3162 954 amethysthum,

616 953 952 1108 topazion,
988 975 1066 1022 ac
1117 953 1408 1024 uniones
1448 957 1763 1045 parturit.
1820 961 2097 1034 Stanno,
2154 953 2331 1022 ferro
2379 965 2443 1020 et
2476 953 2797 1023 universo
2838 954 2975 1022 fere
3026 974 3169 1022 me-

615 1053 678 1109 ta
713 1041 770 1108 li
807 1063 1056 1131 genere
1103 1043 1389 1113 scaturit
1422 1067 1437 1105 τ
1478 1065 1782 1113 marmor
1815 1057 2158 1134 praeterea
2207 1043 2449 1131 gignit,
2477 1054 2542 1110 et
2573 1042 2885 1111 omnium
2942 1042 3168 1111 novis—

615 1130 788 1199 sime
835 1142 1181 1216 repertum
1233 1130 1562 1202 electrum
1629 1155 1707 1201 ac
1755 1135 2146 1203 succinum.
2203 1130 2521 1199 Flumina
2585 1129 2847 1221 colligit
2899 1130 3167 1200 ratibus

615 1241 694 1286 ac
743 1219 1039 1288 navibus
1086 1220 1341 1308 pervia,
1396 1220 1613 1289 Albim
1643 1222 1875 1311 (Elba)
1907 1221 2311 1292 Germaniae
2338 1218 2501 1287 olim
2556 1220 2958 1298 terminum,
2998 1219 3167 1288 Mul-

616 1306 803 1386 dam,
858 1308 1292 1398 Tschoppen‚
1348 1309 1730 1390 Ellestram‚
1765 1324 1831 1380 et
1877 1311 2013 1381 alia
2059 1308 2603 1397 quamplurima:
2645 1319 2978 1377 torrentes
3008 1330 3165 1376 vero

616 1417 696 1463 ac
747 1396 1004 1467 rivulos
1113 1420 1238 1466 ene
1290 1398 1714 1468 innumeros.
1769 1405 1898 1469 Nec
1946 1401 2198 1469 desunt
2266 1396 2367 1467 illi
2425 1395 2655 1485 sylvae
2700 1396 3047 1475 caeduae,
3102 1410 3167 1465 et

619 1486 903 1553 nemora
952 1497 1053 1554 sta
1108 1486 1222 1555 ula
1254 1487 1390 1556 alta
1440 1487 1763 1556 ferarum:
1820 1511 1943 1557 nec
1979 1489 2150 1557 laeta
2198 1486 2561 1577 pecoribus
2595 1507 2873 1575 pascua,
2927 1497 2993 1554 et
3038 1485 3165 1554 sso-

617 1571 768 1640 rida
810 1588 1026 1662 prata.
1063 1576 1248 1644 Aeris
1287 1597 1560 1663 quoque
1611 1589 1796 1646 tanta
1844 1577 2098 1646 fruitur
2146 1576 2495 1664 temperie,
2553 1586 2629 1643 ut
2676 1586 2742 1642 et
2773 1595 3052 1644 crocum
3105 1586 3173 1642 et

622 1661 1000 1731 nonnullos
1049 1662 1220 1734 alios
1256 1666 1654 1755 peregrinos
1689 1666 1991 1744 frutices,
2033 1688 2165 1734 non
2210 1665 2417 1733 invite
2448 1663 2652 1732 etiam
2703 1663 2983 1732 nutriat.
3019 1667 3188 1730 Huc·

616 1771 744 1839 ego
783 1764 914 1818 tam
970 1753 1167 1821 mites
1215 1775 1293 1822 ac
1345 1752 1652 1843 placidos
1701 1755 2100 1824 Missnensis
2183 1752 2374 1843 opuli
2410 1773 2656 1831 mores,
2705 1764 2981 1839 tamque
3037 1750 3172 1820 for-

620 1860 814 1907 mosa
851 1862 1137 1930 corpora
1188 1842 1538 1911 referenda
1587 1865 1853 1912 cense0.
1912 1844 2102 1929 Siqui
2154 1864 2259 1911 em
2312 1840 2662 1911 Aristotele
2709 1840 2912 1909 etiam
2958 1853 3165 1920 teste,

619 1926 802 1996 haud
858 1951 1102 2017 parum
1137 1929 1359 2011 refert,
1415 1932 1543 2000 hac
1574 1931 1675 1999 vel
1727 1931 1845 2000 illa
1876 1932 2048 2001 coeli
2082 1931 2253 2001 facie
2275 1929 2589 1999 homines
2639 1930 3010 2019 procreari.
3049 1934 3172 1997 Do-

619 2037 771 2086 mos
821 2016 933 2086 hic
996 2018 1395 2100 aedificant,
1450 2019 1552 2089 vel
1605 2020 1821 2089 sectili
1864 2019 2125 2111 ,lapide
2171 2020 2471 2097 excisaS,
2524 2016 2626 2087 vel
2702 2017 2927 2087 coctili
2981 2039 3172 2086 com-

618 2117 878 2195 pactas
920 2109 1131 2177 Urbes
1177 2130 1451 2195 quoque
1498 2110 1602 2178 sin
1658 2108 1815 2178 ulae
1864 2110 2219 2200 proprium
2262 2108 2427 2195 quid
2470 2106 2725 2177 habent
2753 2106 3164 2186 venerabile,

617 2205 682 2262 et
714 2194 782 2261 in
833 2217 971 2282 quo
1018 2209 1320 2266 caeteras
1369 2131 1800 2267 anteceffant.
1854 2203 1902 2266 E
1948 2198 2206 2286 quibus
2235 2197 2488 2266 Missna
2520 2208 2749 2286 caput,
2806 2194 2965 2268 sede
3006 2217 3171 2285 pon-

621 2281 880 2362 tificali,
935 2296 999 2353 et
1047 2307 1202 2354 arce
1252 2287 1320 2354 in
1354 2308 1708 2356 summum
1747 2309 1965 2374 usque
2005 2287 2323 2355 verticem
2376 2284 2548 2353 mire
2597 2284 3013 2354 testudinata
3064 2285 3171 2352 in-

621 2371 846 2460 signis
892 2385 1017 2443 est.
1061 2375 1288 2464 Lipsia
1319 2375 1549 2445 studio
1598 2376 1973 2464 sapientiae
2002 2376 2212 2456 clara,
2244 2372 2702 2444 trinundinali
2735 2373 2939 2442 etiam
2993 2394 3167 2441 mer-

617 2471 931 2531 catorum
985 2478 1328 2535 conventu
1408 2463 1516 2534 lon
1573 2485 1609 2534 e
1669 2464 1939 2553 lateque
1985 2464 2390 2535 celebratur.
2449 2460 2702 2532 Dresda
2768 2461 3167 2553 principum

621 2551 847 2625 sedes,
900 2564 1175 2642 pontem
1211 2567 1399 2622 trans
1446 2487 1664 2623 Algim
1712 2553 1915 2623 habet
1947 2576 2227 2624 saxeum
2278 2575 2486 2623 xxuu.
2525 2551 2826 2622 arcubus
2874 2551 3171 2620 fornica·

622 2650 804 2707 tum:
858 2663 1035 2730 opus
1071 2642 1253 2712 haud
1309 2643 1598 2712 minoris
1631 2643 1853 2733 pretii,
1908 2665 2118 2730 quam
2153 2652 2458 2713 veterum
2506 2661 2987 2728 quascumque
3031 2642 3171 2709 sive

565 2744 576 2755 ’
618 2729 1018 2816 Pyramides
1067 2733 1206 2800 sive
1256 2730 1588 2802 60105505.
1643 2732 1955 2801 Civitates
2005 2745 2351 2822 praeterea
2401 2741 2768 2799 montanae
2830 2740 3167 2815 quatuor,

621 2816 805 2885 haud
858 2818 1133 2889 obscuri
1170 2821 1496 2901 nominis,
1551 2842 1631 2889 ex
1678 2821 1846 2889 solis
1894 2822 2337 2912 argentariis,
2393 2819 2534 2887 sive
2585 2819 2853 2908 argenti
2907 2816 3166 2887 fodinis

617 2907 732 2992 (ut
772 2907 1048 2995 vocant)
1080 2930 1215 2977 non
1279 2908 1371 2978 ita
1420 2908 1640 2979 multo
1683 2922 1839 2979 ante
1891 2924 2192 2999 tempore
2253 2907 2567 2978 conditae
2598 2962 2613 2988 ,
2666 2920 2731 2976 et
2785 2928 2826 2975 a
2872 2906 3173 2996 singulis

620 2995 975 3064 montibus
1030 2997 1555 3088 cognominatae
1626 3012 1809 3068 sunt.
1868 2999 2077 3089 Cujus
2144 2998 2367 3089 prima
2430 2994 2883 3065 fundamenta
2941 2995 3175 3084 posuit

621 3083 963 3153 Henricus
995 3100 1446 3175 cognomento
1490 3092 1775 3177 Auceps,
1816 3088 2086 3178 pri-mus
2115 3099 2178 3156 et
2210 3086 2358 3176 ipse
2389 3083 2574 3175 apud
2625 3088 2999 3154 Germanos
3032 3087 3170 3152 Im—

621 3182 894 3259 perator
922 3186 1310 3262 augustus:
1365 3175 1468 3243 vir
1517 3177 1812 3266 insignis
1861 3176 2108 3266 pietate
2147 3198 2224 3245 ac
2275 3174 2630 3244 modestia.
2689 3172 2810 3242 Cui
2871 3181 3058 3242 aucu'
3111 3171 3173 3239 is

623 3280 876 3329 nomen
929 3261 1186 3333 idcirco
1234 3263 1363 3333 suit
1411 3264 1735 3346 inditum,
1776 3264 1959 3352 quod
2010 3265 2082 3345 ii,
2135 3266 2487 3352 qui-eum,
2578 3262 2924 3350 rincipum
2977 3261 3062 3328 de
3093 3284 3168 3329 e-

621 3362 761 3427 cm,
804 3349 887 3417 ad
926 3350 1295 3441 imperium
1328 3354 1831 3442 capessendum
1860 3353 2293 3433 accersirent,
2325 3352 2502 3420 offen
2556 3350 2735 3419 erint
2760 3348 3173 3439 simpliciter

622 3436 867 3507 avibus
907 3441 1293 3511 tendentem
1336 3442 1649 3512 insidias.
1706 3443 1869 3533 Ejus
1920 3442 2131 3533 igitur
2155 3441 2425 3530 imperii
2473 3460 2657 3509 anno
2703 3437 2997 3519 decimo,
3036 3438 3171 3506 bu-

624 3546 866 3597 manae
915 3528 1159 3600 salutis
1192 3552 1504 3601 necccxxx
1552 3532 1720 3601 dum
1772 3530 1956 3600 Albis
1990 3531 2213 3621 ripam
2262 3542 2498 3599 contra
2547 3528 3000 3599 barbarorum
3061 3526 3173 3594 in-

623 3613 848 3685 sultus
911 3620 1474 3701 communiendo,
1527 3620 1913 3689 oberraret:
1967 3632 2210 3710 captus
2268 3617 2563 3688 saltibus
2629 3629 2694 3685 et
2759 3615 3175 3686 amoenitate

624 3706 879 3774 montis
927 3707 1153 3789 istius,
1199 3730 1403 3795 quem
1437 3708 1667 3778 adhuc
1718 3708 1968 3779 Missua
2014 3719 2331 3799 occupat,
2368 3706 2610 3776 urbem
2649 3704 2904 3775 ibidem
2955 3702 3175 3772 felici-

621 3790 755 3861 bus
802 3795 1165 3866 aedificare
1211 3799 1435 3886 coepit
1471 3798 1829 3888 auspiciis.
1884 3797 2004 3867 Cui
2052 3816 2089 3866 a
2141 3795 2361 3865 rivulo
2412 3795 2689 3875 Missin,
2734 3793 2858 3880 qui
2914 3792 3000 3862 ad
3052 3813 3176 3882 pe-

622 3878 780 3950 dem
829 3885 1083 3956 montis
1131 3886 1219 3955 ab
1267 3886 1598 3973 Aquilone
1645 3886 1949 3977 profluit,
2006 3906 2256 3957 nomeu
2306 3887 2707 3974 imponens,
2760 3894 2984 3951 tutum
3017 3903 3177 3951 earn

623 3968 949 4061 deinceps
980 3973 1224 4044 habuit
1252 3988 1491 4044 contra
1545 3975 1775 4044 hostes
1828 3974 2277 4064 praesidium,
2322 3995 2402 4043 eo
2449 3972 2634 4059 quod
2690 3992 2891 4041 mons
2929 3968 3045 4038 ille
3093 3990 3181 4038 ex

621 4055 834 4128 altera
871 4075 1060 4150 parte
1106 4063 1325 4133 Albim
1361 4064 1646 4133 fluvium
1702 4063 1981 4133 haberet
2025 4062 2528 4153 permaximum
2563 4086 2578 4127 z
2633 4082 2713 4130 ex
2753 4058 2966 4129 altera
3012 4079 3182 4128 vero

620 4144 894 4219 duobus
943 4149 1099 4221 aliis
1133 4153 1485 4222 montibus
1526 4152 1949 4239 totidemque
1996 4150 2452 4231 convallibuS,
2511 4149 2722 4219 veluti
2768 4147 2971 4218 fossis
3016 4147 3182 4233 qui-

619 4234 942 4319 busdam,
986 4242 1232 4311 natura
1286 4254 1463 4312 esset
1516 4240 1853 4311 munitus
1914 4245 2025 4308 Est
2072 4252 2302 4309 autem
2380 4238 2576 4308 urbis
2625 4238 2919 4307 Missnae
2980 4234 3175 4305 idem

619 4322 779 4408 fere,
832 4328 954 4414 qui
1000 4343 1064 4399 et
1096 4330 1302 4402 totius
1353 4329 1614 4421 patriae
1642 4330 1838 4400 situs.
1899 4329 2238 4399 Orientem
2288 4328 2474 4397 enim
2525 4326 2710 4397 Albis
2758 4324 3013 4395 fluvius
3058 4344 3180 4392 ex-

618 4414 808 4506 cipit:
835 4417 1179 4488 Meridiem
1206 4418 1552 4499 Bohemia,
1577 4417 2118 4510 Septentrionem
2141 4416 2427 4488 Saxonia
2460 4414 2796 4486 vendicat:
2833 4411 3176 4484 Occidens
