3357 4995
671 333 799 397 230
1167 291 1172 296 ²
1324 333 1334 344 ·
2679 330 2686 338 ’
2804 335 3021 400 JUN11
3069 335 3109 399 9

993 509 1102 585 IN
1153 507 1475 587 EAMD.
1537 507 1613 588 S.
1676 511 1777 585 V.
1824 509 1957 587 ET
1996 509 2100 587 M.
2161 509 2700 589 PELAGIAM

1570 713 1819 769 SERMO
1885 714 2128 767 ALTER

1219 868 1451 934 ΒΕΑΤΙ
1499 868 1838 934 JOANNIS
1901 869 2470 935 CHRYSOSTOMI
2580 901 2583 904 ¹

667 1061 701 1144 ἓ
750 1064 825 1130 1.
883 1056 1132 1143 Majore
1164 1054 1443 1142 quidem
1493 1055 1752 1125 theatro
1803 1067 2039 1126 sancta
2078 1056 2269 1147 virgo
2317 1054 2588 1146 Pelagia
2635 1055 2842 1147 digna
2891 1069 3106 1126 esset:

581 1167 828 1235 magna
881 1144 1062 1214 enim
1115 1144 1327 1244 hujus
1384 1143 1654 1234 puellae
1700 1146 2101 1225 certamina,
2159 1144 2546 1225 extiterunt,
2600 1144 2687 1214 ob
2738 1144 2941 1232 idque
3005 1166 3112 1213 co·

579 1234 944 1324 piosiorem
998 1233 1240 1302 theatri
1290 1232 1743 1319 frequentiam
1808 1233 2190 1320 requirunt.
2246 1237 2321 1301 At
2358 1234 2524 1303 satis
2572 1233 2672 1302 illi
2737 1245 2961 1303 tamen
3014 1246 3117 1303 est

580 1323 910 1401 Christus,
947 1322 1067 1408 qui
1108 1320 1297 1392 solus
1344 1342 1467 1412 pro
1514 1322 1706 1390 omui
1753 1334 2155 1392 ornamento
2210 1321 2421 1411 hujus
2471 1322 2573 1391 vi‘r
2622 1321 2757 1392 inis
2814 1344 3114 1412 panegy-

579 1412 710 1480 rim
760 1433 839 1480 ac
885 1410 1345 1479 celebritatem
1397 1431 1723 1499 praesens
1769 1423 2072 1480 exornat.
2139 1416 2283 1493 Quo
2346 1411 2547 1479 enim'
2621 1432 2743 1479 oco
2804 1411 3114 1481 Christus

578 1499 793 1579 adest,
860 1489 997 1566 illic
1067 1498 1378 1568 omniurn
1449 1498 1860 1589 Angelorum
1912 1499 2165 1569 chorus
2215 1511 2482 1590 praesto
2534 1510 2657 1570 est.
2735 1503 2810 1567 Et
2873 1521 3114 1568 omnes

576 1587 855 1675 quidem
897 1601 1231 1676 martyres
1279 1608 1406 1656 sua
1453 1608 1743 1677 corpora
1799 1587 2223 1658 cruciatibus
2270 1586 2549 1657 fortiora
2647 1588 3108 1663 raestiterunt‚

577 1677 662 1746 ob
715 1677 923 1764 idque
987 1698 1318 1766 magnum
1384 1675 1734 1762 quoddam
1791 1676 2123 1746 theatrum
2176 1676 2506 1746 adversus
2621 1674 2923 1747 iabolum
2980 1676 3111 1747 sibi
3219 1690 3224 1695 “

579 1778 1011 1856 paraverunt,
1065 1785 1221 1833 cum
1261 1765 1702 1854 incorpoaeos
1760 1764 2044 1854 spiritus
2078 1787 2362 1855 corpore
2411 1765 2559 1854 ipso
2607 1765 3107 1855 superaverint,

574 1867 638 1923 et
697 1875 971 1924 carnem
1044 1875 1238 1923 suain
1291 1875 1450 1922 cum
1502 1852 1677 1923 ferro
1739 1853 2261 1923 contendentem
2325 1853 2584 1923 sortiter
2641 1853 3104 1924 exhibuerint.

577 1948 741 2012 Cum
795 1964 951 2011 vero
993 1941 1196 2011 etiam
1243 1941 1505 2041 puellas
1555 1942 1742 2032 ipsas
1799 1941 1993 2011 video
2043 1964 2164 2032 pro
2229 1942 2489 2012 Christo
2538 1942 2868 2013 crucifixo
2938 1943 3115 2011 mori

577 2032 963 2121 gestientes,
1003 2044 1162 2100 tunc
1191 2029 1446 2100 diaboli
1474 2031 1920 2099 temeritatem
1951 2032 2173 2122 magis
2200 2031 2410 2111 ride0‚
2434 2033 2553 2118 qui
2580 2054 2738 2101 curn
2767 2032 3111 2131 permulta

495 2139 504 2147 ·
579 2119 999 2189 vaticinandi
1047 2118 1196 2187 loca
1242 2119 1371 2188 sibi
1404 2120 1904 2209 excogitaverit.
1959 2121 2158 2206 quasi
2209 2142 2315 2189 res
2347 2119 2615 2190 suturas
2664 2120 2735 2188 in
2770 2120 2910 2189 illis
2941 2121 3113 2210 ipsis

577 2210 1204 2298 praenunciaturus
1255 2220 1453 2285 esset,
1527 2230 1660 2277 non
1728 2207 1900 2277 illud
1954 2208 2361 2297 praeviderit
2407 2231 2485 2278 ac
2527 2210 2937 2278 vaticinatus
2992 2209 3103 2284 sit,

572 2309 907 2384 quantum
933 2296 1233 2365 dedecus
1264 2297 1507 2384 quovis
1537 2297 1685 2367 risu
1716 2296 2008 2386 dignum
2040 2297 2368 2367 hodierno
2400 2297 2509 2366 die
2537 2319 2871 2387 passurus
2906 2310 3106 2368 esset.

598 2389 604 2396 '
664 2388 700 2472 ξ
751 2391 838 2456 2.
893 2384 1069 2467 Quid
1117 2384 1302 2454 enim
1339 2408 1450 2454 ma
1506 2384 1561 2454 's
1601 2385 1966 2454 ridendum
2010 2385 2263 2473 aliquis
2310 2386 2610 2466 duceret,
2665 2408 2876 2472 quam
2925 2386 3111 2473 quod

576 2474 780 2544 hodie
830 2495 1075 2565 passus
1120 2487 1222 2543 est
1259 2473 1464 2545 diabo
1494 2475 1627 2545 us‘?
1665 2474 1794 2557 Qui
1845 2473 2003 2543 licet
2038 2475 2370 2565 virginem
2423 2475 2750 2545 irretitam
2784 2475 3103 2554 haberet,

573 2587 614 2631 a
662 2564 914 2653 praeda
950 2577 1171 2632 tamen
1203 2563 1368 2652 'ipsa
1412 2564 1686 2644 excidit,
1725 2575 1790 2632 et
1830 2562 2157 2652 puellam,
2219 2586 2427 2651 quain
2478 2564 2957 2654 apprehendit,
3017 2576 3111 2632 te-

577 2674 755 2742 nere·
794 2673 925 2720 non
973 2653 1219 2741 potuit,
1274 2653 1473 2739 quasi
1524 2653 1885 2732 umbram,
1944 2674 2075 2722 non
2132 2653 2463 2743 virginem
2518 2652 3105 2743 apprehendisset.

574 2746 737 2810 Nam
779 2762 940 2810 cum
992 2739 1109 2809 illa
1160 2739 1669 2830 simplicitatem
1713 2740 2076 2811 columbae
2122 2763 2279 2811 cum
2349 2763 2457 2810 ser
2507 2743 2684 2811 entis
2743 2741 3110 2831 prudentia

574 2831 1010 2919 conjunctam
1069 2829 1368 2909 haberet,
1422 2843 1499 2899 ut
1547 2829 1871 2899 columba
1929 2830 2214 2917 quidam
2270 2831 2452 2920 simp
2482 2851 2561 2900 ex
2609 2830 3110 2919 comprehensa

573 2931 695 2997 est,
751 2917 864 2986 sed
916 2931 991 2986 ut
1037 2917 1341 3007 prudens
1390 2940 1672 3007 serpens
1719 2917 2034 3008 diffugit:
2088 2920 2405 3006 quamvis
2464 2920 2649 2987 enim
2699 2929 2874 2986 esset
2921 2939 3114 2985 com-

577 3006 936 3096 prehensa,
959 3005 1044 3074 de
1080 3006 1360 3075 victoria
1396 3019 1623 3075 tamen
1655 3029 1787 3075 non
1818 3006 2241 3096 desperavit:
2296 3029 2516 3095 neque
2549 3008 2782 3075 animo
2809 3016 2924 3075 aut
2946 3027 3115 3076 con-

578 3095 732 3165 silio
779 3106 978 3183 capta
1023 3092 1173 3174 suit,
1220 3094 1376 3164 licet
1421 3116 1707 3185 corpore
1753 3095 2025 3165 detenta
2070 3110 2284 3167 esset:
2326 3096 2443 3165 sed
2479 3108 2690 3165 artem
2733 3093 3113 3181 quamdam

574 3196 775 3270 atque
836 3182 1203 3255 consilium
1260 3184 1687 3273 excogitavit,
1731 3205 1868 3270 quo
1922 3186 2187 3266 eorum,
2237 3208 2271 3253 a
2323 3185 2580 3271 quibus
2613 3182 3113 3274 comprehensa

574 3272 815 3350 fuerat,
858 3271 1298 3340 temeritatem
1350 3270 1680 3354 eluderet,
1719 3284 1783 3340 et
1820 3294 1934 3341 eos
1986 3286 2311 3360 tanquam
2363 3273 2678 3364 stupidos
2727 3271 3062 3341 redderet.

661 3364 695 3447 ξ
744 3365 835 3431 23.
889 3359 1014 3428 Sed
1064 3360 1398 3446 quidnam
1441 3359 1570 3429 hoc
1609 3360 1789 3430 fuit?
1837 3366 1918 3430 Se
1977 3361 2344 3431 consilium
2385 3375 2686 3431 mutasse
2736 3360 2960 3451 puella
3015 3358 3110 3428 si-

572 3449 892 3519 mulavit:
938 3447 1146 3535 idque
1185 3462 1260 3517 ut
1306 3448 1633 3519 credibile
1666 3449 2031 3535 videretur,
2071 3450 2390 3537 quamvis
2438 3449 2506 3518 in
2562 3462 2784 3519 tantae
2820 3450 3113 3518 fluctua-

574 3537 780 3605 tionis
826 3549 890 3607 et
932 3536 1276 3625 naufragii
1326 3536 1631 3626 periculo
1680 3538 2049 3609 constituta
2084 3551 2282 3619 esset,
2323 3537 2520 3608 vultu
2560 3551 2786 3607 tamen
2823 3536 3113 3627 ipso‘hi-

574 3624 909 3696 laritatem
1010 3648 1121 3694 rae
1170 3646 1242 3693 se
1290 3623 1564 3696 ferebat.
1629 3627 1980 3716 Figmento
2031 3628 2244 3718 igitur
2291 3627 2409 3696 illo
2461 3626 2712 3696 milites
2768 3626 2974 3715 capti,
3048 3636 3114 3691 et

574 3713 841 3803 puellae
882 3713 953 3781 hi
985 3714 1221 3784 aritate
1256 3713 1543 3803 decepti,
1583 3714 1960 3785 humanius
2011 3716 2079 3784 in
2125 3715 2315 3785 illam
2350 3738 2421 3787 se
2451 3736 2685 3805 gerere
2710 3725 3105 3804 coeperunt.

573 3807 758 3885 Quae
806 3825 966 3872 cum
1027 3801 1113 3871 ab
1156 3802 1322 3892 ipsis
1373 3804 1700 3892 petiisset,
1744 3815 1821 3874 ut
1862 3804 2103 3874 tandiu
2154 3804 2384 3874 liceret
2431 3807 2691 3886 abesse,
2727 3803 2950 3891 quoad
3002 3824 3113 3870 or-

577 3905 815 3962 natum
867 3912 1158 3981 sponsae
1197 3893 1711 3961 convenientem
1758 3893 1889 3962 sibi
1926 3893 2265 3975 indueret,
2317 3893 2529 3964 eundi
2610 3903 2958 3963 otestatein
2990 3891 3117 3958 ini-

576 3980 727 4049 lites
775 3981 831 4049 ei
871 3992 1378 4062 concesserunt,
1433 3981 1691 4072 quippe
1720 3982 1839 4068 qui
1876 4004 1953 4050 ea
2004 4004 2072 4051 re
2103 4003 2240 4051 non
2277 3981 2499 4051 solum
2535 3982 2554 4049 i
2590 3981 2634 4050 li
2684 3980 2936 4070 virgini
3014 4001 3109 4047 ra-

574 4082 718 4138 tum
770 4068 1017 4139 facturi
1073 4080 1322 4148 essent,
1392 4069 1507 4139 sed
1559 4068 1873 4139 futurum
1924 4071 2127 4140 etiam
2186 4058 2601 4160 cogitabant,
2657 4082 2821 4139 uta
2867 4074 2955 4139 Ju
3011 4068 3113 4136 ice

573 4159 723 4247 ipso
775 4158 996 4247 magis
1044 4134 1516 4238 laudarentur,
1556 4159 1614 4227 si
1659 4157 1965 4249 puellam
2003 4170 2185 4229 veste
2223 4171 2534 4229 ornatam
2570 4159 2949 4229 duxissent.
2993 4155 3117 4225 Illa

573 4267 729 4315 vero
778 4245 1050 4316 consilii
1099 4246 1207 4327 sui
1240 4268 1522 4336 compos
1568 4246 1768 4325 facta,
1827 4246 2056 4316 statim
2105 4268 2177 4317 se
2226 4260 2404 4317 veste
2453 4246 2681 4317 induit
2734 4269 2912 4333 quae
2962 4267 3117 4314 vere

571 4335 818 4405 decora
871 4346 992 4405 est.
1058 4338 1225 4406 Cum
1286 4335 1471 4405 enirn
1531 4334 1749 4404 animi
1815 4334 2215 4406 fortitudine
2276 4348 2341 4407 et
2400 4337 2925 4407 resurrectionis
2993 4356 3115 4424 spe

574 4424 785 4494 multa
824 4445 894 4496 se
927 4424 1266 4496 induisset
1312 4437 1513 4511 atque
1559 4425 2089 4505 corroborasset,
2144 4424 2231 4495 ad
2280 4425 2502 4515 ipsius
2551 4425 2707 4495 tecti
2746 4423 3112 4516 vestigium
