3357 4995
674 329 803 392 242
1419 346 1494 392 DE
1544 345 1599 392 s.
1653 343 1949 392 MEDARDO
1999 346 2294 394 muscoro
2818 331 3037 396 JUMI
3088 334 3127 395 8

591 439 1018 517 supponunt.
1077 432 1320 517 Magna
1369 449 1438 495 se
1487 426 1779 496 credidit
1817 427 2193 498 ditandum·
2232 428 2807 506 remuneratione,
2857 429 2967 497 cui
3000 430 3126 499 etsi

589 537 732 588 ,non
784 528 1088 605 gestare,
1162 516 1401 585 saltem
1452 514 1626 586 illud
1695 517 1913 586 sancti
1964 516 2289 586 feretrum
2337 538 2613 603 quoquo
2667 517 2866 586 modo
2935 518 3129 587 licuit

588 616 968 686 attrectare.
1009 604 1326 694 Episcopi
1375 617 1441 672 et
1487 606 1852 695 optimates
1882 605 1965 674 ad
2020 605 2087 673 id
2140 628 2210 674 se
2258 605 2465 675 officii
2526 606 2838 675 hilariter
2883 607 3128 675 cohor—

590 705 869 773 tantur,
923 706 989 761 et
1035 715 1214 763 onus
1281 693 1453 763 illud
1507 693 1651 762 leve
1700 694 2097 773 sentiente5‚
2162 717 2240 763 ex
2294 707 2650 785 praecepto
2700 694 2879 783 regis
2941 697 3126 784 apud

588 781 716 849 Atti
771 782 998 851 iacum
1052 782 1285 851 villam
1316 783 1604 852 fluvium
1638 787 1932 852 Axonam
1964 784 2116 852 navi
2175 784 2236 852 io
2268 783 2897 874 transgrediuntur.
2937 789 3125 852 Post-

587 891 700 938 mo
754 892 870 939 um
924 870 1050 940 iter
1097 870 1472 960 dirigentes
1521 887 1752 940 contra
1793 872 2104 960 ejusdem
2185 873 2446 941 uminis
2481 872 2766 952 undam,
2806 873 2985 942 sicut
3013 895 3128 942 rex

589 958 1118 1048 praeordinavit,
1179 960 1300 1028 iter
1341 961 1424 1028 ad
1476 961 1715 1031 urbem
1748 961 2031 1030 flectunt
2084 961 2629 1041 suessionicam3
2685 960 2806 1030 ubi
2856 961 3123 1031 Banda-

517 1129 530 1136 -
587 1048 796 1118 redus
845 1048 1248 1138 EpiscopuS,
1287 1071 1446 1118 cum
1510 1049 1734 1119 debita
1772 1051 2205 1138 processione
2239 1063 2620 1119 reverenter
2665 1051 2986 1129 occurrit,
3041 1073 3121 1118 ac

589 1137 1108 1227 sanctissimum
1164 1160 1436 1226 corpuS,
1476 1153 1678 1222 prout
1717 1138 2020 1220 decebat,
2061 1138 2436 1208 honorifice
2475 1139 2800 1227 suscepit.
2858 1141 2965 1206 Sic
3016 1161 3125 1207 so-

590 1225 911 1294 lemniter
967 1225 1124 1294 felix
1175 1226 1292 1294 illa
1342 1228 1939 1297 Suessionensium
2002 1227 2240 1297 civitas
2303 1239 2615 1296 sanctum
2663 1228 2778 1296 Dei
2828 1229 3130 1316 suscepit

589 1314 1078 1394 confessorem,
1151 1338 1258 1384 am
1319 1315 1534 1384 lexata
1582 1329 1682 1385 est
1749 1317 1981 1386 festive
2032 1329 2421 1405 patronum,
2467 1315 2713 1385 amodo
2765 1317 3127 1405 proprium

588 1406 849 1492 patriae
884 1404 1205 1480 habitura
1301 1405 1702 1473 efensorem.
1752 1410 1934 1474 Inter
1964 1404 2088 1473 hos
2123 1405 2638 1494 properantium
2690 1426 2947 1473 cuneos
2973 1407 3130 1491 qui-

589 1491 752 1560 dam
819 1514 888 1560 se
939 1493 1247 1581 ingessit,
1293 1494 1566 1562 aurium
1626 1493 1893 1563 diutius
1944 1493 2312 1563 frustratus
2360 1493 2623 1562 officio:
2678 1495 2797 1579 qui
2851 1515 3001 1562 mox
3055 1507 3131 1564 ut

589 1580 898 1670 peplum,
951 1603 1087 1666 quo
1138 1604 1409 1649 sacrum
1463 1596 1523 1649 te
1572 1582 1817 1652 ebatur
1845 1604 2121 1672 corpus,
2168 1582 2546 1653 osculando
2593 1582 2829 1651 devote
2878 1584 3124 1669 attigit,

589 1668 888 1737 fraudati
945 1692 1189 1739 sensus
1240 1693 1443 1744 usum
1499 1670 1655 1739 iico
1708 1671 1926 1740 sancti
1975 1671 2320 1761 pontificis
2370 1672 2858 1740 intercessione
2913 1672 3133 1740 susci·
3199 1688 3203 1693 ·

589 1779 749 1847 pere
786 1759 1185 1847 promeruit.
1235 1758 1629 1828 Gratulatur
1661 1759 2036 1828 admodum
2076 1782 2214 1839 rex,
2246 1758 2683 1848 gratulantur
2714 1760 2915 1828 etiam
2962 1765 3133 1827 Pon-

590 1846 808 1915 tifices
831 1869 989 1915 cum
1022 1846 1509 1936 optimatibus:
1569 1870 1900 1937 magnum
1944 1848 2019 1916 fit
2050 1849 2121 1916 in
2152 1848 2361 1917 coelis
2410 1849 2769 1937 gaudium,
2803 1862 3129 1919 etastan·

591 1949 692 2002 tes
740 1936 1043 2005 universi
1096 1940 1304 2004 Deum
1358 1958 1434 2004 ex
1500 1949 1634 2005 toto
1682 1937 1886 2007 corde
1948 1958 2083 2005 non
2146 1938 2295 2005 sine
2345 1937 2671 2025 lacrymis
2717 1953 3131 2027 compuncte

588 2037 1022 2092 venerantur.

681 2115 716 2198 ξ
767 2118 910 2185 21.
969 2117 1488 2183 Retransmeant
1547 2137 1625 2181 ex
1693 2127 2051 2204 praecepto
2119 2137 2189 2183 re
2244 2115 2301 2184 is
2373 2114 2797 2203 praedictum
2864 2114 3124 2184 flumen

596 2205 921 2281 Axonam,
970 2203 1510 2290 perveniuntque
1560 2203 1628 2270 in
1694 2203 2079 2291 praedium‘,
2144 2138 2265 2272 ufii
2316 2207 2451 2271 Rex
2518 2203 2732 2272 sancti
2784 2203 3131 2290 pontificis

594 2289 1191 2378 praeordinaverat
1232 2291 1684 2379 sepulturam.
1744 2291 1869 2370 Ibi,
1908 2296 2037 2359 Deo
2067 2292 2473 2381 disponente
2498 2291 2614 2377 qui
2644 2305 2890 2360 cuncta
2936 2314 3132 2380 prae-

594 2377 776 2446 videt
823 2392 886 2447 et
943 2380 1351 2466 praenoscit,
1391 2380 1741 2459 laetitiam,
1790 2403 1925 2466 qua
1976 2394 2289 2450 sanctum
2355 2379 2542 2449 illius
2590 2401 2842 2468 corpus
2889 2381 3129 2448 evehe-

591 2468 817 2548 batur,
875 2469 1104 2559 nesciq
1153 2491 1287 2555 qua
1337 2468 1421 2538 de
1455 2491 1664 2538 causa
1719 2469 2004 2558 contigit
2051 2469 2324 2559 deponi.
2384 2473 2458 2538 Et
2505 2491 2659 2538 ecce
2710 2470 2947 2537 iterato
2998 2471 3125 2538 mi-

591 2557 828 2626 racula
878 2558 1371 2647 geminantur,
1436 2571 1499 2626 et
1565 2559 1632 2625 in
1688 2558 2062 2627 universali
2109 2571 2478 2648 conspectu
2541 2559 2913 2626 astantium
2971 2581 3130 2626 san-

591 2647 884 2717 ctissimi
945 2645 1283 2735 praesulis
1336 2648 1575 2715 merita
1627 2646 2128 2732 glorificantur.
2169 2652 2334 2717 Cum
2376 2648 2559 2716 enim
2616 2647 3124 2717 sanctissimam

589 2737 741 2823 ejus
790 2734 1059 2890 {lebam
1092 2758 1169 2803 ex
1221 2736 1528 2823 injuncto
1577 2735 1707 2803 sibi
1751 2735 1976 2805 officio
2005 2735 2089 2804 ad
2124 2734 2551 2824 sepulturam
2601 2735 2957 2825 deportare
2990 2736 3129 2804 vel-

591 2823 753 2901 lent,
845 2824 1026 2892 ivino
1076 2836 1248 2893 nutu
1303 2825 1468 2892 tanti
1500 2845 1652 2917 eam
1697 2823 2020 2913 ponderis
2056 2838 2562 2914 persenserunt,
2597 2837 2671 2893 ut
2706 2823 2895 2893 nullo
2925 2824 3129 2892 modo

589 2933 842 3000 corpus
884 2913 1113 2979 Sancti
1145 2935 1184 2980 a
1235 2911 1405 2991 loco,
1458 2913 1579 2982 ubi
1628 2935 1785 2981 eum
1838 2913 2338 3007 deposuerant„
2362 2935 2628 2983 movere
2663 2925 2955 3002 possent.
3002 2913 3133 2981 Alii

588 2999 745 3067 aliis
801 2998 1268 3079 succedentes,
1323 3001 1404 3068 ad
1458 3002 1873 3070 evectionem
1935 3001 2090 3069 totis
2156 3002 2417 3071 viribus
2473 3001 2952 3071 elaborabant:
3010 3001 3130 3070 alii

588 3087 760 3156 alios
811 3103 1135 3174 tanquam
1187 3089 1527 3159 invalidos
1574 3103 1640 3157 et
1689 3090 2095 3179 impotentes
2157 3091 2625 3180 increpabant.
2682 3095 2925 3159 Verum
2972 3088 3130 3159 licet

584 3175 760 3245 alios
795 3190 1121 3263 tanquam
1179 3178 1557 3247 imbecilles
1606 3190 2083 3258 causarentur,
2120 3179 2252 3269 ipsi
2307 3194 2531 3248 tamen
2563 3201 2722 3249 cum
2755 3178 2837 3247 ad
2884 3178 3131 3249 idsese

588 3278 1159 3354 praeparassent,
1225 3266 1564 3336 desiderio
1626 3289 1754 3335 suo
1801 3288 1881 3335 ex
1932 3279 2064 3335 toto
2115 3266 2642 3339 frustrabantur.
2713 3266 2848 3336 Rex
2896 3281 2962 3335 et
3009 3269 3130 3353 qui

587 3354 894 3433 aderant,
934 3353 1300 3445 diligenter
1338 3378 1588 3427 causae
1621 3354 1831 3443 hujus
1864 3369 2293 3425 recensentes
2341 3368 2683 3435 eventum,
2737 3377 2895 3426 cum
2936 3357 3129 3443 peni-

588 3455 698 3513 tus
727 3444 893 3530 quid
944 3465 1052 3512 res
1105 3444 1269 3513 haec
1309 3444 1778 3533 praetenderet
1828 3445 2247 3534 ignorarent,
2298 3446 2408 3514 Dei
2459 3445 2673 3515 solius
2723 3445 3133 3535 suppliciter

589 3530 798 3622 'super
857 3531 984 3601 hoc
1033 3533 1404 3602 exorabant
1454 3533 1876 3605 subsidium.
1925 3534 2291 3604 Tumultus
2343 3555 2475 3602 non
2531 3534 2866 3603 minimus
2918 3556 3127 3623 super

590 3620 720 3690 hac
771 3621 1224 3691 retardatione
1277 3623 1743 3712 perstrepebat
1791 3622 1859 3689 in
1927 3622 2225 3711 populo,
2293 3621 2683 3691 dicentibus
2731 3621 2909 3700 aliis,
2966 3623 3132 3708 quia

589 3708 674 3777 de
721 3709 879 3778 sede
929 3732 1054 3779 sua
1104 3724 1432 3797 tanquam
1495 3711 1809 3800 captivus
1867 3710 2208 3780 abductus
2273 3709 2536 3791 fuerat,
2602 3710 2728 3780 hoc
2795 3711 3130 3805 divinitus

589 3798 762 3877 sieri,
815 3813 880 3866 et
921 3800 1198 3867 merito:
1255 3799 1411 3870 aliis
1441 3812 1668 3868 autem
1705 3799 2218 3888 objicientibuS,
2259 3821 2483 3889 regem
2526 3821 2779 3888 corpus
2811 3812 3130 3868 sanctum

589 3900 975 3975 reverenter
1039 3886 1472 3959 transtulisse
1521 3900 1584 3955 et
1632 3885 1830 3957 vei-ae
1878 3888 2260 3959 devotionis
2310 3887 2559 3959 studio.
2606 3892 2742 3957 Rex
2794 3888 3139 3957 nimirum.

583 3977 938 4055 attonitus,
992 3976 1075 4044 ad
1129 3977 1346 4045 sancti
1400 3977 1702 4045 loculum
1747 3999 1879 4046 non
1918 3977 2067 4046 sine
2102 3977 2313 4047 multa
2349 3976 2705 4046 devotione
2753 3977 3132 4066 appropin-

587 4067 843 4152 quavit,
898 4078 962 4134 et
1003 4064 1292 4134 solemni
1343 4063 1517 4134 facta
1568 4065 1956 4145 traditione,
1996 4065 2197 4136 villae
2231 4065 2422 4135 illius
2471 4065 2722 4156 regalis
2771 4066 3126 4147 Croiciaci,

589 4154 660 4222 in
703 4178 839 4242 qua
889 4166 1169 4224 sanctus
1220 4154 1364 4242 ipse
1430 4153 1869 4242 sepeliendus
1917 4168 2083 4234 erat,
2142 4155 2570 4225 medietatem
2614 4169 2851 4225 sancto
2899 4154 3125 4223 eidem

589 4244 978 4333 perenniter
1027 4242 1414 4311 habendam
1451 4242 1666 4332 sigilli
1716 4242 1965 4334 regalis
1998 4244 2454 4332 impressione
2487 4244 2944 4313 confirmavit.

676 4334 711 4418 ξ
763 4338 922 4403 22.
981 4331 1274 4421 Contigit
1323 4331 1481 4400 ilico
1538 4354 1646 4400 res
1715 4331 2054 4403 mirabilis
2114 4345 2179 4401 et
2246 4331 2686 4401 laudabiliter
2744 4332 3125 4401 recitanda.

591 4426 737 4490 Mox
768 4422 952 4489 enim
983 4418 1169 4489 ulnis
1217 4421 1618 4511 suppositis,
1652 4443 1829 4491 onus
1860 4421 2032 4492 illud
2070 4421 2584 4490 sanctissimum
2623 4433 2811 4511 parte
2844 4421 3129 4508 quidem
