3357 4995
631 318 765 383 408
1328 331 1407 377 m:
1455 331 1511 378 s.
1563 328 1810 379 sommi
1859 330 2085 378 ruane.
2140 331 2322 379 aneis
2746 308 2962 377 JUNIl
3014 313 3100 379 ⁴6

488 499 493 502 ,
541 421 856 491 omnium
905 439 1029 487 vox
1078 416 1229 497 fuit,
1268 426 1582 487 sanctum
1614 416 1894 494 obiisse;
1925 427 1990 485 et
2013 416 2331 502 quamvis
2381 415 2887 505 rigidissimum
2925 417 3097 484 anni

544 523 817 599 tempus
848 508 991 576 vias
1030 505 1280 575 faceret
1311 503 1908 595 impeditissimaS,
1963 517 2189 574 tamen
2225 504 2310 574 ad
2356 505 2536 574 hanc
2585 525 2844 583 vocem,
2896 507 3100 591 quasi

541 600 613 668 in
653 596 899 666 vicinis
948 595 1116 665 locis
1163 593 1492 664 omnibus
1524 616 1604 662 ac
1652 594 2008 664 montibus
2046 594 2367 663 exaudita
2405 593 2669 674 fuisset,
2702 593 2842 663 duo
2884 615 3096 685 supra

543 686 784 779 viginti
834 684 1119 774 parochi
1166 693 1232 753 et
1278 697 1414 752 tam
1448 682 1665 752 densa
1691 703 2067 752 convenere
2106 694 2594 753 montanorum
2644 683 2950 771 agmina,
2993 695 3091 765 ut,

541 787 821 868 propter
847 774 1189 842 infinitam
1226 772 1466 862 populi
1501 770 2016 841 multitudinem
2048 786 2574 842 concurrentem
2605 772 2692 841 ad
2721 771 3100 841 videndum

542 879 608 936 et
654 862 1116 936 osculandum
1187 860 1494 930 defuncti
1554 882 1846 951 corpuS‚
1899 860 2161 929 differri
2216 861 2282 929 in
2336 860 2554 930 alium
2624 860 2810 930 diem
2883 860 3099 930 funus

544 953 943 1045 oportuerit.
1000 950 1468 1028 Postmodum,
1510 950 2106 1039 percrebrescente
2153 949 2536 1020 sanctitatis
2564 949 2719 1037 ejus
2759 971 2837 1018 ac
2889 950 3100 1017 mira-

543 1042 860 1114 culorum
909 1039 1135 1119 fama,
1209 1038 1613 1108 Lalovescus
1659 1038 1954 1128 exiguus
2001 1050 2202 1107 antea
2264 1040 2477 1118 vicus,
2535 1039 2777 1126 paucis
2826 1050 3100 1107 tantum

544 1142 869 1202 constans
907 1127 1088 1198 casis
1126 1141 1193 1197 et
1230 1127 1554 1218 tuguriis,
1588 1128 1813 1217 coepit
1859 1127 2106 1197 incolis
2138 1125 2583 1214 frequentari,
2622 1140 2686 1196 et
2716 1127 3094 1214 quotannis

545 1219 938 1291 redundare
998 1216 1395 1306 ingentibus
1464 1215 1887 1285 advenarum
1959 1217 2281 1297 catervis,
2334 1238 2413 1286 eo
2486 1237 2604 1305 per
2673 1217 3097 1306 asperrimos

548 1322 817 1380 montes
866 1305 1367 1376 confluentium
1429 1305 1512 1373 ad
1567 1304 1801 1375 beatos
1856 1305 2212 1395 apostolici
2263 1305 2392 1374 viri
2429 1306 2696 1374 cineres
2763 1325 3103 1373 veneran-

546 1400 695 1480 dOS‚
747 1408 815 1466 et
850 1417 1052 1485 opem
1100 1395 1252 1484 ejus
1301 1394 1371 1463 in
1408 1394 1615 1463 variis
1651 1395 2050 1464 morborum
2099 1407 2165 1464 et
2203 1394 2676 1464 calamitatum
2726 1394 3099 1484 generibus

548 1485 1083 1577 implorandam.

636 1579 672 1663 ξ
722 1579 876 1646 25.
932 1579 1166 1659 ltaque
1214 1596 1253 1641 a
1309 1571 1527 1641 bonae
1601 1572 1973 1641 memoriae
2036 1572 2379 1641 Armando
2435 1572 2521 1641 de
2568 1573 2872 1642 Bethune
2934 1571 3099 1639 Ani-

548 1664 762 1735 ciensi
814 1663 1148 1753 Episcopo
1194 1661 1598 1730 auctoritate
1643 1661 1994 1730 ordinaria
2029 1683 2211 1730 anno
2259 1682 2570 1730 nnccxxvi
2617 1661 2965 1731 confectus
2990 1669 3098 1729 est

550 1775 915 1844 processus
962 1773 1171 1841 super
1221 1750 1353 1818 vita
1382 1762 1447 1820 et
1482 1749 1841 1819 miraculis
1890 1750 2065 1819 servi
2120 1750 2232 1830 Dei
2245 1801 2378 1818 .....
2439 1750 2568 1818 Sed
2619 1750 2947 1837 quoniam
3000 1759 3097 1817 tot

550 1841 892 1912 miracula
928 1862 1061 1909 non
1112 1851 1425 1930 poterant
1455 1851 1733 1928 propter
1759 1838 2279 1910 multitudinem
2328 1838 2608 1929 singula
2642 1839 2927 1908 seorsim
2977 1859 3098 1906 ex—

550 1930 783 2021 pendi,
823 1941 887 1999 et
922 1929 1325 2006 multorum,
1379 1928 1585 1996 variis
1619 1927 1702 1996 de
1741 1929 1996 2008 causiS‚
2050 1939 2128 1997 ut
2172 1927 2483 1996 accidere
2513 1926 2706 2009 solet,
2749 1926 3100 2018 legitimae

550 2020 1114 2104 necessariaeque
1171 2017 1607 2107 probationes
1640 2017 1742 2085 vel
1778 2016 2214 2107 deperierant
2260 2016 2362 2086 vel
2422 2016 2661 2086 haberi
2709 2038 2845 2084 non
2909 2026 3100 2103 pote-

549 2120 744 2188 rant,
799 2106 1155 2177 nonnullis
1202 2128 1282 2175 ex
1331 2106 1659 2175 omnibus
1708 2106 2021 2185 selectis,
2086 2118 2152 2175 et
2215 2105 2283 2174 in
2335 2104 2657 2196 pluribus
2722 2125 3100 2194 congrega-

551 2197 853 2267 tionibus
903 2201 966 2264 S.
1014 2201 1090 2264 R.
1138 2201 1209 2263 E.
1271 2193 1742 2264 cardinalium
1793 2196 2008 2266 sacris
2055 2194 2307 2263 ritibus
2371 2195 2924 2284 praepositorum
2978 2214 3101 2281 per

551 2286 923 2355 triennium
974 2283 1355 2363 discussiS,
1409 2284 1548 2352 duo
1610 2305 1794 2352 anno
1851 2305 2091 2354 unccxv
2140 2281 2626 2374 praedecessor
2675 2294 2904 2351 noster
2952 2280 3098 2352 Cle-

551 2396 748 2444 mens
798 2379 881 2443 xl
915 2373 1188 2443 decreto
1237 2395 1361 2442 suo
1409 2371 1849 2463 approbavit:
1913 2372 2332 2441 miraculum
2383 2371 2646 2442 scilicet
2694 2393 2765 2440 re
2819 2370 3098 2440 entinae

552 2462 979 2534 liberationis
1022 2464 1337 2531 Joannae
1388 2462 1635 2531 Mariae
1666 2466 1855 2531 Peret
1888 2461 2209 2532 monialis
2239 2483 2280 2530 a
2304 2459 2637 2531 diuturna
2687 2461 2754 2531 in
2790 2461 3095 2530 ariorum

550 2567 825 2623 artuum
860 2552 948 2622 ad
1000 2564 1260 2621 motum
1312 2552 1716 2640 impotentia
1763 2563 1828 2620 et
1876 2552 2630 2640 hydrope-tympanite‚
2685 2564 2750 2620 et
2785 2551 3090 2619 miracu-

554 2642 699 2712 lum
735 2643 1209 2710 instantaneae
1239 2641 1617 2710 sanationis
1667 2640 1964 2710 Joannis
2012 2640 2335 2730 Gasparis
2387 2644 2887 2730 Montereymar
2933 2639 3099 2707 Ani-

549 2731 804 2801 ciensis
834 2730 920 2800 ab
951 2731 1217 2799 enormi
1250 2728 1515 2798 herum.
1556 2734 1632 2797 Et
1660 2729 1972 2810 demum,
2007 2751 2192 2799 anno
2222 2729 2635 2816 insequenti,
2667 2729 2852 2797 idem
2896 2749 3098 2817 prae-

554 2819 877 2889 laudatus
925 2818 1229 2888 Pontifex
1267 2839 1542 2887 servum
1578 2820 1691 2888 Dei
1720 2824 2057 2888 ,Ioannem
2112 2818 2559 2888 Franciscum
2610 2818 2680 2886 in
2731 2822 3096 2886 Beatorum

554 2907 1030 2978 Confessorum
1086 2929 1455 2976 numerum
1508 2906 1800 2976 solemni
1837 2907 1974 2975 ritu
2013 2906 2407 2997 adscripsit.

638 3000 675 3084 ἓ
725 3002 889 3068 26.
942 2998 1038 3066 Ab
1088 2996 1206 3066 illo
1257 3008 1560 3085 tempore
1619 3017 1757 3065 non
1811 2995 2071 3066 destitit
2134 3001 2311 3065 Deus
2360 2995 2679 3086 pluribus
2732 2992 3094 3064 miraculis

554 3086 983 3155 sanctitatem
1035 3086 1212 3154 servi
1252 3085 1362 3154 sui
1412 3084 1635 3174 magis
1673 3084 2031 3175 magisque
2080 3084 2338 3165 testari,
2378 3097 2455 3154 ut
2494 3085 2564 3152 in
2599 3084 2755 3172 ejus
2803 3082 3100 3173 gloriam

550 3196 712 3265 erga
761 3176 912 3263 ejus
968 3173 1242 3243 fidelem
1279 3194 1549 3243 servum
1586 3172 1818 3243 cultus
1865 3187 1930 3243 et
1979 3173 2322 3243 veneratio
2369 3185 2760 3263 augeretur.
2830 3170 3100 3241 Etenim

556 3284 708 3332 vere
733 3263 1025 3353 pretiosa
1048 3276 1150 3333 est
1175 3263 1242 3331 in
1261 3284 1427 3331 cons
1479 3274 1636 3331 ectu
1661 3262 1929 3331 Domini
1957 3284 2141 3331 mors
2169 3275 2563 3333 sanctorum
2589 3261 2766 3349 ejus,
2788 3258 3095 3349 quando,

554 3374 679 3421 nec
714 3365 889 3422 terra
918 3351 1172 3431 carnis,
1228 3352 1362 3419 vita
1449 3364 1778 3431 eserente,
1818 3350 2306 3433 contemnitur,
2359 3364 2425 3421 et
2476 3350 2807 3420 invisibili
2862 3348 3103 3418 anima

554 3441 641 3510 de
690 3441 894 3510 domo
934 3440 1186 3509 visibili
1228 3440 1643 3522 discedente,
1701 3439 2173 3510 habitaculum
2214 3440 2391 3511 servi
2439 3443 2608 3510 cura
2659 3438 2931 3508 Domini
2973 3459 3103 3506 cu·-

552 3529 868 3608 stoditur,
929 3541 995 3599 et
1057 3530 1126 3597 in
1186 3529 1479 3620 gloriam
1526 3529 1796 3598 Domini
1845 3551 1885 3597 a
1935 3529 2284 3599 conservis
2330 3528 2656 3598 fidelibus
2689 3528 3097 3598 honoratur.

553 3624 791 3706 Itaque
832 3619 1024 3686 novis
1064 3617 1440 3708 apostolica
1488 3619 1890 3688 auctoritate
1923 3618 2363 3708 processibus
2412 3619 2483 3686 in
2531 3617 2751 3688 Gallia
2791 3615 3105 3686 conscri-

555 3707 693 3798 ptis
760 3707 845 3775 de
915 3707 1272 3777 miraculis
1328 3728 1504 3794 quae
1579 3729 1701 3797 per
1771 3708 2333 3777 intercessionem
2402 3712 2476 3776 B.
2532 3705 2878 3776 Francisci
2946 3714 3104 3792 post

552 3795 860 3886 ejusdem
896 3796 1469 3866 beatificationem
1537 3797 1975 3886 omnipotens
2027 3802 2216 3867 Deus
2265 3807 2588 3885 operatus
2635 3807 2784 3876 est,
2838 3814 2908 3864 se
2964 3806 3102 3861 tem

549 3885 849 3954 examini
911 3906 1265 3954 sacrorum
1330 3886 1592 3955 rituum
1644 3885 2207 3986 congregationis
2279 3906 2510 3954 coram
2565 3884 2766 3953 nobis
2827 3882 2913 3950 ha
2970 3883 3104 3951 itae

551 3993 679 4064 pro
731 3973 947 4053 ositiS,
981 3974 1118 4043 duo
1143 3997 1249 4044 xlx
1276 3974 1387 4044 die
1414 3973 1675 4042 mensis
1710 3976 1937 4043 martit
1960 3973 2303 4045 currentis
2329 3974 2496 4042 anni
2520 3971 2962 4060 (mcccxxxvn)
2980 3992 3106 4061 ap-

552 4084 678 4152 pro
729 4063 1022 4144 avimuS,
1056 4062 1403 4133 videlicet:
1442 4063 1778 4143 Primum,
1819 4063 2291 4133 instantaneae
2341 4062 2769 4133 liberationis
2805 4060 3105 4129 Marian-

553 4173 682 4220 nae
732 4157 970 4242 Forget
999 4153 1084 4222 ab
1119 4153 1427 4254 ingenita
1454 4152 1523 4220 in
1557 4151 1849 4221 infernis
1881 4152 2171 4223 artubus
2218 4152 2305 4221 ad
2357 4163 2620 4221 motum
2663 4147 3095 4240 impotentia,

550 4240 829 4310 Tolosae
879 4241 949 4309 in
983 4241 1270 4312 ecclesla
1308 4241 1661 4311 Societatis
1708 4246 1900 4322 Jesu‚
1963 4239 2133 4311 dum
2181 4240 2714 4312 beatificationis
2761 4236 3104 4308 solemnia

549 4344 1079 4420 peragerentur;
1135 4329 1548 4411 secundum,
1590 4331 2069 4399 instantaneae
2118 4329 2502 4400 sanationis
2548 4325 3106 4399 sororis'Mariae

553 4420 910 4492 Theresiae
983 4421 1063 4488 de
1135 4421 1617 4509 Montplaisant
1697 4418 2021 4488 monialis
2098 4417 2443 4511 professae
2526 4418 2598 4487 in
2684 4413 3104 4487 monasterio
