3357 4995
737 336 864 401 596
1349 352 1429 399 nn
1474 353 1528 399 s.
1581 310 1918 401 An‘rnamo
1966 351 2200 401 name.
2252 351 2450 400 Emsc.
2829 330 3047 402 JUNII
3094 337 3190 401 26

648 459 775 507 nos
807 435 1203 507 temeritatis
1236 448 1503 527 arguat,
1556 437 1741 524 quod
1792 437 1960 506 haec
2006 435 2092 506 de
2146 449 2382 506 sancto
2425 435 2569 505 viro
2618 446 2891 507 nostrae
2939 459 3191 508 narra-

651 527 820 596 tioni
878 537 1167 596 attexere
1212 525 1583 607 voluimuS,
1635 526 1917 612 quando
1964 525 2114 594 sine
2159 525 2247 594 iis
2306 545 2444 594 non
2494 525 2660 594 satis
2727 527 3188 616 perspicuum

649 627 850 697 esset,
907 615 1075 701 quid
1122 613 1437 695 velimus,
1501 627 1566 682 et
1621 614 1841 685 solent
1880 613 2285 705 plerumque
2331 612 2644 701 exempla
2690 614 3026 705 exemplis
3061 614 3191 684 ad-

639 706 904 793 juncta,
944 725 1078 773 non
1122 724 1406 792 parvum
1456 702 1746 772 orationi
1776 717 2097 773 ornatum
2146 701 2419 771 addere.
2454 700 2672 791 Elegit
2701 724 2865 793 ergo
2889 703 2996 772 vir
3023 726 3189 773 san-

648 793 1000 863 ctissimus
1036 790 1499 870 Anthelmum,
1551 812 1873 880 eumque,
1910 792 2012 861 uti
2051 813 2175 880 par
2210 804 2376 871 erat,
2431 804 2813 860 reverenter
2853 805 3096 881 petens
3144 815 3191 861 a

650 902 939 971 magnae
971 880 1366 950 Carthusiae
1415 879 1751 969 patribus,
1805 880 2217 979 impetravit.

735 972 771 1056 ἓ
817 974 949 1042 1⁸1.
1003 974 1364 1055 Postquam
1398 980 1623 1037 autern
1659 990 1738 1037 eo
1772 982 1954 1038 vemt
1999 968 2422 1049 AnthelmuS,
2463 967 3060 1055 quemadmodum
3112 969 3186 1037 in

648 1057 768 1127 illo
808 1057 1202 1144 exequendo
1236 1078 1521 1125 munere
1568 1078 1639 1125 se
1689 1057 1993 1147 gesserit,
2046 1078 2208 1125 cum
2243 1057 2382 1126 sint
2426 1057 2577 1148 ejus
2612 1078 2835 1126 mores
2875 1058 3024 1149 jam
3069 1080 3186 1127 su·

648 1169 769 1236 pra
819 1146 1158 1235 explicati,
1219 1156 1511 1214 retexere
1575 1167 2163 1236 supervacaneum
2213 1146 2658 1215 arbitramur.
2733 1150 2873 1214 Non
2933 1158 3038 1215 est
3087 1159 3184 1216 ta·

648 1256 802 1304 men
857 1234 1556 1335 praetermittendum,
1610 1234 1792 1320 quod
1843 1234 2128 1303 domum
2171 1233 2362 1303 illam
2400 1232 2720 1323 plurimis
2767 1234 2971 1304 bonis
3008 1248 3184 1304 tem-

648 1324 939 1412 porariis
986 1323 1477 1402 abundantem,
1516 1334 1751 1391 sancto
1810 1323 2111 1410 quodam
2152 1321 2426 1392 foenore
2461 1322 2842 1412 potioribus
2873 1336 2939 1392 et
2978 1345 3182 1412 prae·

651 1412 1096 1482 stantioribus
1126 1411 1525 1479 cumulavit.
1564 1416 1729 1480 Nam
1758 1433 1916 1481 cum
1951 1412 2324 1481 invenisset
2362 1412 2696 1501 pecuniae
2718 1433 2853 1480 non
2900 1433 3177 1501 parum,

646 1500 968 1569 frumenti
1019 1513 1084 1569 et
1140 1497 1390 1569 diversi
1449 1500 1717 1589 generis
1751 1521 2065 1569 annonae
2117 1499 2257 1568 sive
2310 1499 2745 1569 letruminum
2785 1522 3069 1570 acervos
3117 1513 3184 1570 et

648 1589 891 1658 horrea
942 1588 1166 1678 plena,
1202 1587 1499 1676 cogitare
1548 1589 1792 1678 coepit,
1829 1587 2002 1656 nulli
2051 1609 2132 1656 ea
2177 1589 2340 1658 usui
2375 1552 2553 1667 iore,
2596 1589 2654 1656 si
2705 1588 2802 1658 sic
2850 1602 3187 1678 congesta

650 1689 1024 1746 manerent.
1082 1675 1325 1744 Statuit
1358 1676 1566 1766 igitur
1595 1677 1960 1766 pecuniam
1989 1675 2265 1767 elargiri
2296 1677 2379 1744 iis
2413 1699 2452 1745 a
2484 1677 2741 1763 quibus
2767 1699 2930 1747 cum
2960 1689 3183 1748 usura

646 1788 796 1834 eam
849 1766 1198 1855 reciperet,
1255 1785 1497 1854 nempe
1543 1765 1778 1855 egenis
1816 1764 2236 1834 frumentum
2273 1786 2547 1853 quoque
2579 1778 2817 1836 mutuo
2859 1765 3024 1835 dare
3055 1789 3184 1856 po-

634 1854 807 1934 tiuS,
846 1875 1052 1940 quam
1106 1853 1453 1942 putredini
1502 1868 1620 1922 aut
1667 1854 2015 1923 vermibus
2065 1853 2493 1942 perdendum
2554 1853 2962 1941 relinquere.
3020 1859 3184 1924 Erat

647 1943 831 2010 enim
859 1942 927 2010 id
961 1954 1094 2011 tem
1149 1941 1287 2009 oris
1320 1963 1608 2031 magnae
1657 1963 1970 2011 annonae
2002 1942 2290 2011 caritas:
2330 1941 2447 2010 sed
2485 1962 2704 2011 messe
2738 1942 3178 2023 adventante,

638 2032 783 2119 [am
836 2052 1043 2101 novas
1119 2052 1320 2118 ruges
1366 2052 1646 2121 carpere
1693 2030 1975 2100 licebat:
2030 2032 2144 2099 cui
2177 2043 2399 2099 tamen
2445 2030 2540 2098 rei
2571 2030 2707 2100 alia
2746 2031 3035 2100 accessit
3067 2054 3185 2101 ca-

675 2120 943 2200 amitas‚
996 2119 1069 2187 in
1117 2120 1461 2187 montanis
1525 2119 1693 2189 locis
1743 2119 2102 2210 grandinis
2157 2130 2556 2209 tempestate
2594 2120 2922 2190 omnibus
2972 2119 3188 2211 plane

648 2207 932 2297 perditis
979 2220 1043 2275 et
1073 2208 1349 2275 vastatis
1404 2230 1581 2294 quae
1612 2209 2107 2277 monachorum
2163 2207 2439 2277 illorum
2484 2230 2521 2275 a
2576 2207 2827 2278 ricolae
2874 2209 3185 2280 semina-

648 2309 821 2364 rant.
868 2302 995 2365 Nec
1043 2295 1386 2365 habebant
1424 2298 1569 2386 jam
1618 2298 1786 2383 quid
1839 2296 1937 2365 vel
1968 2296 2247 2365 ederent
2285 2295 2513 2365 velun
2570 2319 2606 2365 e
2646 2309 3023 2367 sementem
3057 2319 3187 2366 no-

650 2391 805 2453 vam
866 2385 1185 2454 facerent.
1241 2383 1534 2454 Advertit
1600 2407 1763 2475 ergo
1824 2384 2128 2475 prudens
2172 2397 2239 2453 et
2302 2385 2455 2474 pius
2505 2384 2906 2466 foenerator,
2959 2408 3042 2455 ex
3095 2387 3184 2455 iis

647 2495 823 2561 quae
870 2474 1184 2554 habebat,
1230 2494 1429 2562 posse
1469 2495 1539 2543 se
1597 2475 1894 2544 maxima
1954 2472 2145 2542 lucra
2203 2473 2446 2543 facere.
2508 2477 2742 2562 ltaque
2793 2474 3043 2546 maluit
3098 2497 3182 2545 ea

648 2576 889 2632 mutuo
921 2563 1084 2631 dare
1114 2562 1405 2642 miseris,
1458 2585 1663 2648 quam
1719 2585 1840 2652 pro
1892 2563 2104 2653 pretio
2137 2561 2541 2632 distrahere.
2595 2567 2781 2647 Quae
2828 2564 3018 2633 enim
3068 2564 3181 2633 di-

646 2664 894 2721 stracta
928 2663 1110 2730 sunt,
1166 2672 1299 2719 non
1352 2651 1637 2721 redeunt
1677 2652 1761 2720 ad
1814 2651 2272 2720 venditorem:
2330 2661 2569 2720 mutuo
2618 2674 2772 2721 vero
2811 2665 2874 2721 et
2913 2650 3184 2722 foenori

646 2741 825 2818 data,
882 2761 1042 2809 cum
1092 2738 1306 2808 multo
1337 2739 1528 2810 lucro
1570 2753 2023 2809 revertuntur.
2060 2739 2274 2809 ,Iussit
2311 2760 2472 2827 ergo
2512 2739 2933 2810 frumentum
2989 2743 3183 2831 agri-

645 2828 814 2897 colis
860 2827 1206 2905 distribui,
1259 2827 1413 2896 aliis
1463 2827 1643 2917 plue,
1701 2829 1856 2897 aliis
1907 2829 2163 2905 minus,
2275 2841 2425 2897 rout
2463 2850 2571 2897 res
2601 2850 2875 2918 poscere
2910 2829 3182 2899 videre-

647 2931 795 2986 tur:
837 2917 1042 3003 idque
1072 2915 1217 2985 sine
1255 2915 1398 2985 ulla
1432 2917 1896 3006 stipulatione,
1939 2918 2193 2986 bonum
2223 2851 2488 2985 liabens
2520 2917 3025 3006 fidejussorem,
3055 2921 3185 3006 qui

644 3004 880 3075 fallere
928 3027 1064 3074 non
1107 3005 1313 3083 novit,
1373 3009 1607 3086 Deum,
1638 3027 1844 3092 quem
1896 3027 2032 3074 non
2082 3005 2442 3075 dubitabat
2474 3027 2631 3074 cum
2669 3007 3011 3076 immenso
3038 3007 3186 3076 foe-

647 3115 813 3163 nore
855 3093 1014 3162 data
1061 3093 1563 3164 restituturum.
1618 3098 1696 3164 At
1729 3115 2067 3183 pauperes
2125 3093 2227 3161 illi
2281 3093 2619 3163 ruricolae
2669 3096 2968 3185 acceptis
3020 3117 3183 3186 por-

647 3183 951 3251 tionibus
999 3183 1168 3262 suis,
1216 3181 1588 3252 laudabant
1638 3183 2027 3263 Dominum,
2073 3182 2195 3269 qui
2228 3204 2349 3272 per
2369 3181 2640 3252 fidelem
2664 3204 2933 3252 servum
2964 3205 3181 3254 suum

647 3281 831 3340 tanta
878 3270 978 3338 eis
1032 3269 1365 3340 beneficia
1413 3271 1879 3359 praestitisset.
1936 3276 2278 3357 Quotquot
2314 3281 2544 3341 autem
2574 3294 2653 3341 ex
2700 3294 2780 3341 eo
2826 3271 3185 3343 frumento

647 3359 1098 3438 seminarunt,
1120 3381 1236 3429 eos
1262 3358 1465 3449 plane
1487 3359 1906 3429 confidimus
1930 3360 2225 3428 uberum
2254 3380 2375 3449 spe
2404 3357 2681 3450 frugum
2713 3360 2998 3429 minime
3029 3360 3182 3432 fru-

649 3460 916 3518 stratos
982 3446 1233 3516 Deinde
1282 3449 1557 3517 mittens
1595 3449 1797 3517 etiam
1857 3468 2144 3517 manum
2192 3446 2279 3516 ad
2343 3448 2743 3537 pecuniam:
2798 3447 2988 3517 mille
3049 3473 3180 3520 au-

647 3557 818 3636 reos,
858 3557 1030 3623 quos
1056 3536 1335 3616 invenit,
1368 3548 1432 3604 et
1464 3536 1619 3615 alia,
1664 3537 1771 3607 sui
1801 3535 2076 3605 Ordinis
2107 3549 2173 3605 et
2203 3534 2359 3605 aliis
2408 3535 2746 3626 religiosis
2779 3536 2948 3607 locis
2994 3538 3180 3608 elar-

696 3638 832 3694 1tus
880 3637 1002 3696 est.

648 3648 693 3713 g
733 3716 769 3799 ἓ
816 3716 952 3785 18.
1007 3717 1106 3781 Ita
1154 3713 1485 3782 nimirum
1546 3713 1770 3783 fidelis
1821 3735 2058 3782 servus
2104 3724 2169 3781 et
2226 3715 2533 3802 prudens
2582 3715 2768 3783 novit
2813 3713 3182 3784 consulere

647 3822 725 3868 ex
772 3800 1045 3871 foenore
1091 3800 1329 3871 domui
1366 3823 1551 3882 suae,
1587 3803 1944 3870 thesauros
1983 3823 2338 3888 nunquam
2374 3802 2758 3873 defecturos
2790 3803 3171 3891 acquirere,

647 3910 893 3979 nempe
941 3892 1353 3978 temporaria
1386 3892 1728 3980 sapienter
1774 3890 2255 3980 dispergendO,
2311 3891 2649 3982 spiritalia
2694 3913 2855 3960 vero
2884 3891 3174 3961 inteme-

645 3990 789 4046 rata
838 3979 1191 4057 servando,
1243 3979 1633 4048 animarum
1684 3979 1912 4069 potius
1958 4000 2169 4065 quam
2220 3992 2527 4050 terrenae
2576 3979 3005 4051 substantiae
3053 3981 3175 4051 do·

644 4080 796 4137 ctus
845 4066 1034 4135 lucra
1083 4069 1438 4156 aucupari.
1481 4072 1685 4137 Porro
1715 4069 1920 4136 etiam
1969 4068 2028 4136 si
2075 4090 2212 4155 qua
2271 4069 2414 4138 visa
2459 4079 2685 4139 essent
2731 4069 2800 4137 in
2840 4068 3174 4139 ecclesiae

644 4156 1064 4225 ornamentis
1111 4159 1482 4243 superflua,
1536 4179 1615 4225 ea
1644 4156 1802 4225 aliis
1852 4156 2039 4235 lociS,
2074 4178 2251 4243 quae
2300 4158 2383 4226 iis
2432 4157 2859 4247 indigerent,
2912 4159 3173 4247 imper-

647 4244 771 4313 tiit.
810 4243 997 4312 Idem
1032 4243 1187 4312 fecit
1234 4245 1318 4314 de
1366 4245 1551 4315 varia
1598 4245 1848 4315 domus
1895 4244 2341 4345 supellectile,
2387 4267 2527 4332 qua
2572 4246 2995 4316 abundabat.
3051 4252 3178 4317 Ac·

644 4332 846 4402 cessit
892 4354 1045 4402 vero
1076 4333 1281 4403 etiam
1321 4333 1404 4402 ad
1457 4334 1706 4423 sylvaS,
1759 4355 1932 4420 quas
1981 4334 2101 4402 1lla
2147 4333 2395 4404 domus
2443 4336 2711 4423 amplas
2740 4335 3072 4425 possidet,
3110 4349 3177 4405 et

646 4443 896 4511 magna
928 4422 1251 4493 arborum
1301 4435 1524 4512 strage
1570 4423 1782 4503 edita,
1841 4423 2058 4512 spatia
2109 4423 2322 4512 pratis
2369 4434 2759 4512 opportuna
2806 4423 3053 4507 effecit,
3108 4439 3177 4494 et
