3357 4995
224 329 449 395 JUNII
499 329 579 394 ⁴4
1139 347 1218 394 DE
1264 345 1322 392 s.
1375 345 1623 394 BAsmo
1671 345 1891 424 mcnq
2380 371 2383 376 -
2568 330 2696 395 329

316 435 351 520 ξ
395 437 549 515 19.
605 437 896 502 Sanctus
942 444 1173 501 autem
1225 431 1342 500 Dei
1387 453 1639 501 vocans
1681 430 1765 500 ad
1804 452 1876 500 se
1923 431 2116 500 illius
2148 433 2502 513 maritum,
2542 433 2785 504 scisci-

227 522 500 592 tabatur
532 545 702 592 num
737 544 809 591 se
856 543 965 590 res
1012 520 1105 590 ita
1155 520 1458 589 baberet.
1505 524 1581 589 At
1612 519 1730 589 ille
1758 542 1918 589 cum
1952 520 2323 610 lacrymis:
2361 522 2581 591 Etiam
2618 545 2780 592 san-

224 623 332 680 cte
381 610 521 692 Dei,
573 611 839 699 inquit:
894 609 1077 697 quod
1121 610 1181 678 si
1227 631 1353 700 ego
1402 609 1604 678 silere
1651 608 1881 689 velim,
1921 609 2099 679 facta
2133 632 2287 679 mea
2333 610 2777 682 clamabunt:

224 699 587 790 coepitque
633 701 836 770 etiam
889 699 1035 789 ipse
1083 721 1123 767 a
1173 698 1516 789 principio
1563 697 1649 766 ad
1698 697 1906 766 finem
1958 719 2180 786 usque
2222 721 2467 789 pravas
2521 699 2783 770 diaboli

227 788 781 860 machinationes
829 809 1187 877 exponere.
1243 788 1344 877 Ajt
1392 799 1620 857 autem
1669 786 1753 855 ad
1798 787 1996 857 illum
2034 801 2316 858 sanctus
2349 788 2773 889 Episcopus:
2856 875 2861 880 q

223 878 432 947 Visne
481 880 722 948 reverti
759 877 843 948 ad
897 877 1265 946 Dominum
1320 881 1532 945 Deum
1583 880 1946 946 nostrum?
1996 880 2073 944 Et
2102 876 2253 945 ille:
2311 882 2553 964 Utique
2600 878 2777 958 volo,

224 968 476 1053 inquit,
505 968 812 1044 Domine,
845 966 964 1035 sed
993 987 1131 1035 non
1161 964 1375 1034 valeo,
1411 969 1543 1034 Cur
1567 965 1683 1044 ita,
1732 965 1828 1034 ait
1857 965 2199 1034 Basilius?
2231 966 2518 1056 Scripta,
2557 967 2782 1054 inquit

226 1055 367 1136 ille,
427 1057 762 1146 abnegavi
813 1054 1183 1135 Christum,
1244 1067 1309 1123 et
1357 1053 1710 1144 professus
1758 1076 1914 1123 sum
1974 1054 2273 1124 diabolo.
2330 1060 2407 1124 At
2453 1055 2772 1137 BasiliuS‚

227 1150 371 1215 Non
424 1147 531 1226 sit,
608 1144 901 1242 ait3tibi
952 1165 1182 1212 curae.
1221 1143 1588 1233 Benignus
1635 1155 1737 1211 est
1795 1147 1972 1212 Deus
2021 1155 2275 1224 noster,
2335 1157 2401 1213 et
2448 1145 2781 1235 suscipiet

228 1246 290 1302 te
352 1235 838 1324 poenitentem.
893 1231 1216 1301 Condolet
1263 1232 1447 1302 enim
1505 1231 1621 1299 ille
1674 1231 2162 1318 iniquitatibus
2195 1233 2471 1302 nostris.
2519 1235 2779 1322 Conjux

227 1336 456 1392 autem
506 1324 658 1412 ejus
695 1323 1090 1412 jactans-se
1151 1320 1238 1389 ad
1298 1319 1505 1409 pedes
1569 1321 1789 1390 sancti
1839 1320 2007 1402 viri,
2063 1322 2490 1411 Evangelicis
2555 1324 2781 1394 verbis

225 1433 386 1482 eum
428 1413 789 1500 deprecata
824 1421 926 1479 est
958 1409 1234 1478 dicens:
1277 1415 1577 1479 Sectator
1625 1409 1876 1479 Christi
1923 1411 2040 1480 Dei
2091 1411 2331 1492 nostri,
2369 1410 2425 1479 si
2461 1411 2628 1496 quid
2658 1434 2777 1500 po-

225 1511 367 1581 tes,
402 1501 653 1590 adjuva
703 1522 852 1569 nos·
925 1499 1096 1568 Dicit
1161 1500 1265 1566 vir
1331 1510 1612 1568 sanctus
1667 1497 1956 1585 adssejus
2013 1499 2376 1568 maritum:
2432 1499 2666 1568 Credis
2718 1513 2777 1570 te

227 1611 429 1679 posse
464 1588 973 1668 salvumflcri'?
1018 1591 1095 1656 At
1144 1587 1281 1667 ille,
1340 1589 1567 1668 CredO,
1599 1587 1715 1665 ait,
1758 1590 2075 1656 Domine.-
2124 1589 2381 1677 cicljuva
2415 1590 2780 1658 mcv-eduli-

227 1690 432 1748 tatem
477 1701 720 1747 meam.
774 1682 852 1746 Et
898 1678 1227 1766 continuo
1274 1671 1709 1766 apprehensa
1744 1698 1956 1744 manu
2008 1676 2221 1757 illius,
2259 1676 2647 1764 Christique
2682 1679 2775 1747 si-

225 1789 443 1857 gnum
478 1767 581 1836 illi
616 1767 1053 1856 imprimens,
1085 1779 1151 1833 et
1181 1787 1410 1844 orans,
1457 1764 1523 1832 in
1555 1764 1857 1852 quodam
1903 1764 2052 1835 loco
2088 1766 2435 1847 interioris
2486 1765 2777 1854 periboli

225 1857 367 1925 sive
417 1855 724 1925 ambitus
770 1877 932 1925 eum
967 1853 1271 1930 inclusit,
1328 1854 1909 1944 praescripsitque
1935 1853 1996 1923 ei
2026 1853 2192 1940 quid
2228 1868 2483 1945 ageret,
2517 1867 2775 1925 etcum

224 1966 304 2014 eo
351 1946 611 2034 pariter
641 1944 862 2014 -etiam
907 1944 1054 2033 ipse
1102 1943 1403 2012 laborem
1454 1943 1761 2032 suscepit
1810 1963 1931 2032 per
1980 1956 2116 2011 tres
2164 1943 2336 2013 dies.
2369 1942 2638 2025 Quibus
2667 1966 2779 2012 ex·

225 2034 422 2115 actis,
477 2033 712 2102 invisit
757 2055 942 2113 eum,
998 2032 1226 2117 aitque
1262 2031 1397 2099 illi:
1457 2037 1537 2100 Ut
1585 2032 1798 2102 habe's
1849 2031 1994 2099 fili?
2041 2036 2117 2100 At
2163 2031 2324 2101 ille:
2380 2032 2613 2112 Multa,
2670 2033 2779 2106 in,-

226 2122 402 2209 quit,
462 2143 571 2191 me
622 2121 905 2189 Domine
947 2132 1126 2189 tenet
1158 2119 1442 2189 desectio
1491 2135 1556 2188 et
1603 2120 1951 2210 angustia,
1986 2142 2111 2190 nec
2144 2119 2319 2190 ferre
2356 2143 2637 2210 possum
2668 2143 2779 2191 eo-

227 2233 384 2280 rum
436 2210 797 2291 clamoreS,
853 2222 1141 2278 terrores
1172 2222 1236 2278 et
1267 2209 1446 2277 ictus
1477 2209 1815 2298 lapidum.
1848 2214 2179 2279 Tenentes
2207 2210 2393 2278 enim
2449 2210 2775 2279 manibus

227 2299 766 2389 chirographum
803 2320 1057 2366 meum.
1089 2298 1414 2366 incusant
1456 2301 1562 2366 m‘e
1600 2298 1710 2367 his
1741 2299 2004 2368 verbis:
2048 2303 2146 2367 Tu
2195 2299 2438 2366 venisti
2485 2298 2571 2367 ad
2621 2321 2769 2376 nos,

230 2409 371 2457 non
422 2410 543 2458 nos
591 2386 675 2456 ad
727 2398 812 2455 te.
843 2392 921 2455 Et
953 2386 1248 2456 Basilius
1296 2385 1377 2455 ad
1415 2386 1656 2455 illum:
1698 2392 1787 2456 Ne
1820 2387 2085 2465 timeas,
2139 2387 2389 2473 inquit,
2444 2387 2586 2455 sili:
2629 2399 2776 2456 tan-

230 2489 376 2547 tum
433 2476 652 2547 crede:
697 2474 1167 2567 praebensque
1202 2474 1303 2544 illi
1336 2475 1718 2565 pauxillum
1762 2496 1981 2555 escae,
2017 2475 2579 2567 consignansque
2610 2499 2771 2545 eum

226 2565 475 2636 Christi
521 2567 743 2654 signo,
797 2577 861 2634 et
895 2586 1137 2644 orans,
1192 2564 1474 2665 inclusit
1522 2587 1720 2633 eum:
1784 2586 2167 2651 rursusque
2216 2579 2369 2653 post
2412 2565 2559 2634 dies
2601 2589 2773 2656 pau-

224 2677 344 2726 cos
382 2654 678 2724 visitavit
706 2675 890 2734 eum,
944 2666 1009 2721 et
1055 2655 1182 2723 ait:
1237 2653 1593 2735 Quomodo
1627 2653 1841 2722 habes
1890 2652 2039 2721 fili?
2075 2657 2152 2722 At
2196 2654 2333 2734 ille,
2372 2659 2569 2723 Pater
2617 2676 2774 2725 san-

225 2757 354 2825 cte,
399 2742 648 2831 inquit,
704 2741 940 2833 procul
994 2743 1202 2811 audio
1249 2741 1586 2812 clamores
1617 2763 1854 2811 eorum
1892 2754 1958 2812 et
1989 2743 2237 2824 minas,
2275 2743 2393 2813 sed
2445 2742 2603 2812 illos
2634 2765 2771 2812 non

224 2832 445 2902 video.
502 2837 897 2917 Iterumque
944 2830 1120 2900 dans
1179 2832 1242 2899 ei
1289 2832 1550 2911 cibum,
1605 2830 1761 2905 susa
1821 2852 2019 2920 prece
2080 2831 2416 2902 claudens
2475 2832 2768 2911 ostium,

226 2920 584 2991 abscessit.
638 2921 808 2990 Inde
853 2920 965 2988 die
1002 2920 1535 3010 quadragesimo
1566 2942 1904 2999 reversus,
1936 2919 2141 2989 dicit:
2180 2926 2508 2997 Uttecum
2546 2920 2776 3011 agitur

223 3008 482 3079 frater?
529 3014 606 3078 Et
657 3009 813 3079 illc:
855 3013 1052 3089 Bene,
1089 3009 1337 3095 inquit,
1394 3008 1614 3078 habeo
1664 3021 1897 3078 sancte
1947 3008 2082 3077 Dei.
2124 3009 2276 3078 Vidi
2326 3011 2511 3078 enim
2556 3022 2617 3079 te
2650 3009 2775 3077 ho-

225 3098 339 3167 die
387 3099 457 3167 in
495 3099 646 3168 visu
679 3109 1103 3187 pugnantem
1141 3119 1261 3187 pro
1304 3120 1433 3177 ine,
1466 3110 1531 3166 et
1571 3097 1957 3167 vincentem
2008 3097 2389 3167 diabolum.
2433 3104 2579 3167 Mox
2611 3120 2773 3187 ergo

222 3188 331 3256 vir
378 3200 660 3257 sanctus
709 3208 896 3255 more
945 3185 1143 3255 solito
1180 3208 1411 3277 preces
1462 3186 1783 3266 fundenS,
1839 3187 2074 3256 eduxit
2111 3209 2295 3267 eurn,
2350 3186 2774 3273 adduxitque

222 3276 296 3343 in
338 3275 740 3345 cubiculum
775 3296 1010 3344 suum.

314 3367 351 3451 ξ
402 3369 571 3436 ²0.
627 3370 819 3432 Mane
866 3362 1067 3443 facto,
1121 3377 1447 3432 convocat
1487 3385 1761 3432 sacrum
1814 3364 2076 3433 clerum
2112 3376 2177 3433 et
2225 3366 2644 3434 monasticae
2676 3363 2773 3430 vi-

223 3465 332 3522 tae
380 3452 699 3531 cultoreS,
760 3473 1176 3538 omnemque
1224 3453 1488 3523 Christo
1535 3452 1905 3521 amabilem
1957 3452 2337 3542 populum,
2408 3453 2637 3541 aitque
2686 3451 2769 3520 ad

225 3540 419 3611 illos:
453 3541 674 3610 Filioli
706 3542 839 3610 mei
880 3538 1337 3621 dilectissimi,
1375 3563 1617 3610 omnes
1651 3541 1908 3630 gratias
1943 3542 2166 3629 agatis
2201 3547 2367 3611 Deo:
2402 3563 2559 3611 ecce
2587 3540 2770 3610 enim

223 3651 416 3701 ovem
455 3630 791 3720 perditam
842 3629 1043 3699 debet
1093 3641 1324 3718 pastor
1369 3631 1595 3700 bonus
1631 3643 1978 3720 reportare
2024 3630 2095 3698 in
2150 3630 2483 3710 humeriS,
2520 3642 2585 3700 et
2624 3629 2775 3698 red-

223 3719 388 3789 dere
435 3733 711 3790 sanctae
759 3717 1122 3788 Ecclesiae.
1177 3722 1374 3787 Decet
1421 3719 1633 3809 igitur
1678 3719 1884 3787 etiam
1936 3740 2063 3789 nos
2111 3717 2239 3788 hac
2290 3732 2485 3789 nocte
2533 3718 2773 3808 vigiles

225 3827 655 3899 permanere,
712 3821 777 3878 et
826 3830 1104 3899 poscere
1151 3807 1303 3897 ejus
1351 3807 1814 3887 clementiam,
1885 3828 1971 3876 ne
2018 3808 2223 3876 etiam
2284 3807 2352 3876 in
2404 3809 2531 3877 hoc
2571 3828 2775 3897 opere

221 3897 439 3967 victor
484 3897 725 3966 evadat
756 3896 870 3965 illc
909 3897 1305 3966 animarum
1339 3896 1665 3986 perditor.
1709 3901 1945 3981 [taque
1980 3895 2237 3985 populo
2266 3897 2583 3965 alacriter
2607 3917 2775 3965 con-

227 3996 536 4076 gregatO,
569 4008 688 4075 per
716 3999 923 4056 totam
953 3999 1220 4056 noctem
1255 4007 1413 4054 cum
1450 3997 1721 4075 pastore
1756 3987 1935 4056 bono
1964 3990 2173 4055 Deum
2208 3984 2551 4076 deprecati
2583 3997 2768 4065 sunt,

221 4096 384 4144 cum
435 4075 762 4163 lacrymis
810 4074 1189 4144 clamantes
1239 4095 1363 4163 pro
1409 4095 1510 4157 eo,
1567 4073 1771 4163 Kyrie
1839 4073 2133 4143 eleison:
2186 4087 2251 4143 et
2290 4086 2559 4143 mature
2611 4095 2769 4142 cum

220 4163 415 4233 omni
464 4162 705 4254 populi
751 4162 1138 4250 frequentia
1184 4162 1449 4252 accepit
1495 4183 1652 4231 eum
1692 4161 1807 4231 'vir
1854 4175 2160 4243 sanctus,
2201 4175 2578 4249 tenensque
2623 4162 2775 4250 ejus

223 4274 516 4322 manum
565 4252 937 4332 dexteram,
976 4251 1271 4322 ducebat
1318 4251 1389 4319 in
1426 4263 1733 4321 sanctam
1786 4250 2149 4321 ecclesiam
2193 4274 2350 4321 cum
2386 4250 2677 4342 psalmis
2711 4260 2776 4317 et

223 4341 534 4430 hymnis.
587 4346 666 4410 Et
711 4363 867 4411 ecce
896 4340 1217 4411 diabolus
1243 4340 1607 4410 hominum
1676 4340 2132 4429 perturbator,
2184 4341 2369 4410 omni
2408 4363 2535 4410 sua
2564 4339 2776 4429 stipa-

223 4442 339 4501 tus
389 4429 711 4520 pestifera
748 4430 996 4500 virtute
1028 4429 1349 4512 accurrit,
1385 4441 1450 4500 et
1478 4428 1919 4499 invisibiliter
1966 4429 2497 4520 apprehendens
2540 4428 2767 4507 illum,
