3357 4995
273 354 496 422 JUNII
546 354 627 419 ⁴7
880 371 958 419 nx
1006 371 1100 419 ss.
1152 371 1269 420 un.
1321 370 1598 429 inmun,
1652 370 1848 418 SABEL
1893 371 1969 418 m·
2018 371 2246 420 1s1mu.
2606 357 2724 422 441

276 477 614 529 ascensus
659 455 910 526 mentis
958 454 1342 525 divinioris,
1381 460 1566 538 Quae
1615 467 1778 525 sunt
1831 476 1989 525 vero
2037 451 2224 547 apud
2264 479 2383 527 vos
2429 459 2774 530 orationes
2804 465 2848 543 ,’

279 545 696 636 linguaeque
735 543 948 614 nimis
995 544 1397 614 redundans
1465 555 1530 613 et
1577 543 1809 614 inanis
1855 545 2094 634 copia,
2153 567 2289 614 non
2366 546 2592 617 solum
2659 560 2832 630 sunt

277 633 524 726 plenae
571 632 775 724 nugis
806 645 871 703 et
917 632 1114 702 vanis
1161 632 1274 701 ine
1328 632 1461 713 tiis,
1502 632 1618 702 sed
1667 633 1874 702 etiam
1909 634 2113 704 vestri
2143 634 2335 705 vobis
2366 657 2613 705 vanam
2656 659 2826 707 con-

278 723 519 796 ciliant
543 722 1087 813 persuasionem,
1132 734 1197 792 et
1236 744 1276 791 a
1352 721 1566 803 omni,
1607 721 1793 808 quod
1830 721 2087 792 bonum
2116 735 2240 805 est,
2333 724 2820 814 rolapsionem,

276 824 344 882 et
388 834 430 882 a
476 817 632 895 Deo,
685 810 873 900 quod
920 823 1021 881 est
1074 811 1451 900 pessimum
1485 865 1501 890 ,
1554 810 2065 881 alienationem.
2119 816 2265 894 Quo
2361 814 2642 901 quidem
2699 813 2824 883 tibi

275 923 549 989 quoque
579 899 832 971 accidit
861 900 982 988 qui
1030 921 1234 969 aures
1270 897 1667 989 patefecisti,
1702 912 1768 969 et
1813 900 2156 971 universis
2204 901 2305 972 eis
2342 924 2415 973 es
2462 902 2817 984 delinituS,

278 1003 358 1061 ut
402 990 695 1060 mutaris
727 988 931 1059 etiam
982 988 1541 1079 appellationem,
1596 1009 1846 1078 nempe
1879 989 1996 1076 qui
2032 1011 2156 1080 pro
2189 990 2571 1061 Christiano
2621 996 2825 1062 Grae-

279 1101 427 1161 cus,
471 1091 537 1149 et
570 1078 830 1169 propio
857 1077 1233 1169 impiuS,et
1282 1082 1411 1147 Deo
1447 1076 1651 1167 plane
1683 1097 1927 1148 carens
1975 1098 2125 1148 esse
2166 1090 2231 1148 et
2277 1079 2417 1149 dici
2455 1078 2823 1150 volueris.»

367 1176 407 1249 ἓ
455 1173 605 1241 1⁷1.
659 1172 838 1244 Haec
886 1188 1047 1237 cum
1097 1166 1431 1238 audiisset
1478 1187 1711 1237 crassa
1759 1178 1824 1236 et
1872 1179 2140 1236 terrena
2187 1168 2444 1249 anima,
2492 1181 2557 1237 et
2611 1168 2830 1239 idolo-

278 1278 435 1327 rum
490 1278 641 1326 vere
689 1256 893 1346 plena
924 1254 1243 1346 caligine,
1301 1255 1394 1323 im
1452 1254 1629 1325 letur
1677 1255 1779 1324 ira
1829 1276 2006 1343 quae
2055 1278 2192 1325 non
2225 1270 2443 1345 potest
2476 1257 2824 1328 cohiberi:

264 1345 604 1437 jubetque
652 1345 877 1417 statim
932 1344 1127 1414 humi
1176 1357 1368 1413 exten
1428 1343 1447 1412 i
1499 1356 1858 1432 martyres,
1911 1357 1978 1414 et
2024 1345 2261 1415 crudis
2305 1345 2471 1415 loris
2516 1359 2582 1414 et
2622 1346 2830 1415 indu-

274 1435 448 1505 ratis
481 1455 603 1525 per
657 1446 956 1521 quatuor
1003 1432 1317 1503 homines
1370 1433 1463 1502 ita
1513 1431 1748 1513 caedi,
1793 1446 1870 1503 ut
1909 1444 2127 1503 totum
2178 1454 2433 1525 corpus
2488 1435 2831 1526 sanguine

272 1524 744 1594 circumfluat.
798 1521 1054 1591 Deinde
1100 1543 1259 1591 cum
1294 1543 1540 1611 parum
1568 1521 2075 1600 intermisisset,
2121 1543 2357 1592 eorum
2413 1523 2736 1593 manibus
2768 1535 2834 1593 et

270 1611 576 1704 pedibus
625 1611 849 1681 clavis
901 1609 1293 1701 perforatiS,
1356 1610 1594 1696 eisque
1643 1609 1836 1701 ligno
1883 1610 1969 1680 ad
2033 1611 2468 1701 puniendum
2522 1612 2833 1683 instituto

271 1700 621 1801 alligatiS,
676 1700 1011 1770 sublimes
1067 1697 1477 1787 suspendit,
1524 1698 1784 1787 jubens
1832 1721 2071 1769 eorum
2122 1722 2365 1770 carnes
2415 1699 2652 1770 ferreis
2700 1723 2834 1770 un-

376 1790 462 1859 lis
512 1789 784 1858 laniari.
821 1794 1006 1871 Quae
1054 1809 1213 1858 cum
1246 1788 1680 1857 vehementer
1728 1787 2217 1870 lacerarentur,
2262 1800 2328 1859 et
2361 1788 2576 1859 multa
2614 1811 2833 1859 mem-

268 1813 402 1950 ffrla
428 1877 568 1948 illis
606 1877 895 1968 ungulis
918 1876 1398 1957 avellerentur,
1451 1889 1516 1947 et
1601 1877 1877 1945 ravibus
1908 1876 2266 1947 doloribus
2292 1878 2485 1947 omni
2533 1900 2611 1947 ex
2643 1889 2832 1978 parte

269 1979 693 2059 peterentur,
757 1988 838 2035 ne
886 1965 983 2035 sic
1032 1963 1314 2053 quidem
1362 1965 1556 2035 flecte
1607 1977 1765 2034 atur
1820 1966 2032 2036 robur
2085 1987 2321 2036 eorum
2375 1966 2635 2047 animi,
2709 1978 2827 2036 aut

270 2054 605 2126 evadebat
652 2053 972 2124 mollius:
1009 2053 1127 2123 sed
1176 2052 1262 2123 ad
1297 2053 1523 2124 solum
1577 2058 1789 2124 Deum
1825 2053 1980 2125 fixis
2013 2054 2425 2144 aspicientes
2474 2054 2720 2137 oculis,
2767 2065 2833 2125 et

272 2145 520 2235 lingua
551 2155 616 2213 et
665 2155 890 2213 mente
919 2141 1048 2212 hoc
1098 2141 1600 2230 loquebantur:
1648 2166 1686 2209 «
1716 2146 1767 2213 Ο
1818 2142 2136 2224 Domine,
2189 2142 2310 2231 qui
2359 2143 2507 2233 ipse
2554 2165 2831 2233 quoque

273 2233 367 2303 ab
416 2231 653 2323 impiis
699 2230 890 2302 fuisti
925 2231 1001 2299 in
1038 2230 1227 2332 ligno
1275 2253 1699 2333 suspensuS,
1754 2232 1875 2319 qui
1926 2231 2012 2302 de
2067 2243 2344 2323 peccato
2398 2254 2533 2302 non
2589 2232 2832 2302 trium-

276 2321 589 2423 phasses‚
642 2331 708 2389 et
754 2320 821 2390 id
859 2319 1305 2400 traduxisses,
1349 2321 1484 2391 msi
1519 2342 1640 2411 per
1688 2324 1970 2390 Crucem
2008 2333 2292 2390 mortem
2346 2320 2824 2403 sustinuisseS‚

271 2430 347 2479 1n
386 2408 575 2500 ligno
608 2431 734 2480 nos
764 2430 1040 2499 quoque
1089 2408 1498 2502 pendemuS,
1531 2408 1652 2497 qui
1688 2419 1749 2478 te
1796 2407 2190 2492 dileximus,
2237 2421 2314 2479 ut
2350 2409 2638 2479 omnino
2677 2430 2828 2479 era-

268 2499 481 2570 datur
536 2497 737 2569 nobis
784 2499 1016 2570 carnis
1071 2499 1458 2570 crassitudo
1492 2554 1507 2581 ,
1561 2510 1627 2568 et
1682 2499 1824 2568 ictu
1870 2496 2032 2569 ferri
2099 2510 2432 2569 curentur
2481 2497 2830 2570 sauciatae

268 2589 574 2658 animae.
628 2587 754 2658 Sed
865 2588 1146 2659 uoniam
1198 2602 1485 2658 naturae
1534 2587 1712 2657 nosti
1784 2586 2369 2666 imbecillitatem,
2429 2587 2516 2657 da
2564 2609 2644 2657 ex
2692 2588 2830 2658 alto

267 2675 642 2759 auxilium,
685 2688 752 2746 et
782 2699 820 2745 a
854 2676 1002 2746 leva
1050 2676 1383 2758 laborem,
1434 2688 1501 2746 et
1529 2675 1694 2745 seda
1727 2673 1983 2747 doloris
2022 2676 2486 2747 acerbitatem.
2519 2681 2607 2746 Te
2639 2676 2828 2745 enim

266 2766 425 2836 freti
462 2820 478 2847 ,
523 2766 678 2836 ausi
726 2787 972 2837 sumus
1034 2764 1271 2835 subire
1318 2764 1486 2834 haec
1543 2764 1779 2854 gravia
1825 2775 1892 2833 et
1937 2763 2280 2834 laboriosa
2315 2820 2330 2847 ,
2390 2786 2567 2853 quae
2614 2787 2828 2852 quam

266 2855 413 2927 sint
461 2855 732 2934 acerba,
788 2852 981 2925 vides
1031 2854 1337 2934 Domine,
1373 2867 1440 2923 et
1523 2874 1687 2922 uam
1737 2873 1862 2922 nos
1908 2852 2104 2924 valde
2148 2854 2481 2924 crucient.
2522 2876 2557 2919 »
2609 2853 2736 2924 Sed
2788 2877 2828 2924 o

262 2944 429 3014 Jesu
481 2940 913 3025 dulcissime,
947 2942 1070 3043 qui
1102 2965 1176 3014 es
1208 2942 1398 3012 velox
1425 2965 1464 3012 a
1560 2940 2100 3025 defendendum,
2140 2964 2276 3012 non
2304 2965 2456 3013 eras
2483 2942 2830 3013 dilaturus

264 3031 368 3103 vel
411 3030 583 3102 dare
630 3030 846 3103 servis
894 3044 1032 3101 tuis
1064 3031 1485 3123 petitionem,
1548 3030 1645 3100 vel
1709 3030 1915 3101 etiam
1965 3030 2129 3101 dare
2177 3032 2277 3101 eis
2311 3030 2510 3121 plura
2545 3086 2560 3113 ,
2617 3052 2829 3119 quam

261 3121 635 3213 petierant.
711 3124 877 3189 Cum
925 3119 1113 3190 enim
1163 3141 1401 3211 preces
1450 3118 1681 3190 adhuc
1738 3119 1981 3210 lingua
2041 3133 2433 3202 versarent,
2504 3120 2832 3210 apparuit

259 3223 428 3282 tuus
468 3208 754 3280 divinus
785 3207 1108 3299 AngeluS‚
1145 3221 1212 3279 ct
1258 3207 1504 3279 levavit
1534 3208 1635 3278 eis
1684 3207 1979 3290 dolores,
2030 3221 2096 3278 et
2125 3208 2370 3290 effecit,
2424 3220 2504 3278 ut
2539 3230 2832 3299 corpora

263 3299 527 3371 melius
574 3320 647 3368 se
694 3297 1061 3368 haberent:
1107 3319 1230 3368 nec
1271 3296 1338 3367 id
1390 3295 1643 3379 solum,
1700 3297 1821 3368 sed
1859 3297 2066 3368 etiam
2117 3297 2203 3367 ad
2253 3297 2520 3386 reliqua
2573 3298 2828 3368 confir-

265 3390 482 3460 mavit
520 3387 924 3468 certamina,
963 3407 1290 3478 magnam
1322 3386 1498 3457 dans
1535 3387 1635 3457 eis
1683 3387 2005 3477 gratiam,
2042 3397 2107 3456 et
2140 3408 2263 3477 spe
2310 3386 2686 3477 majorem:

255 3532 267 3557 -,
355 3481 395 3566 ξ,
442 3480 597 3550 18.
650 3481 917 3546 Interea
945 3488 1173 3545 autem
1203 3475 1373 3546 dum
1414 3475 1584 3545 haec
1625 3474 1891 3558 fierent,
1935 3481 2299 3564 Tyrannus
2326 3497 2600 3564 quoque
2616 3475 2832 3566 jussit

264 3586 383 3636 eos
414 3564 714 3636 relaxari
761 3586 804 3634 a
832 3562 1224 3656 suppliciis.
1263 3569 1448 3647 Quos
1478 3563 1853 3635 ludificans
1898 3577 1965 3634 et
2013 3563 2222 3633 veluti
2270 3563 2593 3636 irridens:
2629 3564 2831 3634 Vide-

268 3654 380 3737 tis,
433 3654 688 3741 inquit,
730 3652 1077 3742 quomodo
1105 3652 1335 3724 adhuc
1381 3652 1576 3724 vobis
1611 3675 1845 3743 parc0,
1898 3674 1937 3722 a
1969 3651 2406 3744 gravioribus
2436 3653 2824 3735 abstinens,

266 3742 453 3828 quod
510 3762 783 3833 sperem
831 3740 997 3823 fore,
1041 3754 1120 3813 ut
1158 3742 1571 3813 mutemini?
1617 3742 1814 3825 Quod
1861 3763 2064 3843 aegre
2108 3740 2404 3812 ferentes
2462 3742 2712 3825 sancti,
2765 3754 2832 3812 et

272 3830 523 3919 maj0ri
557 3830 799 3922 repleti
839 3830 1138 3902 fiducia:
1192 3853 1229 3897 «
1253 3830 1402 3902 Noli
1445 3843 1712 3921 putare,
1737 3855 1779 3901 o
1809 3830 1925 3901 Dei
1955 3829 2259 3909 inimice,
2295 3828 2838 3932 responderunt,

274 3914 439 4001 fore,
483 3933 564 3992 ut
593 3941 720 3991 nos
765 3919 965 3991 aliter
1011 3920 1234 3993 simus
1282 3919 1530 4001 affecti,
1581 3942 1792 4008 quam
1841 3920 1990 4010 jam
2041 3918 2320 3990 affectos
2375 3918 2652 3991 videris.
2698 3924 2829 3990 Fac

279 4001 651 4093 decaeter0,
689 4007 749 4079 si
778 4008 947 4097 quid
996 4008 1187 4079 aliud
1238 4008 1563 4079 volueris:
1617 4030 1746 4080 nos
1793 4021 2020 4079 autem
2057 4008 2281 4099 parati
2329 4031 2578 4081 sumus
2596 4009 2834 4079 omnia

281 4100 565 4189 perpeti,
602 4099 747 4170 sive
785 4112 1253 4187 torqueamur,
1290 4096 1433 4168 sive
1480 4097 1721 4188 flagris
1766 4097 2163 4180 caedamur,
2215 4109 2421 4187 atque
2468 4097 2638 4168 adeo
2680 4098 2833 4188 ipso

282 4187 1003 4283 igaepomhuramun
1056 4186 1476 4277 voluptatem
1520 4187 1774 4278 potius,
1843 4207 2053 4275 quam
2110 4207 2443 4278 poenam,
2488 4197 2829 4257 tormenta

278 4281 818 4367 euxlstlmantes.»
867 4279 984 4347 Est
1027 4276 1215 4346 enim
1248 4296 1484 4345 revera
1521 4274 1920 4365 Jucundum
1964 4288 2252 4377 propter
2293 4275 2637 4367 Christum
2688 4273 2832 4364 pati

279 4375 367 4426 us
410 4360 530 4445 q'ui
575 4376 745 4436 sunt
778 4376 961 4437 recto
1007 4387 1220 4436 sensu
1266 4362 1585 4456 praediti.
1632 4363 1761 4447 Sed
1797 4363 1912 4433 ille
1958 4364 2324 4455 insipienS,
2366 4385 2451 4433 ne
2499 4374 2652 4454 post
2676 4374 2829 4432 tan-

275 4453 412 4514 tam
448 4448 735 4534 quidem
786 4454 1300 4545 praeclarorum
1349 4453 1660 4525 virorum
1709 4452 2202 4544 experientiam
2232 4451 2651 4542 intelligens,
2704 4451 2825 4521 sed
