3357 4995
289 341 511 406 JUNII
562 340 643 404 ⁴6
1122 360 1201 406 na
1250 360 1304 406 s.
1361 356 1690 407 numanus
1747 359 2002 407 vincum
2616 346 2747 411 423

292 466 611 533 surgenS,
679 453 742 512 et
808 441 985 512 duos
1043 442 1297 532 digitos
1352 465 1516 514 suos
1565 444 1783 515 saliva
1831 445 2176 526 imbuens,
2232 446 2522 518 auribus
2584 448 2835 520 surdae

292 533 631 602 admovet.
696 532 861 601 Mira
910 553 1043 600 res.
1090 533 1457 602 Confestim
1509 533 1627 602 illa
1666 555 1825 603 cum
1879 532 2148 623 fragore
2195 533 2497 619 quodam
2558 539 2838 606 aurium

292 621 829 691 obstructionem
905 622 1260 711 perrumpi
1310 622 1548 703 audit,
1601 633 1668 692 et
1731 645 1810 692 ex
1867 635 2055 692 tanto
2113 623 2448 693 miraculo
2515 626 2835 695 virtutem

303 710 659 800 Lutgardis
706 708 1063 798 colligens,
1114 711 1480 780 Dominum
1524 712 1900 802 magnifice
1949 711 2314 781 benedicit.

382 805 419 885 ξ
467 803 615 871 28.
671 798 948 880 Quoties
985 812 1180 887 rapta
1213 799 1282 867 in
1325 801 1575 889 spiritu
1624 800 2010 890 Lutgardis,
2058 801 2451 870 Dominicae
2491 805 2835 874 Passionis

301 887 809 968 recordabatur,
872 886 1231 958 videbatur
1270 889 1404 959 sibi
1453 911 1525 957 re
1565 890 1718 979 ipsa
1767 902 1901 958 toto
1958 910 2241 977 corpore
2289 892 2630 990 sanguine
2682 915 2836 983 pcr-

300 978 473 1048 susa.
516 977 587 1045 Id
639 976 760 1045 ubi
808 976 1093 1064 quidam
1128 976 1491 1066 religiosus
1531 979 1737 1067 presb
1791 992 1888 1047 ter
1921 979 2250 1047 secretius
2280 979 2566 1060 audivit,
2599 982 2838 1052 obser-

297 1088 465 1135 vans
528 1079 801 1154 tempus
875 1079 1393 1155 opportunum,
1454 1087 1592 1153 quo
1639 1066 1737 1136 du
1789 1068 1933 1136 ium
1992 1088 2130 1135 non
2184 1081 2329 1136 erat
2386 1090 2536 1138 eam
2587 1071 2836 1140 Christi

296 1155 691 1246 passionem
741 1168 1460 1235 commemoraturam,
1514 1156 1802 1226 accessit
1849 1156 1932 1224 ad
1999 1154 2188 1224 illam
2249 1158 2380 1226 sub
2438 1157 2833 1229 divinarum

297 1265 529 1312 rerum
606 1242 1183 1332 contemplatione
1230 1243 1313 1311 ad
1367 1245 1696 1333 parietem
1771 1244 2318 1314 incumbentem:
2384 1246 2688 1334 viditque
2734 1248 2836 1317 fa-

298 1334 471 1402 ciem
521 1333 672 1422 ejus
719 1344 785 1401 et
832 1353 1082 1401 manus
1111 1354 1287 1418 quae
1335 1332 1518 1402 solae
1564 1333 1780 1402 videri
1828 1346 2162 1423 poterant,
2221 1346 2547 1420 tanquam
2582 1338 2835 1406 recenti

301 1422 639 1510 sanguine
690 1421 935 1489 tinctas
991 1421 1261 1490 rubere.
1317 1427 1520 1491 Porro
1569 1434 1644 1490 ut
1696 1423 1901 1491 etiam
1963 1423 2325 1492 cincinnos
2372 1426 2567 1509 quasi
2621 1427 2834 1515 guttis

302 1511 605 1580 noctium
670 1509 936 1579 infusos
984 1511 1323 1599 sanguine
1385 1510 1575 1588 vidit,
1631 1511 1810 1580 clam
1877 1512 2109 1580 forfice
2157 1511 2419 1598 aliquid
2473 1513 2828 1602 praecidit,

296 1611 360 1668 et
398 1599 482 1667 ad
526 1599 750 1668 lucem
802 1597 1179 1678 adducenS,
1219 1621 1431 1688 supra
1465 1599 1748 1668 modum
1791 1602 2120 1669 attonitus
2166 1601 2664 1672 admirabatur.
2719 1608 2836 1671 In-

299 1689 493 1757 terim
540 1686 877 1777 Lutgarde
926 1687 1012 1756 ab
1043 1687 1160 1755 illo
1204 1688 1453 1757 mentis
1484 1710 1770 1758 excessu
1813 1688 1904 1756 ad
1955 1712 2028 1758 se
2081 1701 2477 1769 revertente,
2527 1692 2835 1760 cincinni

299 1799 573 1863 quoque
624 1777 693 1844 in
736 1798 951 1844 manu
983 1777 1323 1866 stupentis
1362 1777 1743 1866 presbyteri
1791 1776 1878 1845 ad
1930 1777 2310 1846 naturalem
2344 1778 2641 1848 colorem
2676 1781 2835 1850 ilico

298 1866 745 1934 reducuntur.
802 1870 890 1933 Ea
941 1886 1011 1933 re
1048 1886 1287 1953 supra,
1340 1887 1549 1952 quam
1599 1865 1787 1935 credi
1838 1866 2073 1956 possit,
2121 1867 2477 1956 presbyter
2507 1870 2833 1959 obstupe-

303 1955 546 2034 factuS‚
593 1974 837 2042 parum
872 1953 1113 2032 abfuit,
1151 1954 1321 2041 quin
1371 1954 1670 2043 supinus
1718 1968 2089 2024 corrueret.

384 2047 420 2129 ξ
470 2048 631 2114 29.
686 2040 830 2109 Alia
861 2042 1199 2129 quaedam
1240 2042 1562 2133 religiosa
1599 2044 1855 2133 puella,
1889 2043 2334 2133 Hersplendis
2368 2045 2668 2125 nomine,
2707 2046 2836 2114 im-

297 2131 567 2201 modica
627 2132 996 2200 tentatione
1060 2131 1145 2200 ad
1212 2132 1758 2221 desperationem
1836 2132 2333 2222 propemodum
2387 2156 2549 2223 prae
2614 2135 2836 2204 animi

297 2241 603 2288 moerore
651 2219 969 2300 adducta,
1014 2226 1137 2289 Lut
1187 2221 1421 2289 ardem
1473 2222 1758 2312 rogavit,
1792 2235 1869 2290 ut
1903 2244 2026 2312 pro
2076 2222 2226 2310 ipsa
2275 2223 2561 2291 Domino
2598 2245 2835 2312 preces

295 2309 584 2376 offerret.
654 2307 780 2376 Illa
828 2331 984 2378 cum
1039 2331 1157 2378 mu
1192 2322 1257 2378 to
1318 2309 1783 2398 lacrymarum
1836 2311 2055 2380 imbre
2107 2310 2472 2379 Dominum
2541 2333 2664 2399 pro
2715 2311 2833 2380 illa

295 2409 590 2486 precata,
645 2419 723 2465 ex
757 2397 990 2466 divina
1035 2398 1446 2468 revelatione
1496 2399 1595 2467 sic
1642 2399 1706 2466 ei
1761 2399 1986 2468 locuta
2033 2411 2169 2468 est:
2214 2403 2441 2484 Aequo
2488 2399 2721 2468 animo
2771 2413 2834 2469 te

300 2508 447 2557 esse
493 2497 776 2577 oportet,
836 2487 1268 2558 charissima.
1326 2492 1400 2556 In
1437 2492 1803 2557 Parasceve
1848 2489 2059 2567 enim,
2121 2487 2243 2557 ubi
2276 2502 2428 2578 post
2474 2487 2831 2558 adoratam

293 2580 576 2645 Crucem
628 2576 946 2645 sacerdos
997 2576 1185 2645 illam
1220 2576 1583 2646 exaltando
1617 2576 1884 2657 dixerit,
1924 2582 2092 2647 Ecce
2134 2576 2177 2644 li
2233 2600 2398 2646 num
2453 2578 2711 2657 Crucis,
2759 2589 2834 2648 tu

291 2665 377 2732 ab
409 2665 599 2733 omni
652 2665 1016 2734 tentatione
1064 2665 1489 2744 liberaberiS,
1542 2677 1607 2734 et
1656 2666 2145 2735 consolationis
2218 2665 2522 2735 iduciam
2564 2666 2831 2735 obtine-

286 2753 417 2823 bis.
493 2753 683 2835 Quod
761 2754 851 2822 ita
925 2767 1157 2843 postea
1222 2755 1471 2823 evenit.
1558 2754 1978 2825 Venerabilis
2049 2755 2270 2824 Abbas
2343 2754 2834 2845 Affliginiensis

296 2847 599 2911 Joannes
640 2842 864 2911 virum
913 2842 1282 2930 quemdam
1333 2842 1417 2911 ad
1472 2843 1877 2933 Lutgardem
1936 2864 2169 2912 secum
2225 2841 2535 2923 adduxit,
2589 2844 2711 2929 qui
2760 2855 2836 2913 ut

293 2931 701 3021 Lutgardem
764 2931 1049 3020 aspexit,
1089 2932 1290 3000 anxio
1346 2931 1542 3001 vultu
1582 2932 2054 3002 reverberatus
2087 2946 2209 3003 est.
2250 2932 2532 3001 Miratus
2571 2932 2821 3013 AbbaS,

295 3042 453 3088 cum
495 3021 639 3109 jam
675 3020 907 3109 procul
961 3019 1315 3101 abiissent,
1353 3021 1448 3089 ait
1480 3021 1562 3089 ad
1601 3020 1835 3090 illuni:
1873 3021 2113 3091 Vidisti
2159 3042 2241 3090 ne
2290 3032 2597 3092 sanctam
2635 3019 2829 3090 illam

294 3108 719 3177 foeminam?
768 3114 843 3178 Et
876 3108 1012 3187 ille,
1053 3110 1139 3177 ab
1189 3110 1327 3179 imo
1359 3120 1628 3199 pectore
1677 3110 1980 3200 suspiria
2029 3109 2336 3180 trahens:
2388 3109 2539 3178 Vidi
2577 3109 2829 3197 inquit,

292 3209 357 3264 et
404 3198 486 3265 ad
522 3212 968 3287 conspectum
1017 3199 1192 3286 ejus,
1237 3209 1565 3285 tanquam
1594 3198 1677 3268 ad
1716 3199 1941 3288 ipsius
1987 3199 2261 3268 divinae
2296 3200 2674 3287 majestatis
2725 3199 2833 3267 in-

295 3286 543 3355 tuitum
596 3298 827 3356 tantus
878 3307 985 3354 me
1020 3288 1281 3376 peccati
1329 3287 1571 3356 horror
1624 3288 1897 3368 invasit,
1954 3301 2028 3358 ut
2073 3289 2224 3377 ejus
2271 3287 2554 3377 adjutus
2615 3288 2835 3377 preci·

294 3374 449 3453 bus,
495 3375 643 3464 jam
706 3376 1034 3445 liberatus
1085 3376 1241 3457 sim,
1299 3387 1363 3445 et
1416 3382 1549 3446 Deo
1598 3376 1772 3445 bene
1819 3377 2139 3467 propiti0‚
2210 3399 2344 3445 non
2397 3376 2700 3445 recidam
2760 3377 2832 3443 in

292 3477 590 3552 peccata.
632 3464 705 3533 ld
742 3486 898 3533 vero
932 3465 1024 3533 ita
1070 3464 1463 3554 contigisse,
1518 3465 1654 3545 ille,
1691 3486 1897 3552 quem
1938 3465 2263 3544 diximus,
2317 3464 2540 3533 Abbas
2571 3485 2832 3534 memo-

294 3551 535 3622 rabilis
584 3564 891 3622 testatur.

374 3643 411 3727 ἓ
459 3645 630 3712 81).
684 3647 902 3711 Homo
931 3642 1243 3729 quidam,
1273 3645 1420 3733 Jam
1457 3654 1733 3733 propter
1765 3665 1889 3712 sua
1939 3641 2245 3712 facinora
2279 3641 2571 3711 salutem
2625 3663 2828 3711 suam

291 3730 496 3818 plane
542 3730 941 3820 desperans,
984 3730 1066 3799 ad
1119 3753 1268 3800 eam
1327 3730 1671 3800 adductus
1705 3745 1827 3811 est,
1882 3743 1959 3801 ut
2006 3730 2107 3799 vel
2157 3753 2236 3800 ex
2283 3730 2647 3817 colloquiis
2681 3731 2835 3820 ejus

290 3817 552 3905 aliquid
603 3820 1094 3890 consolationis
1141 3820 1501 3909 acciperet.
1563 3820 1689 3889 Ubi
1737 3842 1900 3910 ergo
1938 3820 2136 3910 juxta
2197 3818 2385 3887 illam
2436 3818 2716 3900 assedit,
2769 3830 2839 3887 et

289 3907 494 3976 verba
525 3908 679 3995 ejus
706 3908 948 3978 audire
975 3910 1221 3999 coepit,
1259 3908 1429 3977 vidit
1459 3908 1876 3977 ineffabilem
1912 3930 2125 3997 supra
2158 3907 2352 3977 illam
2388 3908 2834 3997 splendorem

294 4014 469 4079 quac
511 3996 735 4067 lucem
785 4019 1064 4066 omnem
1103 3996 1483 4067 excelleret.
1538 4002 1628 4066 Ea
1661 3998 1924 4068 visione
1971 3998 2072 4066 sic
2101 4009 2203 4065 est
2248 3996 2695 4077 exhilaratuS‚
2729 4008 2831 4072 ut,

294 4104 415 4171 spe
461 4088 695 4155 veniae
743 4098 1096 4177 concepta,
1151 4088 1240 4157 ab
1272 4109 1351 4155 ea
1401 4086 1778 4155 recesserit.
1836 4090 2049 4176 Saepe
2096 4084 2198 4154 illi
2250 4084 2554 4176 psalmos
2614 4085 2839 4155 rumi-

295 4172 510 4252 nanti,
568 4174 865 4265 Spiritus
914 4179 1204 4244 Sanctus
1260 4176 1400 4244 vim
1450 4186 1516 4242 et
1575 4195 1857 4244 sensum
1898 4174 2266 4244 verborum
2305 4175 2598 4265 aperuit.
2654 4180 2837 4257 Qua-

295 4258 458 4328 dam
493 4262 704 4351 igitur
752 4276 972 4345 nocte,
1016 4285 1179 4334 cum
1230 4264 1299 4331 in
1355 4262 1652 4344 Cantico,
1707 4268 1794 4332 Te
1843 4268 2056 4332 Deum
2114 4262 2507 4345 laudamus,
2563 4282 2836 4332 versum

297 4347 521 4431 illum,
576 4357 672 4421 Tu
720 4352 804 4420 ad
870 4352 1311 4422 liberandum
1359 4364 1814 4442 suscepturus
1869 4352 2249 4431 bominem,
2306 4372 2441 4420 non
2506 4348 2840 4420 horruisti

297 4437 585 4528 virginis
625 4452 923 4522 uterum,
977 4442 1253 4521 diceret,
1307 4441 1368 4510 ei
1419 4440 1817 4512 beatissima
1854 4441 2047 4531 virgo
2081 4441 2289 4509 Maria
2322 4436 2838 4530 gratulabunda
