3357 4995
678 335 762 400 92
1143 350 1481 398 Tamsmr.
1539 352 1629 398 ss.
1684 351 1799 399 mu.
1856 352 2036 399 parm
2083 351 2161 398 m·
2206 349 2582 399 macetum
2822 332 3044 399 JUNII
3093 334 3134 397 2

585 448 650 505 et
697 436 1126 506 orationibus
1172 434 1587 516 inserentes,
1653 450 1932 526 propter
2000 457 2292 526 corpora
2345 435 2703 505 beatorum
2754 435 3140 506 Marcellini

588 537 653 595 et
702 525 901 605 Petri,
955 546 1115 595 cum
1183 523 1429 595 feretro
1478 546 1617 613 quo
1667 536 2020 607 venerant,
2080 525 2601 594 collocavimus.
2669 524 2795 594 Ubi
2853 546 3017 595 cum
3067 525 3142 593 in

590 613 972 683 crastinum
1025 612 1277 682 mulier
1338 613 1680 701 quaedam
1739 613 1824 682 de
1874 613 2185 703 proximo
2228 611 2605 704 praediolo,
2640 611 2824 700 quod
2859 613 3141 683 Baldra·

585 702 806 774 destat
852 713 1323 791 nuncupatur,
1368 702 1704 772 daemone
1754 723 2093 791 possessa,
2149 724 2310 773 cum
2359 715 2625 772 caetero
2674 702 2932 792 populo
2966 701 3138 772 fuis-

588 802 690 860 set
717 791 1052 881 ingressa,
1090 791 1315 879 coepit
1344 811 1637 877 nequam
1675 791 1963 880 spiritus
2003 791 2315 871 fremere,
2351 812 2430 860 ac
2469 801 2876 880 prostratam
2909 790 2983 858 in
3020 813 3141 880 pa-

587 880 886 949 vimento
932 878 1281 960 collidere,
1337 900 1675 966 suamque
1725 878 2061 950 malitiam
2108 899 2340 949 coram
2368 879 2697 949 omnibus
2743 879 3140 949 confitendo

587 967 965 1058 publicare.
990 972 1296 1053 Cumque
1321 990 1361 1036 a
1386 966 1784 1057 presbytero
1815 991 1886 1039 se
1917 968 2339 1039 exorcizante
2370 967 2614 1037 fuisset
2647 968 2903 1037 interro
2955 982 3137 1049 atus,

590 1056 749 1144 quis
787 1068 986 1136 esset,
1040 1055 1229 1125 unde
1269 1057 1583 1136 venisset,
1621 1058 1900 1143 quando
1938 1071 2002 1126 et
2034 1079 2160 1127 cur
2192 1058 2259 1125 in
2291 1078 2441 1126 eam
2471 1056 2833 1126 intrasset:
2871 1079 2905 1124 a
2994 1057 3144 1126 sin—

592 1145 757 1235 gula
803 1144 1179 1235 respondit,
1228 1165 1437 1232 seque
1486 1166 1618 1214 non
1654 1146 1878 1218 solum
1933 1145 2363 1225 daemonem,
2417 1144 2533 1214 sed
2567 1145 2773 1214 etiam
2821 1146 3144 1215 omnium

592 1233 1372 1323 viventium‘pessimum
1411 1254 1560 1304 esse
1594 1246 1877 1305 testatus
1902 1247 2025 1304 est.
2066 1239 2142 1303 Et
2172 1256 2333 1303 cum
2363 1234 2717 1324 presbyter
2749 1232 2837 1303 ab
2865 1255 2944 1303 eo
2975 1257 3178 1304 cau--

595 1344 740 1392 sam
775 1334 1002 1392 tantae
1030 1322 1375 1409 nequitiae
1407 1322 1828 1408 requisisset,
1885 1323 2135 1392 malam
2173 1322 2588 1391 voluntatem
2623 1321 2802 1391 hanc
2852 1322 2985 1393 sibi
3021 1324 3145 1392 tri-

593 1410 828 1480 buisse
859 1410 1221 1480 fatebatur.
1264 1416 1528 1481 Rursus
1557 1432 1717 1481 cum
1752 1413 1840 1480 ab
1886 1432 1966 1481 eo
1997 1425 2374 1497 quaereret,
2411 1411 2467 1479 si
2501 1431 2811 1497 unquam
2845 1411 2912 1479 in
2951 1411 3146 1480 coelo

594 1499 870 1569 fuisset:
905 1499 972 1567 in
1005 1499 1192 1568 coelo
1222 1520 1295 1568 se
1319 1499 1555 1580 fuisse,
1593 1513 1657 1570 et
1691 1499 1853 1570 inde
1875 1513 2152 1589 propter
2191 1499 2586 1588 superbiam
2620 1499 2963 1589 dejectum
2992 1519 3147 1570 esse

593 1587 953 1658 confessus
991 1600 1114 1658 est.
1171 1588 1296 1657 Ubi
1346 1609 1501 1658 vero
1549 1589 1635 1657 ad
1688 1587 1754 1657 id
1807 1601 2085 1657 ventum
2138 1601 2262 1668 est,
2330 1600 2409 1658 ut
2453 1608 2610 1656 eum
2664 1588 3141 1679 interrogaret,

597 1677 654 1748 si
687 1676 979 1764 nomina*
1005 1689 1387 1766 martyrum
1426 1690 1675 1756 nosset,
1712 1698 2011 1764 quorum
2047 1675 2377 1762 reliquiae
2414 1675 2636 1765 pridie
2671 1675 2895 1746 eidem
2928 1676 3148 1746 eccle·

596 1766 738 1835 siae
798 1764 1026 1834 illatae
1083 1777 1268 1846 sunt,
1323 1764 1713 1848 Notissima,
1782 1765 2029 1853 inquit,
2086 1764 2261 1834 mihi
2310 1777 2472 1836 sunt
2517 1785 2757 1834 eorum
2810 1766 3140 1835 nomina:

593 1853 758 1941 quia
804 1852 1086 1939 quando
1120 1853 1307 1943 passi
1355 1866 1540 1934 sunt,
1599 1875 1922 1944 praesens
1962 1854 2297 1933 astabam,
2343 1875 2421 1922 ac
2472 1852 2555 1922 de
2601 1874 2842 1924 eorum
2886 1856 3146 1944 sempi-

596 1955 785 2011 terna
823 1941 1042 2032 gloria
1084 1941 1343 2032 ingenti
1395 1943 1762 2043 torquebar
1809 1942 2092 2011 invidia.
2148 1947 2330 2026 Quos
2379 1941 2583 2011 etiam
2617 1942 2730 2012 hic
2772 1942 2976 2011 modo
3030 1965 3150 2033 pa·

594 2030 725 2100 tior
770 2030 1275 2111 infestissimOS,
1328 2045 1645 2101 cruciant
1689 2032 1874 2101 enim
1911 2052 2021 2100 me
2069 2044 2405 2101 tormento
2454 2029 2871 2113 incredibili,
2937 2044 3149 2120 atque

594 2119 887 2188 invitum
941 2118 1025 2187 de
1072 2119 1200 2189 hoc
1249 2140 1429 2200 vase,
1492 2120 1560 2188 in
1619 2141 1756 2207 quo
1821 2119 1943 2189 diu
1994 2119 2372 2199 latitabam,
2442 2120 2626 2188 exire
2682 2120 3142 2208 compellunt.

596 2207 718 2276 Cui
761 2208 1135 2297 presbyter,
1175 2212 1341 2276 Cum
1392 2209 1658 2290 exieris,
1714 2209 1962 2294 inquit,
2015 2230 2154 2295 quo
2203 2222 2641 2298 perrecturus
2674 2212 2790 2279 es?
2822 2213 2985 2298 Eg0,
3021 2210 3141 2289 ait,

595 2296 667 2363 in
710 2296 888 2365 viam
943 2295 1310 2386 pessimam
1349 2310 1811 2386 perrecturuS,
1864 2309 1929 2366 et
1981 2296 2398 2387 longinquas
2446 2296 2888 2385 desertasque
2923 2298 3151 2389 regio-

596 2405 721 2453 nes
772 2383 1114 2474 petiturus
1154 2405 1337 2454 sum.
1390 2391 1546 2454 Post
1592 2386 1763 2455 haec
1812 2408 1972 2456 cum
2016 2399 2079 2456 et
2113 2387 2543 2456 occasionem
2593 2398 2660 2455 et
2700 2385 2984 2456 modum
3048 2389 3151 2457 in·

596 2472 973 2563 gressionis
1023 2495 1188 2545 suae
1221 2472 1505 2562 jubente
1556 2475 1951 2565 presbytero
1984 2474 2434 2565 exposuisset,
2475 2496 2850 2547 conversus
2890 2473 2976 2545 ad
3010 2474 3151 2546 foe-

595 2562 882 2643 minam,
938 2567 1099 2653 Ego,
1154 2563 1403 2649 inquit,
1450 2562 1688 2633 infelix
1722 2564 1996 2644 mulier,
2053 2577 2421 2651 antequam
2485 2585 2763 2646 exeam,
2812 2586 2968 2634 ossa
3035 2579 3150 2637 tua

593 2650 919 2721 collidam
983 2664 1186 2738 atque
1234 2652 1692 2742 confringam,
1751 2665 1946 2739 teque
1992 2651 2287 2722 debilem
2340 2675 2420 2722 ac
2472 2667 2743 2723 nostrae
2799 2654 3152 2725 societatis

595 2761 966 2810 memorem
1014 2739 1425 2827 relinquam.
1471 2746 1739 2811 Etcum
1781 2741 1900 2811 illa
1938 2740 2118 2811 velut
2152 2740 2575 2811 infirmitatis
2625 2762 2791 2811 suae
2831 2745 3144 2823 conscia,

592 2829 933 2917 coepisset
969 2850 1132 2899 voce
1180 2828 1483 2919 supplici
1531 2843 1736 2916 atque
1784 2829 2135 2900 submissa
2168 2834 2574 2900 Sanctorum
2617 2829 2959 2899 auxilium
3011 2832 3147 2900 im·

594 2917 891 3006 plorare,
947 2916 1063 2986 ille
1110 2917 1343 2987 statim
1372 2940 1493 3019 per
1521 2941 1596 2988 os
1634 2919 1854 3019 ipsius
1903 2940 2062 2988 cum
2107 2918 2369 3009 ingenti
2396 2919 2794 2989 austeritate
2839 2918 3150 2991 fremens

594 3016 660 3073 et
699 3004 1148 3094 increpitans,
1206 3006 1394 3093 loqui
1432 3008 1685 3077 volenti
1734 3006 2083 3077 silentium
2121 3007 2506 3096 imperavit.

683 3094 720 3179 ξ
772 3098 926 3166 914.
980 3099 1135 3162 Erat
1181 3095 1368 3163 enim
1421 3095 1643 3174 nobis,
1701 3096 1820 3181 qui
1864 3108 2253 3185 praesentes
2300 3117 2602 3175 eramus,
2643 3097 2729 3165 ad
2767 3095 3146 3166 videndum

536 3190 553 3207 ·
596 3180 793 3251 valde
827 3182 1169 3264 mirabile,
1222 3182 1407 3269 quod
1455 3183 1573 3252 ille
1610 3184 1901 3274 spiritus
1937 3184 2346 3254 immundus
2382 3206 2500 3274 per
2532 3206 2609 3253 os
2637 3184 2948 3274 ejusdem
2987 3208 3148 3255 mu-

597 3269 924 3340 lierculae
972 3285 1108 3341 tam
1141 3271 1411 3342 diverso
1446 3271 1650 3341 modo
1686 3272 2115 3359 loquebatur,
2151 3286 2216 3342 et
2247 3293 2434 3342 nunc
2468 3273 2917 3352 masculinae,
2953 3296 3147 3344 nunc

592 3359 1009 3429 foemininae
1039 3360 1223 3430 vocis
1247 3360 1644 3447 qualitatem
1674 3362 1774 3430 sic
1807 3359 1892 3430 ad
1931 3382 2182 3451 purum
2233 3361 2682 3449 exprimebat,
2721 3374 2794 3430 ut
2832 3383 2969 3431 non
3001 3385 3150 3433 una

596 3448 713 3518 sed
764 3448 945 3519 duae
993 3450 1062 3517 in
1110 3470 1189 3518 ea
1221 3449 1469 3519 acriter
1500 3449 1928 3530 altercantes,
1983 3470 2191 3537 seque
2238 3450 2622 3519 adinvicem
2666 3451 3002 3521 conviciis
3056 3452 3153 3521 la-

594 3550 938 3607 cessentes
980 3558 1312 3628 personae
1358 3559 1508 3608 esse
1546 3538 1964 3609 viderentur.
2002 3543 2081 3607 Et
2119 3560 2374 3619 revera,
2410 3538 2590 3608 duae
2616 3552 2833 3618 erant,
2873 3539 3153 3611 diversa

593 3626 772 3696 inter
822 3648 894 3696 se
959 3626 1307 3696 voluntate
1371 3626 1804 3696 diffidentes:
1859 3627 2219 3698 daemonis
2264 3649 2430 3704 una,
2500 3648 2891 3717 possessum
2969 3650 3010 3697 a
3078 3651 3198 3706 se⁴

593 3736 848 3803 corpus
896 3714 1221 3785 collidere
1259 3715 1646 3804 cupientis:
1696 3714 2007 3785 mulieris
2046 3715 2280 3795 altera,
2339 3715 2532 3785 hoste
2557 3738 2696 3804 quo
2752 3716 3142 3791 tenebatur.

592 3803 871 3872 liberari
938 3802 1419 3873 desiderantis.
1474 3808 1659 3887 Quae
1707 3803 2066 3873 diversitas
2116 3803 2545 3875 voluntatum
2608 3826 2689 3875 ex
2736 3804 3152 3894 disparitate

591 3914 835 3961 vocum
878 3914 958 3962 ac
1006 3891 1579 3962 dissimilitudine
1605 3894 1996 3973 verborum,
2031 3914 2210 3980 quae
2250 3893 2427 3963 inter
2457 3914 2528 3963 se
2556 3893 2939 3982 jactabant,
2977 3897 3152 3965 satis

588 3980 773 4050 clare
806 3994 1011 4068 atque
1044 3995 1278 4071 aperte
1314 3994 1572 4070 poterat
1619 3980 1936 4071 intelligi.
1992 3981 2340 4072 Completo
2375 3982 2395 4049 i
2452 3982 2591 4052 itur
2628 3984 2827 4072 juxta
2853 4003 3151 4053 consue-

587 4069 902 4138 tudinem
957 4069 1262 4158 mysterii
1313 4069 1625 4139 coelestis
1674 4069 1922 4149 officio,
1978 4070 2385 4157 nobisquea
2485 4071 2793 4140 curanda
2854 4090 3152 4171 corpora

586 4157 677 4227 de
752 4156 1040 4228 basilica
1105 4157 1646 4249 egredientibus,
1694 4159 2041 4246 jussimus
2090 4158 2461 4228 foeminam
2513 4181 2674 4229 cum
2733 4160 3153 4231 custodibus

586 4245 878 4326 ibidem,
937 4245 1155 4315 donec
1188 4260 1707 4327 reverteremur,
1759 4246 2088 4337 opperiri,
2155 4247 2484 4317 fiduciam
2546 4248 2898 4326 babentes,
2959 4250 3150 4335 quod

592 4356 716 4425 per
766 4335 1083 4404 virtutem
1148 4334 1398 4405 Christi
1453 4350 1518 4406 et
1568 4334 1810 4404 merita
1863 4349 2247 4425 martyrum
2299 4357 2587 4406 suorum
2634 4335 2938 4427 perfidus
2987 4358 3153 4425 pos-

596 4445 824 4495 sessor
851 4423 1002 4513 ejus
1034 4423 1168 4493 cito
1217 4423 1387 4495 foret
1433 4423 1768 4505 exituruS,
1807 4445 2028 4510 neque
2063 4444 2187 4493 nos
2218 4445 2374 4514 spes
2403 4437 2633 4495 nostra
2683 4421 2939 4494 fefellit.
2978 4429 3151 4494 Nam
