3357 4995
222 357 421 423 JUNII
472 357 514 420 2
773 373 1113 422 TRANSLAT.
1169 374 1260 421 ss.
1317 374 1431 421 uu.
1487 374 1667 421 parm
1717 375 1792 422 m·
1843 336 2219 423 MARCELLI&
2595 361 2678 426 93

225 473 363 558 post
410 457 857 528 refectionem
908 456 993 526 ad
1049 457 1407 528 ecclesiam
1465 459 1784 549 regressi,
1826 473 2061 529 exacto
2092 458 2481 542 daemonio,
2521 483 2766 532 sanam

221 546 399 617 illam
431 561 503 617 et
548 546 976 628 incolumen,
1032 568 1111 616 ac
1162 568 1283 637 per
1311 547 1543 616 omnia
1600 547 1851 620 mentis
1890 568 2058 618 suae
2100 561 2513 648 compotem,
2567 561 2771 637 atque

219 636 281 704 in
332 637 445 707 Dei
497 635 831 705 laudibus
871 634 1288 706 exultantem
1340 636 1758 705 invenimus.
1832 641 1909 707 Et
1962 636 2093 707 hoc
2153 637 2435 724 quidem
2487 639 2767 728 signum

216 725 281 793 in
326 725 634 796 adventu
677 723 1130 811 reliquiarum
1173 725 1530 795 beatorum
1566 723 1818 796 Christi
1870 737 2254 814 martyrum
2282 725 2463 796 Proti
2495 741 2559 797 et
2585 732 2770 817 Hya-

209 815 425 885 cinthi
465 815 670 902 juxta
718 811 1001 883 modum
1032 814 1301 883 anobis
1349 814 1935 904 comprehensum
1985 826 2433 885 constatesse
2471 837 2621 886 corn
2684 816 2771 886 le-

206 915 397 974 tum:
437 902 620 972 illud
683 914 939 983 autem,
978 902 1164 990 quod
1216 907 1280 972 S.
1337 903 1638 973 Hermeti
1708 902 2155 984 adscribitur,
2207 924 2346 989 quo
2395 903 2484 973 sit
2528 925 2609 973 or
2661 905 2771 973 ine

202 1005 511 1083 gestum,
567 991 912 1081 praesenti
962 991 1357 1061 narratione
1395 990 1708 1061 clarebit.

285 1084 325 1169 §
383 1086 540 1153 25.
606 1079 883 1150 Colonia
949 1079 1350 1169 metropolis
1397 1092 1500 1151 est
1547 1080 1618 1149 in
1668 1080 1933 1151 finibus
1982 1081 2503 1162 Ribuariorum,
2559 1103 2771 1171 super

198 1171 533 1242 Rhenum
570 1168 815 1258 posita.
856 1173 948 1237 Ex
975 1190 1136 1255 qua,
1177 1168 1478 1239 foemina
1503 1169 1845 1257 quaedam
1881 1183 2026 1239 erat
2050 1191 2091 1238 a
2125 1170 2408 1240 renibus
2440 1170 2766 1241 deorsum

198 1260 488 1329 diutina
536 1278 899 1327 nervorum
970 1257 1398 1328 distensione
1444 1258 1515 1327 in
1579 1270 1848 1328 tantum
1917 1257 2318 1339 debilitata,
2386 1270 2462 1329 ut
2526 1269 2770 1349 negato

201 1350 339 1419 sibi
398 1368 688 1416 crurum
739 1367 819 1415 ac
916 1345 1125 1416 edum
1175 1346 1425 1427 officio,
1464 1368 1600 1417 non
1630 1346 1830 1417 aliter
1868 1369 2078 1434 quam
2130 1347 2401 1429 sedens,
2440 1347 2773 1438 porrectis

200 1438 271 1507 in
324 1435 683 1506 anteriora
722 1433 880 1526 pedi
932 1457 1018 1505 us
1077 1457 1155 1504 ac
1208 1435 1533 1505 manibus
1567 1436 1638 1504 in
1692 1447 1944 1505 terram
1995 1435 2255 1536 positis.
2278 1436 2607 1515 innitens,
2664 1457 2771 1505 se-

201 1548 341 1613 que
417 1525 548 1594 hoc
598 1523 804 1593 modo
861 1525 1296 1613 promovenS,
1336 1525 1554 1594 vicem
1607 1523 2016 1594 ambulandi
2071 1524 2343 1613 explere
2409 1525 2764 1616 potuisset.

198 1619 394 1686 Haec
442 1611 703 1682 auditis
744 1612 1102 1681 miraculis
1149 1626 1354 1698 atque
1403 1613 1776 1683 virtutibus
1823 1635 1997 1699 quas
2048 1614 2382 1683 Dominus
2433 1635 2553 1705 per
2612 1635 2772 1684 san-

198 1717 352 1774 ctos
408 1713 751 1790 martyres
788 1720 952 1769 suos
995 1700 1472 1792 Marcellinum
1514 1713 1580 1770 et
1614 1707 1886 1772 Petrum
1940 1702 2011 1770 in
2060 1703 2416 1773 curatione
2464 1702 2774 1772 infirmo-

199 1814 372 1862 rum
410 1802 617 1876 atque
665 1788 1003 1858 debilium
1038 1801 1365 1879 operatus
1411 1802 1536 1871 est,
1592 1790 1676 1858 ad
1713 1789 2074 1860 basilicam
2123 1812 2364 1861 eorum
2398 1791 2633 1860 venire
2662 1812 2775 1879 ge·
2853 1840 2865 1863 .

200 1881 424 1952 stivit.
480 1883 560 1948 Et
598 1878 929 1964 quoniam
989 1877 1187 1948 aliter
1234 1878 1598 1948 commode
1646 1880 2070 1966 nequiverat,
2125 1879 2197 1948 in
2234 1901 2405 1950 nave
2449 1891 2776 1949 mercato-

200 1991 401 2048 rum,
435 1968 558 2054 qui
606 1966 728 2035 illo
775 1965 861 2035 ad
902 1965 1333 2037 festivitatem
1370 1967 1754 2037 eorundem
1806 1972 2218 2037 Sanctorum
2250 1969 2467 2050 ibant,
2495 1969 2777 2037 advecta

201 2070 334 2127 est.
377 2056 714 2143 venitque
763 2055 930 2124 illuc
969 2056 1056 2123 ad
1105 2055 1288 2125 diem
1328 2055 1749 2136 natalitium,
1785 2069 1990 2145 atque
2038 2056 2134 2125 ibi
2185 2077 2307 2147 spe
2353 2078 2774 2148 recuperan-

199 2147 337 2215 dae
384 2145 631 2215 salutis
680 2143 1095 2230 aliquandiu
1125 2156 1387 2214 morata
1411 2158 1533 2214 est.
1572 2145 1701 2216 Sed
1737 2144 1858 2215 ubi
1893 2144 2063 2215 vidit
2109 2146 2539 2216 curationem
2573 2166 2776 2215 suam

202 2256 365 2305 esse
416 2233 703 2302 dilatam
750 2233 847 2322 (et
894 2253 1126 2302 revera
1173 2232 1385 2302 dilata
1433 2248 1601 2314 erat,
1660 2255 1797 2304 non
1837 2246 2118 2323 negata:
2173 2234 2338 2322 quia
2390 2256 2526 2305 non
2580 2233 2772 2314 alibi,

205 2323 330 2393 sed
390 2322 523 2391 ibi:
590 2341 815 2408 neque
874 2332 1061 2401 tunc,
1116 2321 1233 2392 sed
1283 2321 1419 2392 alio
1454 2336 1760 2414 tempore
1825 2322 1973 2392 fieri
2023 2322 2294 2410 debuit)
2341 2324 2580 2393 statuit
2641 2327 2779 2391 Μο-

204 2411 633 2504 guntiacum
686 2409 1055 2501 proficisci.
1110 2415 1268 2479 Erat
1302 2412 1489 2479 enim
1541 2411 1609 2480 in
1656 2412 1967 2502 proximo
2014 2409 2343 2481 festivitas
2406 2416 2471 2481 S.
2535 2410 2780 2480 Albani

204 2501 568 2589 martyris,
620 2500 824 2589 cujus
870 2497 1056 2590 apud
1104 2499 1419 2569 eamdem
1482 2501 1727 2570 urbem
1788 2513 1854 2571 et
1912 2500 2200 2571 basilica
2256 2513 2322 2570 et
2389 2499 2780 2590 percelebre

199 2589 721 2659 monasterium
768 2599 893 2657 est.
949 2593 1095 2670 Quo
1125 2610 1287 2658 cum
1340 2589 1657 2670 venisset,
1711 2602 1777 2659 et
1824 2588 2012 2679 apud
2066 2589 2474 2658 memoriam
2521 2601 2780 2677 marty-

202 2679 306 2748 ris
363 2700 491 2769 pro
540 2676 969 2747 restitutione
1016 2677 1262 2747 salutis
1312 2699 1479 2747 suae
1537 2679 1829 2748 Domino
1880 2676 2368 2768 supplicasset,
2423 2676 2595 2746 vidit
2661 2698 2782 2767 per

203 2791 282 2838 so
338 2788 537 2837 orem
579 2765 949 2853 quemdam
974 2766 1302 2855 juvenem
1355 2765 1684 2836 clericum
1739 2766 1872 2836 sibi
1922 2766 2382 2845 assistentem,
2438 2788 2517 2835 ac
2569 2787 2780 2835 novos

204 2791 487 2927 capceos
518 2875 734 2924 manu
765 2852 1118 2935 ferentem,
1165 2868 1372 2942 atque
1410 2867 1484 2924 ut
1532 2876 1647 2925 eos
1689 2855 1836 2924 acci
1888 2868 2028 2925 eret
2105 2854 2494 2942 edibusque
2542 2853 2782 2924 indue-

204 2959 311 3014 ret
362 2944 870 3034 imperantem:
909 2964 981 3012 se
1019 2964 1295 3031 quoque
1344 2945 1439 3014 ita
1476 2942 1742 3016 fecisse.
1787 2943 1838 3012 Il
1874 2965 1989 3012 um
2078 2942 2281 3014 einde
2312 2943 2772 3034 praecepisse,

205 3047 288 3103 ut
338 3033 453 3104 his
503 3032 827 3111 calceata,
874 3030 961 3100 ad
1013 3032 1243 3102 locum
1293 3032 1479 3102 unde
1531 3032 1649 3103 illo
1700 3044 1998 3113 venerat,
2040 3043 2511 3114 reverteretur,
2548 3032 2783 3120 ibique

207 3122 596 3191 adventum
647 3120 899 3190 medici
950 3121 1504 3211 praestolaretur,
1561 3122 1681 3208 qui
1732 3142 1882 3190 eam
1933 3134 2112 3191 esset
2159 3121 2623 3212 proculdubio
2671 3142 2780 3190 sa-

208 3222 544 3281 naturus.
577 3213 764 3291 Quae
792 3210 915 3280 ubi
943 3209 1313 3299 evigilavit,
1362 3210 1613 3281 visioni
1660 3209 1869 3279 fidem
1920 3209 2478 3292 accommodam,
2524 3221 2783 3296 quanta

210 3299 446 3390 potuit
493 3297 838 3368 celeritate
902 3298 984 3366 ad
1041 3303 1447 3369 Sanctorum
1512 3312 1901 3388 martyrum
1952 3298 2306 3369 salutifera
2380 3298 2625 3367 limina
2678 3319 2780 3367 re-

210 3409 422 3457 versa
458 3400 603 3457 est:
657 3409 736 3456 ac
770 3408 893 3477 per
922 3386 1100 3456 duos
1135 3409 1407 3459 menses
1440 3388 1510 3455 in
1543 3387 1786 3458 eodem
1829 3388 1976 3458 loco
2016 3389 2194 3456 inter
2228 3387 2401 3458 alios
2445 3407 2785 3477 pauperes

213 3487 647 3555 conversata,
705 3474 1268 3566 pollicitationem
1317 3476 1605 3545 visionis
1653 3477 2165 3566 opperiebatur.

304 3567 344 3651 ξ
399 3568 561 3635 86.
617 3568 783 3635 Cum
816 3564 1092 3634 interim
1126 3566 1310 3633 circa
1338 3564 1644 3634 medium
1668 3565 1808 3635 fere
1834 3586 2144 3635 mensem
2170 3569 2557 3655 Augustum
2582 3567 2783 3634 Deus·

215 3653 411 3722 dona
459 3654 826 3733 Diaconu5,
862 3654 1065 3743 cujus
1118 3653 1184 3720 in
1237 3653 1462 3742 primo
1509 3655 1738 3743 operis
1779 3654 1989 3753 hujus
2040 3653 2215 3723 libro
2250 3653 2567 3723 crebram
2618 3652 2785 3721 feci-

215 3763 385 3811 mus
424 3741 871 3822 mentionem,
907 3745 1125 3811 Roma
1155 3742 1459 3824 veniens,
1482 3762 1723 3813 'unum
1756 3741 2132 3811 articulum
2175 3741 2375 3832 digiti
2406 3742 2588 3812 beati
2616 3746 2784 3812 Her-

214 3830 424 3899 metis
447 3830 771 3918 martyris
841 3851 912 3898 ro
939 3852 1192 3922 magno
1228 3830 1428 3900 nobis
1455 3852 1745 3901 munere
1771 3829 2038 3901 detulit.
2079 3836 2295 3913 Quem
2333 3830 2775 3921 accipientes,

215 3940 299 3987 ca
356 3918 513 3988 sula
563 3939 765 3988 recon
822 3918 994 3987 itum
1031 3920 1099 3986 in
1153 3919 1496 4020 superiori
1535 3932 1727 4007 parte
1767 3919 2096 3990 basilicae
2130 3941 2343 4010 supra
2383 3920 2616 4010 ipsum
2667 3940 2782 3989 oc-

216 4008 283 4074 ci
338 4006 634 4075 entalem
686 4006 1015 4095 ecclesiae
1042 4009 1407 4085 introitum
1441 4008 1962 4079 collocavimus.
2018 4014 2093 4078 At
2137 4008 2458 4089 foemina,
2492 4030 2670 4095 quae
2708 4020 2786 4077 ut
2839 4040 2842 4043 ¹

216 4095 393 4174 dixi,
430 4095 695 4165 visione
726 4094 1057 4166 divinitus
1097 4096 1453 4166 admonita
1503 4096 1671 4166 illuc
1722 4110 2020 4177 venerat,
2067 4109 2132 4166 et
2160 4097 2436 4167 duobus
2474 4099 2623 4186 jam
2672 4119 2781 4167 ex-

218 4184 399 4253 actis
449 4184 828 4263 mensibus,
885 4184 1058 4254 nihil
1104 4186 1482 4275 promissae
1514 4186 1667 4276 opis
1700 4186 1832 4255 sibi
1883 4186 2244 4255 advenisse
2283 4186 2628 4265 cernebat,
2661 4185 2782 4254 de-

218 4271 452 4341 lusam
503 4295 575 4343 se
630 4294 806 4343 vano
855 4273 1125 4344 somnio
1166 4274 1596 4353 existimans,
1653 4273 1950 4344 reditum
2003 4275 2074 4343 in
2113 4276 2404 4365 patriam
2466 4274 2784 4343 meditari

220 4361 477 4449 coepit.
531 4363 915 4450 Statuitque
960 4384 1117 4431 cum
1172 4362 1741 4453 negotiatoribus,
1773 4364 1894 4451 qui
1927 4385 1999 4433 se
2039 4363 2469 4443 reducerent,
2515 4375 2593 4433 ut
2630 4385 2784 4453 pro-

222 4449 417 4518 xima
468 4450 842 4532 Dominica‚
883 4472 1060 4538 quae
1091 4452 1334 4538 quinto
1376 4451 1833 4522 Calendarum
1889 4452 2392 4542 Septembrium
2430 4450 2542 4520 die
2571 4450 2782 4521 simul
