3357 4995
176 348 352 414 Jmtss
396 350 438 413 2
695 362 1036 412 mansur.
1091 364 1184 412 ss.
1236 365 1351 412 im.
1406 366 1585 413 parm
1634 366 1710 412 m·
1757 363 2132 415 macutum
2515 351 2598 414 69

178 446 552 536 populorum
604 444 853 526 turbiS,
894 445 980 514 ab
1007 446 1309 545 aquensi
1346 445 1600 535 palatio
1630 467 1853 533 usque
1882 446 1969 514 ad
2002 457 2457 517 memoratum
2488 448 2686 518 Muli-

179 535 366 605 nheim
392 536 658 616 vicum,
689 535 976 603 Domino
1001 546 1129 603 iter
1160 546 1471 605 nostrum
1506 546 1938 625 properante,
1977 534 2438 624 pervenimus.
2471 541 2687 624 Atque

174 623 247 694 ibi
286 624 438 694 illas
486 622 820 711 reliquias
852 644 1059 714 super
1086 622 1323 705 altare,
1377 645 1557 713 pone
1604 624 1787 711 quod
1841 623 2111 694 loculus
2159 645 2393 693 sacros
2425 639 2686 714 marty-

171 735 298 783 rum
343 714 616 783 cineres
662 711 1024 783 continens
1089 712 1357 803 positus
1403 725 1586 793 erat,
1641 724 1987 803 gemmata
2035 715 2245 802 capsa
2300 714 2688 784 reconditas

122 838 125 845 ‚
168 801 656 872 collocavimus:
692 800 1110 888 fueruntque
1156 801 1253 871 ibi
1305 799 1403 871 sic
1452 802 1738 890 positae,
1794 823 2014 888 usque
2061 800 2229 871 dum
2283 821 2409 872 nos
2452 823 2690 872 mense

167 891 506 961 Novembri
554 890 642 959 ad
701 888 1038 980 palatium
1102 890 1203 959 ire
1257 901 1597 980 paranteS,
1652 912 1775 980 per
1822 889 2302 960 revelationem
2352 889 2690 960 admoniti

162 1001 413 1061 sumus,
470 1000 559 1048 ne
598 981 796 1068 prius
829 978 913 1047 de
952 977 1070 1047 illo
1112 978 1259 1048 loco
1291 979 1915 1069 proficisceremur,
1961 1000 2171 1066 quam
2221 999 2337 1048 eas
2385 982 2681 1069 corpori,

157 1068 228 1137 de
254 1091 388 1155 quo
426 1080 747 1157 sumptae
778 1080 995 1147 erant,
1047 1069 1654 1157 conjungeremus.
1711 1066 2016 1151 Qualiter
2047 1080 2277 1137 autem
2314 1066 2688 1137 revelatum

156 1156 365 1239 fuerit,
421 1169 500 1226 ut
540 1156 669 1226 hoc
718 1156 870 1225 fieri
924 1156 1225 1237 deberet,
1274 1178 1409 1225 non
1460 1167 1563 1225 est
1612 1156 1883 1227 silentio
1926 1156 2470 1227 transeundum:
2524 1159 2691 1244 quia

156 1268 275 1315 non
323 1246 556 1317 solum
592 1246 888 1325 somnio,
940 1258 1033 1314 ut·
1065 1246 1213 1315 fieri
1265 1245 1433 1315 solet
1476 1245 1592 1314 sed
1635 1246 1841 1315 etiam
1901 1246 2121 1337 signis
2153 1244 2572 1332 quibusdam
2611 1269 2691 1315 ac

154 1335 519 1404 terroribus
565 1334 651 1402 ad
701 1333 1139 1423 vigilantium
1171 1356 1409 1404 curam
1447 1334 1974 1424 pertinentibus,
2011 1345 2367 1405 ostensum
2399 1347 2501 1404 est
2536 1336 2694 1404 bea-

156 1437 249 1494 tos
292 1435 635 1511 martyres
682 1422 1104 1491 omnimodis
1154 1422 1475 1504 voluisse,
1528 1436 1605 1492 ut
1665 1424 1736 1492 in
1800 1422 1928 1493 hac
2004 1444 2075 1492 re
2134 1422 2363 1513 jussio
2413 1422 2688 1494 illorum
2776 1436 2780 1441 ’

159 1510 384 1583 suisset
452 1510 853 1611 adimpleta.
909 1516 1065 1581 Erat
1110 1534 1298 1581 unus
1359 1512 1445 1580 de
1490 1510 1786 1592 clericis,
1833 1514 1955 1599 qui
2005 1511 2086 1580 ad
2134 1511 2461 1581 excubias
2509 1513 2693 1582 basi·

156 1600 312 1669 licae
357 1600 675 1689 deputati
722 1599 1022 1681 suerunt,
1062 1600 1341 1670 nomine
1401 1600 1888 1691 Landolphus,
1935 1601 2050 1670 cui
2100 1613 2267 1670 tunc
2308 1601 2491 1691 signi
2543 1613 2695 1670 tan-

195 1689 348 1758 endi
395 1711 566 1758 cura
603 1689 979 1758 commissa
1006 1688 1249 1768 suerat,
1291 1689 1552 1759 habens
1602 1700 1892 1759 stratum
1944 1711 2154 1760 suum
2195 1691 2393 1779 juxta
2427 1703 2698 1760 austra-

154 1711 283 1847 ?em
332 1777 667 1847 basilicae
718 1778 1035 1867 januam.
1109 1779 1237 1860 Qui
1286 1799 1448 1847 cum
1499 1778 1884 1848 secundum
1936 1778 2511 1848 consuetudinem
2578 1801 2699 1848 no-

160 1868 382 1935 cturni
433 1888 511 1935 ac
568 1866 996 1941 matutinalis
1054 1865 1263 1936 officii
1315 1866 1604 1935 solemni
1652 1888 1840 1936 more
1893 1882 2229 1957 surgeret,
2277 1867 2700 1958 signumque

159 1967 476 2037 moveret,
530 1954 1006 2045 completoque
1037 1967 1192 2024 ante
1233 1955 1456 2024 lucem
1497 1955 1735 2025 eodem
1771 1954 2032 2036 officiO,
2072 1978 2348 2025 rursum
2392 1956 2697 2025 dormire

164 2043 377 2125 vellet,
432 2043 693 2114 clausis
733 2044 1062 2114 ecclesiae
1099 2043 1385 2125 foribuS,
1430 2065 1662 2113 coram
1704 2045 1962 2116 sanctis
2012 2057 2394 2134 martyrum
2446 2045 2699 2114 cineri—

168 2133 309 2202 bus·
339 2131 787 2222 supplicandi
827 2133 1046 2223 gratia
1093 2154 1164 2203 se
1210 2133 1595 2222 prostravit.
1642 2132 1745 2201 lbi
1776 2155 1936 2203 cum
1967 2133 2320 2223 psalmum
2356 2133 2698 2222 quinqua·

168 2224 536 2311 gesimam,
598 2235 678 2290 ut
730 2222 879 2311 ipse
926 2222 1190 2303 asserit,
1254 2220 1479 2291 dicere
1525 2222 1882 2312 inciperet,
1938 2221 2203 2293 audivit
2249 2223 2445 2312 juxta
2494 2245 2567 2291 se
2625 2224 2698 2292 in

166 2311 552 2399 pavimento
600 2310 786 2381 velut
832 2312 1135 2380 sonitum
1185 2310 1439 2400 pedum
1490 2310 1831 2391 hominis,
1887 2312 2023 2380 huc
2071 2324 2286 2399 ,atque
2343 2310 2512 2380 illuc
2563 2312 2698 2380 ibi-

162 2397 310 2468 dem
361 2398 900 2469 deambulantis.
953 2405 1575 2487 consternatusque,
1627 2421 1875 2490 pavore
1926 2397 2060 2469 noll
2114 2400 2446 2479 minimO,
2485 2401 2701 2469 erexit

161 2509 229 2557 se
267 2485 633 2577 paululum
684 2488 757 2557 in
807 2510 1056 2577 genua,
1100 2500 1165 2558 et
1212 2487 1280 2556 in
1331 2511 1605 2558 omnem
1651 2502 1912 2580 partem
1961 2488 2500 2589 circumspicere
2540 2511 2698 2558 coe-

160 2576 277 2674 pit,
332 2578 708 2646 aestimans
741 2575 1041 2665 aliquem
1090 2576 1175 2645 de
1227 2577 1674 2668 pauperibus,
1729 2577 1987 2648 clausis
2044 2578 2372 2647 eccles1ae
2422 2577 2691 2666 januis,

160 2686 227 2733 m
270 2664 577 2752 quolibet
630 2665 887 2755 angulo
934 2665 1312 2735 delituisse.
1359 2671 1664 2754 Cumque
1724 2665 1994 2735 nullum
2040 2665 2284 2746 alium,
2350 2687 2560 2752 quam
2627 2688 2700 2735 se

164 2753 379 2823 solum
434 2754 616 2822 intra
647 2754 940 2844 parietes
986 2754 1313 2840 basilicae
1351 2776 1500 2825 esse
1528 2767 1859 2828 cerneret,
1917 2755 2164 2824 iterum
2212 2776 2282 2825 se
2322 2754 2408 2823 ad
2450 2754 2704 2824 oratio-

166 2861 311 2909 nem
361 2842 743 2923 inclinavit,
783 2864 862 2911 ac
912 2842 1260 2933 psalmum
1311 2864 1514 2930 quem
1571 2845 1764 2934 prius
1813 2843 2276 2924 inchoaverat,
2339 2843 2695 2933 repetivit:

163 2929 271 2997 sed
305 2942 676 3018 antequam
705 2953 926 3001 unum
966 2933 1115 3021 ejus
1158 2954 1427 3000 versum
1478 2933 1826 3032 complere
1860 2932 2217 3021 potuisset,
2255 2954 2485 3022 capsa,
2525 2953 2704 3018 quae

164 3016 353 3087 altari
397 3020 723 3109 imposita
778 3042 1008 3092 sacras
1056 3021 1236 3090 beati
1286 3020 1663 3089 Marcellini
1723 3021 2053 3108 reliquias
2109 3020 2547 3102 continebat,
2604 3043 2701 3090 re·

166 3108 435 3194 pentino
483 3107 754 3265 crepitu
815 3120 949 3178 tam
999 3105 1435 3177 vehementer
1476 3109 1806 3189 insonuit,
1854 3121 1930 3179 ut
1978 3111 2178 3197 quasi
2240 3108 2491 3179 malleo
2542 3132 2701 3200 per-

166 3216 359 3292 cussa
427 3196 603 3267 dissi
636 3197 821 3266 uisse
876 3208 1254 3287 putaretur.
1319 3203 1464 3267 Duo
1522 3219 1799 3286 quoque
1862 3199 2035 3268 ostia
2091 3198 2463 3277 basilicae,
2519 3220 2701 3286 quae

164 3304 301 3370 Jam
351 3285 585 3356 clausa
631 3299 849 3365 erant,
906 3284 1327 3355 occidentale
1370 3286 1685 3358 videlicet
1724 3299 1929 3374 atque
1979 3288 2302 3370 australe,
2360 3287 2546 3357 velut
2579 3287 2705 3356 ali·

168 3392 297 3459 quo
337 3375 677 3462 pulsante,
730 3388 933 3462 atque
981 3373 1401 3465 impellente,
1458 3376 1667 3445 simili
1723 3376 1927 3445 modo
1976 3389 2384 3447 sonuerunt.

247 3464 285 3548 ἓ
313 3467 465 3534 10.
503 3463 769 3546 Quibus
797 3463 1157 3534 exterritus
1189 3486 1267 3532 ac
1301 3463 1748 3553 stupefactuS‚
1787 3486 1946 3534 cum
1981 3464 2150 3551 quid
2186 3464 2320 3534 sibi
2354 3462 2704 3554 agendum

171 3562 342 3619 esset
378 3552 653 3640 penitus
702 3552 1071 3643 ignoraret,
1126 3552 1349 3643 surgit
1412 3552 1498 3621 ab
1547 3552 1773 3632 altari,
1834 3565 1900 3621 et
1948 3552 2017 3621 in
2070 3553 2320 3622 lectum
2373 3575 2576 3623 suum
2631 3573 2704 3622 se

174 3640 529 3724 pavitando
577 3642 885 3731 projecit:
931 3641 1298 3729 subitoque
1329 3662 1574 3731 sopore
1613 3641 2008 3731 depressuS,
2062 3640 2231 3709 vidit
2279 3641 2412 3710 sibi
2463 3662 2706 3729 quem-

172 3724 324 3796 dam
371 3729 585 3819 ignoti
617 3729 848 3801 vultus
896 3731 1121 3799 virum
1173 3729 1515 3811 assistere,
1569 3731 1692 3817 qui
1743 3752 1814 3799 se
1856 3728 2112 3799 talibus
2144 3730 2372 3801 verbis
2401 3729 2706 3820 compel-

176 3811 356 3886 laret:
409 3823 772 3889 Certumne
817 3831 941 3901 est,
996 3819 1113 3906 ait,
1168 3818 1597 3888 Einh‘ardum
1649 3820 1750 3888 sic
1809 3817 1897 3887 ad
1947 3816 2284 3908 palatium
2336 3839 2708 3919 properare

177 3903 356 3987 velle,
389 3921 465 3977 ut
514 3907 840 3994 reliquias
890 3909 1108 3979 sancti
1170 3906 1573 3988 Marcellini,
1627 3928 1804 3995 quas
1852 3907 1989 3976 huc
2053 3906 2324 3990 detulit,
2383 3929 2580 3997 prius
2629 3907 2704 3974 in

178 3989 387 4062 locum
432 3996 520 4066 de
564 4018 705 4083 quo
754 3996 1065 4068 sublatae
1112 3997 1413 4077 fuerant,
1469 4018 1606 4066 non
1661 3999 1981 4086 reponat?
2016 3999 2180 4065 Cum
2221 3995 2336 4065 ille
2384 4017 2457 4066 se
2488 3995 2704 4086 hujus

179 4081 266 4149 rei
312 4081 624 4172 ignarum
675 4106 825 4156 esse
877 4085 1389 4176 respondisset:
1446 4089 1712 4175 Surge,
1767 4085 2036 4172 inquit,
2090 4085 2318 4174 primo
2365 4083 2702 4164 diluculo,

181 4168 367 4255 eique
405 4194 484 4242 ex
529 4174 931 4245 auctoritate
978 4187 1362 4263 martyrum
1395 4173 1737 4274 praecipe,
1778 4194 1863 4241 ne
1892 4172 2057 4242 hinc
2088 4173 2278 4242 abire
2313 4172 2414 4243 vel
2448 4173 2710 4243 alicubi

186 4275 444 4347 pergere
493 4275 934 4350 praesumat,
982 4276 1350 4350 antequam
1400 4261 1732 4349 reliquias
1780 4260 1938 4331 illas
1988 4261 2137 4331 loco
2185 4284 2311 4333 suo
2360 4261 2699 4334 restituat.

185 4346 687 4438 Expergefactus
727 4350 1043 4432 surrexit,
1097 4364 1161 4420 et
1193 4350 1315 4419 ubi
1365 4372 1473 4419 me
1524 4350 1832 4440 primum
1882 4350 2250 4421 convenire
2286 4351 2530 4440 potuit,
2568 4350 2699 4418 hoc

181 4433 353 4517 quod
410 4437 538 4508 sibi
584 4438 804 4509 fuerat
851 4439 1292 4529 imperatum,
1350 4438 1521 4508 mihi
1573 4439 1896 4509 intimare
1942 4438 2231 4509 curavit.
2289 4438 2413 4509 Sed
2476 4459 2701 4525 neque
