3357 4995
247 356 461 432 Juml
506 363 592 429 26
2571 365 2699 429 587

1018 532 1261 634 VITA
1337 532 1421 634 S.
1492 532 2024 635 ANTHELMI

751 772 857 838 EX
903 772 1211 838 PRIMAE
1261 772 1768 839 CARTHUSIAE
1815 772 2282 839 PRAEFECTO

1165 916 1446 964 nrlscom
1495 917 1889 967 nnLLlansls

577 1129 763 1177 Emn
809 1130 852 1176 Α
898 1129 1154 1187 Quonim
1201 1129 1353 1177 mus
1399 1130 1673 1187 AEQUALt
1721 1131 1797 1178 ΕΤ
1842 1131 2169 1178 FAmLIAm
2216 1130 2435 1179 Amco.

291 1236 530 1284 STYLUM
577 1234 854 1284 MUTAvrr
901 1236 1089 1285 LAUR.
1141 1237 1393 1296 SURIUS,
1451 1237 1794 1294 PLERISQUE
1833 1238 2118 1286 REDDITIS
2166 1237 2739 1288 PARAPHRAS'I'ICOS·

846 1435 1046 1489 Anno
1090 1433 1263 1489 obiit
1301 1435 1449 1490 1178
1491 1461 1566 1473 -
1606 1434 1787 1519 Nan*
1811 1435 2192 1492 sabaudus.

336 1619 691 1685 PnoLoeus.
748 1614 940 1705 Apud
988 1614 1299 1685 ethnicos
1363 1614 1748 1703 antiquitus
1795 1636 1986 1685 more
2031 1629 2509 1707 comparatum
2573 1616 2788 1689 fuisse

192 1734 209 1751 ·
254 1703 597 1784 novimus,
633 1714 712 1773 ut
756 1703 1098 1792 majorum
1148 1724 1460 1785 suorum,
1495 1704 1617 1793 qui
1651 1703 1913 1774 fortiter
1942 1716 2009 1774 et
2051 1705 2399 1795 praeclare
2432 1727 2505 1775 se
2531 1708 2788 1797 gessis-

254 1804 427 1872 sent,
482 1791 822 1883 imagines
876 1792 1019 1861 sive
1065 1791 1397 1883 sculptas,
1453 1792 1593 1863 sive
1647 1793 1867 1881 pictas
1937 1805 2359 1875 statuerent,
2412 1806 2489 1863 ut
2543 1817 2783 1866 earum

253 1879 851 1982 contemplatione,
906 1881 1160 1970 posteri
1209 1880 1297 1950 ad
1331 1881 1778 2038 expetendam
1811 1882 2086 1952 virtutis
2132 1894 2199 1952 et
2247 1883 2606 1973 probitatis
2638 1884 2786 1975 glo-

254 1969 453 2051 riam,
491 1990 797 2040 virorum
845 1967 1125 2040 fortium
1165 1990 1408 2061 exemp
1441 1970 1500 2042 is
1545 1969 1921 2052 admoniti,
1976 1970 2450 2042 incitarentur.
2504 1977 2581 2042 At
2633 1994 2789 2043 vero

248 2056 485 2127 fideles
532 2058 746 2128 unius
775 2059 916 2128 veri
966 2059 1080 2128 Dei
1113 2059 1433 2140 cultoreS,
1490 2058 1709 2129 multo
1755 2070 1822 2129 et
1853 2058 2146 2129 solidius
2167 2073 2234 2129 et
2263 2061 2787 2132 convenientius

251 2159 455 2233 atque
483 2145 764 2238 dignius
789 2158 938 2218 tum
987 2146 1542 2218 beatissimorum
1578 2160 1960 2237 martyrum
2006 2148 2497 2219 invictissimos
2535 2172 2789 2241 agones

250 2247 314 2304 et
362 2233 869 2306 illustrissimos
926 2236 1359 2327 triumphos,
1408 2249 1553 2306 tum
1617 2249 2013 2306 sanctorum
2065 2237 2546 2308 confessorum
2589 2260 2788 2329 prae·

251 2321 437 2393 clara
483 2324 859 2394 certamina
897 2336 1152 2394 etcum
1205 2324 1606 2395 saevissimo
1659 2325 1853 2395 hoste
1900 2325 2176 2395 diabolo
2218 2326 2583 2397 conflictus
2629 2326 2789 2397 diu-

253 2424 515 2494 turnOS,
566 2413 1017 2505 egregiasque
1057 2414 1340 2483 virtutes
1385 2425 1449 2483 et
1496 2414 1840 2505 stupenda
1893 2415 2230 2485 miracula
2280 2415 2533 2505 scripto
2595 2437 2786 2485 com-

253 2501 696 2593 prehendere,
749 2514 816 2572 et
858 2503 948 2572 ad
998 2502 1412 2593 posteritatis
1471 2503 1784 2573 notitiam
1846 2504 2307 2574 transmittere
2370 2503 2735 2574 voluerunt
2768 2529 2806 2573 z·

248 2589 429 2677 quod
484 2613 681 2661 nemo
729 2590 999 2661 dubitat
1030 2603 1177 2661 tum
1206 2591 1499 2682 pictura,
1546 2606 1691 2663 tum
1744 2591 2105 2683 sculptura
2151 2592 2355 2683 longe
2391 2615 2541 2663 esse
2591 2615 2789 2685 prae·

250 2680 567 2760 stantius,
611 2701 735 2749 nec
766 2702 933 2750 sane
975 2680 1318 2750 immerito
1378 2680 1449 2749 id
1497 2680 1602 2750 illi
1651 2681 1786 2752 sibi
1833 2680 2226 2752 faciendum
2282 2694 2628 2772 putavere.
2690 2682 2783 2765 Si,

247 2767 430 2838 enim
481 2767 738 2838 ethnici
763 2768 865 2838 illi
894 2769 994 2839 vel
1029 2769 1352 2858 potentia,
1393 2768 1498 2838 vel
1529 2771 1739 2841 rebus
1772 2769 2032 2842 sortiter
2067 2781 2133 2840 et
2170 2769 2258 2839 ad
2291 2770 2561 2841 virtutis
2592 2791 2789 2862 prae-

247 2857 581 2948 scriptum
629 2858 839 2948 gestis
891 2857 1246 2948 insigneS,
1303 2857 1509 2928 laude
1577 2858 1774 2950 digni
1846 2859 2210 2940 videntur,
2295 2859 2512 2929 multo
2560 2860 2789 2949 potius

249 2958 586 3035 martyres
631 2957 697 3016 et
733 2946 1157 3018 confessores
1206 2947 1452 3017 Christi
1499 2947 2114 3029 commemorandi,
2151 2947 2355 3017 laude
2402 2959 2468 3018 et
2515 2947 2785 3039 praedi-

247 3034 514 3104 catione
560 3035 908 3117 efferendi,
947 3035 1300 3123 multoque
1341 3036 1598 3106 honore
1636 3035 1984 3106 afficiendi
2011 3047 2197 3116 sunt,
2224 3036 2433 3123 idque
2480 3037 2549 3106 in
2588 3058 2786 3128 prae-

248 3123 542 3213 potentis
591 3124 731 3205 Dei,
784 3124 905 3211 qui
955 3124 1201 3194 inillis
1229 3137 1296 3195 et
1344 3146 1464 3215 per
1511 3123 1668 3195 illos
1715 3138 2037 3214 operatus
2092 3137 2216 3204 est,
2278 3124 2593 3206 laudem,
2639 3125 2787 3216 glo-

250 3212 424 3281 riam
477 3225 542 3281 et
588 3212 919 3283 honorem
954 3266 969 3279 .
1025 3212 1135 3282 Illi
1186 3215 1371 3283 enim
1448 3213 1677 3284 hostes
1723 3234 1927 3295 suos,
1984 3213 2301 3283 homines
2350 3214 2674 3283 mortales
2720 3227 2786 3283 et

249 3300 599 3371 infirmos:
635 3300 748 3371 isti
778 3312 996 3372 totum
1048 3302 1391 3372 mundum
1439 3316 1504 3371 et
1549 3300 1781 3374 hostes
1838 3301 2221 3372 invisibiles
2252 3356 2267 3384 ,
2333 3302 2552 3372 multa
2600 3303 2669 3372 vi
2724 3316 2790 3373 et

247 3390 545 3460 versutia
591 3390 963 3461 instructos
1011 3392 1344 3473 vicerunt.
1399 3390 1507 3460 Illi
1554 3412 1720 3481 opes
1769 3403 1834 3460 et
1879 3389 2238 3461 facultates
2288 3391 2651 3480 perituras:
2707 3390 2785 3460 hi

247 3477 606 3550 thesauros
651 3478 1123 3550 indeficientes
1150 3493 1217 3549 et
1245 3500 1539 3570 regnum
1588 3480 2090 3570 sempiternum
2121 3478 2598 3550 obtinuerunt.
2641 3484 2791 3563 Qua

246 3589 328 3636 ex
376 3588 448 3636 re
506 3566 708 3637 facile
758 3581 973 3658 potest
1019 3567 1493 3650 animadverti,
1529 3589 1739 3655 quam
1774 3568 1861 3639 sit
1908 3567 2109 3638 nobis
2156 3569 2623 3638 necessarium
2672 3590 2789 3639 eos

243 3656 436 3725 omni
481 3678 622 3744 qua
702 3678 1029 3729 ossumus
1058 3656 1413 3727 devotione
1452 3655 1786 3737 venerari,
1844 3668 1910 3726 et
1971 3657 2294 3747 precibus
2341 3679 2543 3748 agere
2590 3658 2781 3748 apud

246 3742 427 3827 illos,
482 3758 559 3815 ut
586 3766 665 3814 ve
697 3745 799 3815 int
830 3745 1029 3815 nobis
1063 3767 1334 3836 semper
1361 3757 1426 3816 et
1456 3745 1718 3834 ubique
1745 3766 1894 3816 esse
1929 3746 2199 3836 patroni
2235 3758 2302 3816 et
2344 3758 2783 3836 protectores,

250 3845 323 3902 ut
367 3835 572 3904 etiam
622 3855 749 3904 nos
781 3834 853 3903 in
893 3833 1127 3922 aliqua
1156 3835 1306 3935 ejus
1355 3834 1548 3926 regni
1589 3846 1784 3926 parte
1818 3833 2123 3905 adscribi
2166 3855 2574 3906 mereamur.
2611 3840 2787 3906 Lau-

248 3920 494 3993 demus
552 3922 769 4014 igitur
826 3927 1036 3993 Deum
1106 3922 1494 3993 mirabilem
1567 3924 1639 3993 in
1691 3923 1949 3993 sanctis
2013 3923 2160 3994 suis
2189 3978 2205 4005 ,
2269 3923 2468 4012 eique
2532 3925 2790 4016 gratias

249 4030 563 4098 agamus,
603 4010 788 4099 quod
823 4011 1076 4082 nostris
1101 4012 1530 4102 temporibus
1570 4017 1641 4081 B.
1672 4011 2116 4082 Anthelmum
2150 4011 2599 4085 Bellicensem
2633 4013 2789 4104 Epi-

250 4117 536 4188 scopum
586 4112 986 4171 sanctorum
1036 4121 1321 4171 suorum
1356 4100 1621 4171 meritis
1653 4114 2027 4189 aequatum
2077 4123 2234 4192 pers
2287 4101 2441 4173 icue
2473 4101 2785 4173 declara-

250 4185 366 4264 vit,
420 4185 787 4259 luculentis
827 4189 883 4259 si
942 4190 1048 4258 nis
1102 4189 1500 4276 crebrisque
1546 4189 1909 4261 miraculis
1979 4189 2177 4262 illum
2276 4212 2455 4282 onge
2515 4191 2786 4279 lateque

249 4273 773 4348 celeberrimum
824 4300 861 4348 e
913 4278 1151 4348 1ciens.
1209 4282 1298 4347 De
1325 4279 1529 4368 cujus
1567 4278 1706 4349 vita
1737 4292 1802 4349 et
1835 4290 2073 4350 sancta
2119 4279 2661 4360 conversatione,
2703 4299 2788 4349 ne

249 4362 705 4463 negligentiae
738 4389 1142 4458 arguamur,
1187 4389 1313 4458 ego
1347 4366 1504 4437 licet
1537 4379 1764 4438 tantae
1815 4367 1914 4437 rei
1962 4367 2213 4459 impar,
2267 4389 2502 4438 amore
2554 4380 2784 4437 tamen

252 4451 464 4534 illius,
516 4464 583 4523 et
621 4466 697 4524 ut
750 4456 901 4547 ejus
953 4456 1125 4526 mihi
1176 4455 1636 4548 patrocinium
1688 4455 2085 4537 conciliem,
2140 4455 2451 4547 impolito
2502 4455 2781 4543 quidem
