3357 4995
672 314 801 378 546
1291 331 1369 377 nx
1418 330 1472 377 s.
1526 329 1837 379 rannomx
1889 330 2057 377 vinc.
2110 330 2186 377 nr
2234 329 2422 376 naar.
2772 312 2986 376 JUNII
3038 313 3128 376 25

581 416 924 507 proficie5‚
981 436 1202 501 neque
1237 415 1447 486 minis
1497 437 1606 484 me
1655 414 2238 505 perterrefacies.»
2287 413 2751 484 Audivithaec
2783 413 3030 495 Judex,
3060 427 3133 483 et

583 525 999 595 magnopere
1049 503 1491 594 indignatus,
1535 504 1750 594 jussit
1807 504 2058 573 milites
2098 503 2290 574 illius
2340 514 2555 574 vestes
2594 502 3009 582 discindere,
3061 515 3134 572 et

583 594 806 663 lacero
852 593 1151 680 quodam
1207 614 1435 682 panno
1474 614 1624 662 eam
1661 593 1872 684 cingi,
1909 605 1983 662 ut
2029 591 2355 662 omnibus
2395 590 2890 682 spectantibus,
2931 592 2948 659 i
3006 613 3132 660 no·-

581 682 799 752 minia
846 694 913 751 et
978 680 1407 771 turpitudine
1476 680 2058 763 confunderetur,
2112 694 2324 768 utque
2380 681 2680 771 seipsam
2749 679 2952 749 admo
3004 703 3129 749 um

580 782 854 862 turpem
903 769 1150 840 factam
1206 770 1482 850 videret,
1535 783 1601 839 et
1634 771 1954 841 miseram
1981 770 2350 861 judicaret,
2394 775 2577 856 quod
2610 792 2651 838 a
2699 790 2948 860 magna
2983 769 3133 869 glo-

581 861 682 930 ria
729 859 1116 938 excidisset,
1170 871 1236 927 et
1292 859 1379 928 ad
1437 871 1809 930 extremam
1861 859 2316 950 ignominiam
2404 858 2810 929 devenisset.
2884 857 3133 927 Milites

578 949 793 1049 igitur
825 969 1033 1036 quam
1086 947 1391 1037 primum
1442 948 1590 1036 ejus
1641 962 1857 1018 vestes
1905 947 2375 1028 disciderunt,
2428 960 2494 1016 et
2541 946 2658 1014 vili
2708 946 2922 1016 fascia
2972 968 3130 1015 eam

580 1048 904 1118 cinctam,
961 1037 1029 1104 in
1072 1039 1385 1106 omnium
1436 1059 1603 1106 cons
1656 1050 1812 1107 ectu
1837 1036 2102 1124 reliquo
2148 1058 2435 1126 corpore
2466 1035 2725 1105 nudam
2760 1035 3135 1105 constitue-

582 1138 769 1196 runt.
804 1131 972 1194 Tum
1028 1125 1350 1195 Selenus:
1407 1126 1583 1207 «Qui
1638 1148 1799 1195 nam
1843 1126 1992 1226 agis
2041 1125 2424 1195 Febronia?
2465 1124 2753 1195 Videsne
2782 1123 3134 1211 aquantis

578 1215 780 1284 bonis
829 1213 1200 1294 excideris,
1254 1226 1319 1283 et
1369 1213 1646 1300 qualem
1680 1215 2026 1284 miseriam
2081 1215 2318 1285 sortita
2368 1214 2517 1284 sis‘?
2554 1213 2839 1284 —Audi
2870 1213 3125 1292 ludex,

583 1304 811 1390 inquit
860 1302 1235 1371 Febronia:
1290 1303 1471 1372 Licet
1531 1303 1859 1373 omnibus
1910 1303 2158 1393 pannis
2213 1325 2319 1372 me
2367 1314 2683 1384 exutam,
2728 1316 2794 1371 et
2842 1301 3130 1371 omnino

584 1392 844 1462 nudam
886 1391 1231 1471 exhibeaS‚
1286 1413 1411 1480 ego
1466 1391 1870 1481 hujusmodi
1930 1392 2427 1481 turpitudinem
2480 1412 2604 1482 pro
2653 1390 2873 1460 nihilo
2921 1390 3122 1459 facio.

586 1486 776 1550 Unus
835 1480 1020 1548 enim
1072 1485 1342 1549 Creator
1371 1493 1472 1549 est
1525 1481 1736 1551 maris
1782 1494 1847 1550 et
1894 1479 2231 1550 foeminae
2281 1486 2479 1551 Deus.
2535 1485 2770 1567 Itaque
2813 1501 2946 1547 non
2996 1480 3131 1547 hoc

579 1569 804 1639 solum
836 1590 1054 1656 aequo
1094 1569 1326 1638 animo
1360 1569 1604 1670 patior,
1644 1581 1721 1639 ut
1752 1568 2054 1640 vestibus
2092 1591 2325 1650 exuar,
2359 1568 2478 1640 sed
2507 1590 2669 1638 ense
2698 1568 3126 1658 obtruncari,

580 1671 645 1727 ct
693 1657 852 1747 igne
902 1657 1177 1726 incendi
1227 1680 1454 1747 cupio.
1512 1663 1724 1745 Atque
1773 1659 2038 1729 utinam
2081 1657 2294 1749 digna
2342 1659 2472 1727 sim
2527 1657 2667 1747 pati
2719 1679 2843 1747 pro
2889 1679 2965 1724 eo
3008 1657 3132 1744 qui

581 1768 705 1837 pro
740 1767 847 1814 me
897 1759 991 1814 tot
1037 1759 1102 1815 et
1142 1759 1327 1817 tanta
1379 1769 1626 1837 passus
1673 1759 1846 1816 est.»

669 1837 706 1920 ξ
758 1837 919 1906 ⁰2².
972 1840 1142 1903 Tum
1174 1834 1479 1904 Selenus:
1538 1859 1574 1901 «
1605 1836 2215 1926 Impudentissima
2263 1834 2585 1916 foemina,
2630 1848 2693 1903 et
2742 1834 3129 1924 ignominia

578 1923 770 1992 omni
808 1923 1042 2014 digna,
1111 1925 1250 1992 scio
1307 1938 1367 1993 te
1408 1924 1814 2014 gloriantem
1877 1924 1961 1994 de
2005 1922 2521 2016 pulchritudine
2571 1935 2711 2003 tua,
2767 1936 3128 2013 propterea

580 2033 717 2081 non
767 2013 1154 2081 existimare
1197 2013 1469 2083 tibihoc
1513 2012 1927 2103 turpitudini
1960 2035 2132 2093 esse,
2165 2013 2279 2081 sed
2327 2012 2517 2083 laudi
2559 2013 2789 2102 potius
2823 2012 2948 2081 tibi
2976 2033 3128 2081 esse

579 2111 804 2190 putas,
857 2101 1039 2188 quod
1078 2102 1175 2171 sic
1209 2101 1392 2170 nuda
1441 2103 1784 2172 consistis.
1837 2142 1925 2151 —
1953 2103 2115 2183 Scit,
2162 2103 2387 2190 inquit
2430 2101 2782 2182 Febronia‚
2817 2100 3125 2171 Christus

579 2212 776 2259 meus
807 2245 821 2270 ,
876 2189 959 2258 ad
1014 2190 1416 2259 hodiernam
1481 2190 1662 2260 diem
1715 2191 1842 2259 viri
1889 2191 2185 2281 alicujus
2243 2202 2599 2281 aspectum
2649 2212 2689 2258 a
2738 2211 2847 2258 me
2897 2191 3120 2258 visum

577 2299 713 2346 non
766 2277 1001 2358 fuisse,
1056 2292 1119 2348 et
1166 2291 1244 2347 ut
1295 2279 1371 2360 ,in
1440 2302 1691 2350 manus
1757 2292 1911 2349 tuas
1975 2280 2352 2348 inciderem
2392 2335 2406 2359 ,
2484 2278 2855 2369 impudens
2905 2276 3122 2346 videri

578 2366 872 2436 vellem?
919 2373 1050 2457 Age
1091 2368 1293 2436 stulte
1332 2380 1397 2437 et
1429 2368 1670 2439 stolide
1716 2368 1954 2449 ludex,
2022 2368 2224 2438 velim
2289 2368 2519 2438 dicas:
2575 2368 2744 2450 Quis
2809 2388 3118 2453 unquam

573 2478 653 2525 ex
708 2455 1120 2526 athletarum
1181 2479 1469 2528 numero
1518 2457 2000 2549 Olympiacum
2050 2471 2392 2528 certamen
2446 2470 2766 2539 certanS,
2835 2455 3121 2526 indutus

574 2558 756 2615 veste
790 2546 860 2613 in
913 2546 1249 2636 palaestra
1302 2569 1463 2616 cum
1516 2547 1907 2616 adversario
1937 2547 2430 2637 congreditur?
2475 2553 2570 2616 An
2607 2569 2741 2616 non
2775 2558 3119 2615 certamen

575 2635 806 2723 ipsum
881 2635 1110 2703 nudus
1157 2649 1458 2715 exercet,
1529 2635 1746 2705 donec
1813 2635 2280 2707 adversarium
2349 2635 2674 2726 superet?
2727 2640 2865 2724 Ego
2916 2634 3126 2724 igitur

579 2736 1073 2792 tormentorum
1111 2736 1174 2792 et
1206 2724 1386 2813 ignis
1423 2724 1649 2794 minas
1680 2736 2069 2814 expectans,
2103 2726 2224 2812 qui
2276 2738 2505 2814 potero
2538 2722 2845 2795 vestibus
2879 2722 3122 2792 induta

572 2833 730 2880 cum
776 2812 882 2880 his
934 2812 1137 2882 rebus
1184 2812 1563 2902 congredi?
1609 2817 1704 2882 An
1769 2835 1904 2882 non
1955 2834 2208 2903 corpus
2263 2814 2493 2904 ipsum
2562 2813 2831 2883 nudum
2885 2812 3124 2902 plagas

570 2900 884 2990 excipiet,
922 2899 1145 2986 quoad
1198 2922 1587 2991 expugnem
1631 2913 1887 2991 patrem
1929 2915 2127 2972 tuum
2179 2914 2515 2981 satanam,
2568 2901 2920 2971 cruciatus
2970 2913 3126 2970 tuos

574 2993 1090 3057 contemnens‘b
1132 3028 1212 3039 —-
1236 2990 1599 3071 Quoniam,
1637 2991 1865 3078 inquit
1887 2991 2193 3072 SelenuS‚
2227 2991 2478 3061 mulier
2503 2991 2634 3060 ista
2662 3011 3043 3080 poenarum
3060 3001 3126 3058 et

572 3078 1009 3146 cruciatuum
1059 3078 1510 3159 conciliatrix,
1566 3079 1896 3150 adversus
1947 3080 2129 3170 ignis
2179 3082 2406 3149 minas
2431 3079 2766 3149 audacem
2807 3099 2880 3148 se
2930 3100 3125 3168 prae-

575 3166 710 3245 bet,
782 3188 901 3255 per
948 3180 1245 3252 quatuor
1290 3169 1599 3258 corporis
1634 3181 1861 3258 partes
1908 3168 2100 3238 illam
2156 3169 2518 3247 extendite,
2552 3181 2619 3237 et
2668 3168 2846 3237 infra
2897 3168 3120 3256 ipsam

572 3256 803 3345 ignem
857 3277 1224 3324 accensum
1276 3278 1360 3325 su
1416 3257 1667 3346 ponite,
1703 3256 2048 3344 simulque
2096 3272 2396 3344 quatuor
2435 3256 2689 3327 milites
2719 3257 2931 3345 virgis
2967 3256 3125 3343 ejus

569 3356 667 3412 ter
717 3344 1133 3413 averberent
1179 3366 1257 3413 ac
1284 3343 1351 3413 di
1384 3345 1689 3415 anient.»
1740 3346 1815 3414 Id
1864 3368 2025 3415 cum
2066 3345 2278 3420 fieret.
2322 3359 2388 3415 et
2434 3346 2697 3416 diutius
2750 3346 2943 3435 virgo
2994 3343 3119 3414 illa

568 3455 684 3502 ver
734 3446 1063 3505 eraretur.
1111 3433 1431 3523 copiosus
1491 3436 1778 3525 sanguis
1810 3457 1891 3504 ex
1938 3448 2230 3522 utraque
2280 3435 2553 3505 humeri
2617 3446 2808 3524 parte
2857 3435 2930 3503 in
2979 3446 3119 3503 ter-

568 3543 717 3589 ram
766 3520 1157 3591 defluebat:
1211 3523 1393 3611 ignis
1440 3545 1595 3594 vero
1652 3522 1833 3594 infra
1877 3524 2028 3613 ejus
2089 3545 2347 3614 corpus
2397 3546 2728 3593 accensus
2761 3579 2776 3605 ,
2854 3525 3118 3592 viscera

567 3609 769 3679 etiam
806 3610 957 3700 ipsa
1004 3610 1484 3681 comburebat:
1546 3612 1631 3681 ad
1683 3613 1850 3683 haec
1897 3612 2047 3683 oleo
2091 3614 2313 3703 magis
2368 3613 2721 3694 excitatus,
2776 3634 2855 3682 ac
2906 3612 3116 3681 vehe-

571 3699 969 3767 mentiorem
1040 3700 1390 3770 flammam
1439 3702 1752 3791 erigens,
1821 3700 2222 3771 Febroniam
2291 3702 2577 3771 omnino
2629 3702 3113 3772 consumebat.

568 3792 737 3857 Cum
787 3809 941 3857 vero
991 3810 1110 3879 per
1158 3787 1409 3860 multas
1459 3790 1661 3861 horas
1700 3792 1888 3879 virgo
1935 3791 2087 3881 ipsa
2134 3789 2606 3861 verberaretur
2644 3805 2710 3860 et
2745 3790 3117 3862 combure-

568 3886 779 3956 retur,
839 3889 972 3945 tota
1014 3877 1381 3946 multitudo
1429 3877 1547 3948 illa
1598 3900 1722 3970 pro
1780 3880 2112 3950 Febronia
2163 3879 2459 3950 summis
2514 3880 2946 3950 clamoribus
2992 3879 3117 3949 Ju-

567 3964 706 4032 dici
759 3965 1217 4055 supplicabat,
1254 3964 1364 4034 his
1413 3979 1611 4037 utens
1661 3967 1982 4037 vocibus:
2021 3975 2251 4049 Parce,
2292 3969 2590 4060 benigne
2620 3968 2867 4049 Judex,
2914 3989 3121 4058 parce

565 4052 818 4143 virgini
863 4067 928 4123 et
952 4053 1389 4124 adolescenti.
1435 4059 1786 4127 Caeterum
1821 4056 1934 4127 ille
1961 4056 2422 4130 nihilominus
2453 4058 2538 4127 ob
2574 4057 2645 4126 id
2676 4057 3109 4136 desaeviens,

569 4142 1040 4214 vehementius
1087 4143 1278 4213 illam
1330 4146 1594 4234 percuti
1628 4167 1708 4216 ac
1757 4147 1999 4216 torreri
2042 4147 2415 4227 mandavit,
2459 4146 2686 4234 quoad
2739 4146 2910 4216 vidit
2966 4147 3118 4236 ejus

569 4253 812 4303 carnes
861 4233 930 4301 in
984 4245 1233 4303 terram
1283 4233 1605 4304 defluere.
1670 4239 1861 4305 Tunc
1899 4236 2109 4326 jussit
2172 4235 2534 4305 carnifices
2588 4234 2954 4306 desistere:
2998 4235 3120 4322 qui

570 4321 1040 4392 existimantes
1086 4344 1235 4392 eam
1273 4335 1614 4393 mortuam
1664 4345 1838 4403 esse,
1884 4336 2072 4394 extra
2121 4346 2367 4416 rogum
2398 4324 2821 4416 dejecerunt.

656 4412 694 4497 ξ
744 4416 902 4484 ²8.
957 4418 1034 4481 At
1061 4410 1384 4483 Thomais
1430 4433 1591 4484 cum
1619 4412 1903 4484 vidisset
1939 4414 2287 4484 cruciatus
2318 4413 2476 4485 illos
2510 4426 2647 4484 tam
2680 4412 3114 4484 vehementes
