3357 4995
246 334 466 403 JUNII
511 336 598 401 26
962 354 1041 400 nn
1088 353 1142 403 s.
1194 350 1529 402 ANTnnLuo
1577 352 1812 402 canuc.
1865 352 2062 402 ssrlsc.
2558 339 2675 403 60⁴

250 439 636 510 testimonia
674 438 1037 530 proferret:
1091 443 1190 509 Ita
1218 461 1326 520 ne,
1380 439 1806 526 inquiebant,
1860 439 2056 510 rudis
2107 440 2309 530 plane
2345 453 2413 511 et
2457 442 2783 514 indoctus

247 540 348 597 est
404 528 550 609 iste,
603 538 681 597 ut
743 528 890 618 ipse
937 528 1136 598 nobis
1201 528 1610 618 persuadere
1657 528 1927 599 voluit?
1974 532 2143 599 Cum
2191 542 2420 599 autem
2470 529 2787 603 solicitus

248 615 319 685 in
350 638 502 685 eam
563 638 801 686 curam
862 617 1311 697 incumberet,
1365 628 1443 686 ut
1488 615 1886 687 discedendi
1934 617 1956 687 i
2010 617 2069 687 si
2116 617 2408 689 facultas
2456 618 2736 689 daretur
2766 675 2781 702 ,

248 703 551 774 Pontifex
598 704 926 795 congruis
973 704 1392 791 quibusdam
1449 706 1887 777 munusculis
1999 719 2321 792 onatum,
2395 731 2436 777 a
2493 730 2565 778 se
2622 731 2783 778 cum

247 793 725 864 benedictione
754 793 1037 862 dimisit.
1078 798 1422 864 Hactenus
1471 794 1829 864 nonnullis
1859 793 1944 864 de
1990 796 2127 866 vita
2152 808 2218 865 et
2266 796 2578 867 moribus
2603 797 2785 867 beati

246 882 374 951 viri
416 895 576 952 ante
625 882 1101 973 pontificatum
1145 885 1725 964 commemoratis,
1779 905 1967 953 nunc
2002 884 2087 953 ad
2135 906 2238 965 ea,
2290 906 2467 972 quac
2509 885 2784 976 Episco-

252 994 383 1061 pus
415 973 648 1059 gessit,
703 971 994 1041 breviter
1040 970 1467 1062 exponenda,
1512 976 1643 1042 Deo
1676 971 1965 1052 favente,
2004 973 2436 1044 accedemus.

335 1062 372 1147 ξ
422 1065 584 1132 ²6.
638 1065 780 1129 Non
833 1060 1072 1129 habuit
1118 1082 1282 1130 sane
1323 1060 1391 1128 in
1441 1060 1560 1130 illo
1608 1061 1864 1142 locum,
1918 1061 2100 1150 quod
2138 1062 2343 1153 vulgo
2391 1062 2530 1132 dici
2584 1063 2776 1142 solet,

251 1152 557 1218 Honores
608 1160 873 1217 mutare
920 1169 1167 1219 mores.
1223 1148 1409 1218 Idem
1445 1150 1633 1217 enim
1685 1152 2083 1239 permansit,
2135 1151 2256 1239 qui
2313 1164 2514 1221 antea
2561 1151 2782 1222 fuerat

250 1238 424 1307 vitae
445 1238 795 1327 gravitate,
844 1236 1171 1306 virtutum
1203 1239 1610 1318 constantia,
1653 1240 2110 1328 perseveranti
2138 1239 2492 1329 religionis
2528 1241 2781 1310 studio:

250 1327 333 1396 ad
373 1348 629 1426 preces,
686 1326 743 1393 vi
803 1325 975 1405 ilias,
995 1326 1262 1416 jejunia
1290 1339 1354 1394 et
1400 1340 1702 1396 caeteras
1741 1329 2050 1417 corporis
2093 1328 2496 1399 afflictiones
2537 1329 2788 1420 adjecit

252 1427 483 1506 potius
531 1414 744 1500 aliqui
819 1470 832 1494 ,
885 1436 1091 1501 quam
1133 1414 1443 1484 detraxit.
1500 1416 1816 1485 Divinum
1862 1416 2169 1486 osticium
2222 1439 2355 1486 non
2407 1418 2479 1487 in
2536 1418 2787 1488 sacello

251 1526 400 1589 suc,
438 1503 553 1572 sed
606 1503 887 1593 dignius
935 1516 999 1572 et
1048 1504 1290 1660 maiori
1337 1524 1493 1585 cum
1546 1503 1815 1584 decoro,
1847 1505 1915 1572 in
1953 1527 2231 1576 summa
2261 1506 2427 1576 aede
2475 1528 2634 1576 cum
2666 1512 2786 1576 Ca-

251 1593 518 1662 nonicis
560 1591 913 1662 humiliter
961 1613 1157 1682 perso
1191 1593 1303 1661 vit.
1358 1593 1670 1674 Quotidie
1720 1591 1880 1671 sere,
1940 1594 2125 1681 quod
2176 1606 2376 1665 antea
2425 1617 2582 1664 raro
2630 1617 2787 1686 per-

251 1680 672 1761 mittebatur,
704 1680 1072 1750 salutarem
1116 1686 1245 1750 Deo
1276 1680 1569 1750 hostiam
1601 1681 1927 1751 offerebat
1954 1705 2117 1752 cum
2152 1684 2370 1754 multa
2402 1683 2779 1765 devotione,

249 1783 315 1840 et
340 1770 538 1859 copia
571 1769 1060 1858 lacrymarum.
1109 1770 1334 1839 Sacris
1363 1771 1688 1850 initiatos,
1724 1771 2023 1841 maxime
2060 1772 2470 1853 sacerdoteS,
2505 1795 2782 1843 summo

251 1860 513 1929 honore
559 1858 804 1949 dignos
852 1857 1240 1927 affirmabat
1272 1880 1395 1948 pro
1444 1859 1812 1937 concione,
1859 1860 2207 1948 jussitque
2257 1862 2402 1932 suis
2450 1861 2784 1931 auditori-

247 1948 405 2028 buS,
459 1958 533 2016 ut
583 1945 800 2016 multa
846 1969 961 2016 eos
1011 1947 1384 2016 reverentia
1426 1960 2027 2037 prosequerentur,
2080 1948 2237 2019 illos
2285 1971 2488 2040 porro
2544 1951 2786 2020 admo-

257 2037 431 2114 nuit,
488 2047 563 2104 ut
610 2035 759 2105 sine
805 2035 1120 2105 criminis
1170 2049 1324 2104 nota
1380 2037 1642 2127 seipsos
1704 2037 2005 2127 integros
2051 2050 2117 2107 et
2188 2039 2578 2128 inculpatos
2652 2044 2785 2109 Deo

254 2125 610 2194 ministros
654 2123 1073 2194 exhiberent.
1131 2124 1255 2192 Sed
1293 2124 1616 2195 audiebat
1661 2124 1746 2193 de
1787 2125 1949 2205 illis,
1990 2147 2166 2212 quae
2200 2127 2432 2196 animo
2465 2128 2615 2217 ejus
2643 2149 2779 2197 nou

254 2223 535 2302 possent
569 2233 702 2281 non
752 2235 901 2284 esse
950 2213 1255 2282 molesta.
1314 2218 1518 2282 Erant
1565 2213 1752 2282 enim
1804 2213 2122 2284 nonnulli
2173 2215 2243 2283 in
2277 2215 2399 2295 εἰς,
2432 2217 2553 2302 qui
2599 2215 2807 2303 quod,

254 2302 403 2371 sine
455 2300 715 2391 pudore
754 2301 891 2371 dici
943 2322 1076 2370 non
1116 2312 1364 2391 potest,
1421 2302 1694 2458 publice
1746 2325 1908 2373 suas
1957 2301 2258 2373 foverent
2304 2304 2779 2375 concubinas:

251 2389 536 2476 quidam
585 2390 815 2470 etiam,
872 2390 1050 2476 quod
1104 2391 1409 2459 execrabi
1450 2391 1555 2460 ius
1585 2404 1709 2470 est,
1748 2392 1868 2478 qui
1902 2413 1974 2461 se
2017 2390 2414 2462 foedissima
2462 2391 2785 2463 adulterii

252 2477 540 2548 infamia
615 2479 1182 2548 contaminarent.
1251 2484 1474 2561 Quare
1529 2502 1712 2549 anno
1835 2481 2009 2550 rimo
2079 2481 2444 2551 ministerii
2520 2482 2628 2552 sui
2697 2481 2780 2551 ad

253 2567 594 2657 synodum
636 2569 1023 2637 convocatis
1085 2568 1543 2656 presbyteriS‚
1611 2582 1675 2637 et
1742 2569 1785 2637 b
1817 2569 2100 2639 anditiis
2147 2581 2211 2638 et
2261 2571 2470 2639 minis
2513 2593 2629 2641 eos
2676 2572 2787 2640 sui

248 2656 450 2726 officii
478 2655 849 2725 admonere
873 2655 1127 2734 volens,
1157 2658 1247 2724 ita
1269 2656 1542 2726 locutus
1578 2670 1701 2727 est:
1742 2660 1949 2739 «Quis
1982 2659 2222 2738 honor,
2270 2680 2448 2745 quae
2482 2659 2786 2749 dignitas

261 2746 353 2815 sit
384 2743 766 2824 sacerdotii,
800 2745 1145 2814 advertere
1194 2745 1456 2815 debetis
1504 2744 1747 2814 fratres
1791 2759 1856 2816 et
1875 2748 2390 2838 conpresbyteri
2429 2749 2586 2816 mei.
2619 2753 2779 2827 vos,

254 2846 530 2904 auctore
578 2832 973 2904 beatissimo
1024 2838 1213 2904 Petro
1262 2834 1600 2924 Apost010‚
1638 2857 1858 2924 genus
1904 2835 2221 2916 electum,
2279 2835 2503 2926 regale
2554 2859 2780 2906 sacer-

251 2922 561 2992 dotium:
614 2943 731 2991 vos
771 2922 948 2991 inter
998 2927 1206 2991 Deum
1256 2935 1320 2990 et
1369 2922 1685 2992 homines
1743 2923 2151 2994 mediatores
2198 2926 2384 2994 estis.
2454 2924 2783 2995 Sacerdos

251 3012 432 3080 enim
487 3009 784 3100 Angelus
847 3011 1112 3079 Domini
1170 3011 1592 3081 exercituum
1653 3024 1774 3081 est.
1834 3017 1963 3081 Vos
2033 3014 2213 3083 sicut
2285 3014 2660 3084 luminaria
2709 3014 2778 3082 in

255 3099 517 3169 mundo
569 3097 795 3167 lucere
855 3098 1140 3179 debetiS,
1204 3112 1270 3168 et
1315 3099 1485 3168 alios
1533 3100 1814 3189 optimis
1859 3101 2191 3192 exemplis
2252 3103 2519 3191 potius,
2572 3124 2782 3189 quam

261 3189 483 3258 verbis
532 3185 719 3268 soliS,
771 3186 1037 3257 docere.
1091 3192 1420 3269 Quantae,
1469 3211 1609 3269 oro,
1663 3188 2020 3279 dignitatis
2057 3203 2181 3271 est,
2226 3195 2606 3261 Creatorem
2641 3213 2785 3260 om-

257 3276 478 3357 nium,
532 3280 744 3344 Deum
781 3276 1158 3346 immensae
1207 3278 1579 3366 majestatis
1612 3291 2032 3348 contrectare
2081 3280 2443 3362 manibuS,
2503 3301 2784 3370 panem-

251 3387 387 3452 que
432 3363 630 3433 illum
674 3365 928 3444 vivum,
969 3366 1089 3452 qui
1130 3364 1214 3433 de
1259 3365 1447 3434 coelo
1479 3365 1855 3447 descendit,
1910 3389 1947 3435 e
1998 3389 2234 3437 mensa
2286 3368 2554 3437 Domini
2604 3369 2786 3438 acci-

254 3457 458 3544 pere?
493 3457 666 3522 Sane
711 3453 1030 3540 quisquis
1064 3454 1192 3522 hoc
1242 3475 1376 3523 non
1430 3454 1693 3525 mundo
1731 3476 2014 3545 corpore
2063 3469 2129 3525 et
2162 3478 2337 3546 pura
2387 3469 2614 3526 mente
2665 3479 2786 3547 per

254 3543 699 3612 temeritatem
750 3540 969 3610 facere
1020 3563 1153 3610 non
1204 3541 1496 3623 dubitat,
1535 3543 1617 3622 is,
1674 3543 1989 3633 Apostolo
2040 3556 2226 3625 teste,
2267 3546 2608 3635 judicium
2661 3547 2793 3614 sibi

250 3632 638 3711 manducat,
686 3654 814 3699 non
855 3631 1238 3720 djz'udicans
1297 3654 1532 3721 corpus
1608 3635 1893 3701 Domini.
1953 3637 2030 3702 Et
2078 3645 2240 3702 sunt
2304 3647 2529 3702 tamen
2581 3633 2783 3703 etiam

255 3720 326 3788 in
402 3719 633 3800 vobiS,
704 3719 825 3806 qui
872 3718 940 3787 id
991 3719 1278 3788 minime
1333 3719 1734 3789 attendant:
1809 3743 1944 3789 non
2004 3720 2188 3808 quod
2250 3722 2592 3811 ignorent,
2668 3721 2787 3790 sed

253 3807 437 3895 quod
488 3830 572 3878 ne
626 3807 839 3898 ligant
884 3819 950 3877 et
982 3806 1502 3898 parvipendant.
1543 3812 1709 3878 Nam
1758 3809 1945 3895 quod
1985 3809 2450 3880 abominabile
2477 3823 2542 3879 et
2590 3810 2786 3879 valde

253 3897 563 3967 execrabi
594 3919 632 3966 e
676 3908 800 3977 est,
851 3897 1141 3986 turpiter
1169 3917 1317 3965 sese
1365 3896 1789 3987 abjicientes,
1818 3911 1884 3966 et
1922 3920 1964 3966 a
1991 3898 2158 3967 tanti
2195 3897 2474 3968 honoris
2508 3898 2782 3990 fastigio

255 3983 327 4051 in
377 3985 611 4055 sordes
638 3997 703 4056 et
746 4006 1038 4055 coenum
1089 4004 1234 4056 sese
1276 3985 1826 4075 praecipitantes,
1864 4000 2099 4056 sancta
2151 3987 2455 4076 polluere
2505 4009 2638 4057 non
2671 4009 2785 4056 ve-

256 4085 512 4154 rentur,
567 4073 991 4164 turpitudine
1039 4094 1165 4143 sua
1196 4073 1385 4142 omni
1440 4074 1688 4145 otentis
1716 4075 1830 4143 Dei
1878 4074 1949 4143 in
1986 4097 2057 4146 se
2106 4074 2279 4145 iram
2331 4077 2780 4146 concitanteS.

255 4165 351 4228 An
393 4182 548 4232 vero
594 4184 840 4252 parum
889 4162 1081 4232 vobis
1122 4172 1224 4230 est
1279 4166 1388 4246 (vo
1441 4162 1500 4233 is
1548 4161 1827 4249 loquor,
1880 4164 2002 4250 qui
2059 4163 2270 4253 hujus
2330 4164 2653 4236 facinoris
2687 4164 2784 4234 rei

256 4249 449 4337 estis)
492 4250 675 4336 quod
723 4249 1312 4338 quemadmodum
1363 4272 1482 4340 per
1543 4250 1961 4321 Ezechielem
2009 4251 2177 4322 dicit
2226 4254 2558 4324 Dominus
2594 4307 2609 4334 ,
2668 4275 2786 4343 pa—

254 4348 519 4407 scentes
547 4340 1020 4429 vosmetipSOS,
1075 4359 1209 4408 non
1262 4337 1465 4409 modo
1511 4361 1692 4420 oves,
1724 4340 1911 4497 guod
1961 4362 2078 4410 vos
2124 4339 2345 4411 facere
2401 4341 2777 4432 oportebat,

258 4446 394 4496 non
446 4427 747 4516 pascitis,
799 4427 1112 4498 infirmos
1172 4427 1671 4511 confirmando,
1773 4428 1985 4500 ebiles
2035 4428 2454 4510 roborand0‚
2527 4428 2781 4500 fractos
