3357 4995
674 319 802 385 386
1291 337 1367 382 nn
1418 339 1470 383 s.
1526 337 1815 386 BENNONE
1864 338 2157 387 msnsnffl
2206 337 2408 385 muse.
2781 318 3002 383 JUNII
3053 320 3134 382 46

586 422 703 494 sed
754 420 1080 491 adfinem
1130 441 1352 507 usque
1401 421 1704 511 legitime
1752 421 2079 492 certando
2129 421 2468 511 perduxit.
2530 420 2718 490 Unde
2767 419 2960 489 addit
2988 420 3135 490 Pla-

585 514 727 583 tina
775 511 846 578 in
886 511 1072 579 calce
1105 531 1336 578 rerum
1371 511 1458 579 ab
1487 532 1567 580 eo
1596 525 1971 600 gestarum,
2009 510 2192 598 quod
2229 509 2511 579 demum
2567 511 2635 578 in
2670 508 2952 578 Salerno
2987 532 3133 579 mo-

584 603 783 678 ritur,
838 599 940 666 vir
976 609 1155 668 certe
1205 603 1335 668 Deo
1383 612 1642 689 gratus,
1681 599 2007 689 prudens,
2037 601 2294 688 justus,
2330 599 2658 674 clemens,
2704 620 3128 689 pauperum,

584 687 1013 781 pupillorum
1047 699 1112 756 et
1154 686 1517 757 viduarum
1565 700 1935 778 patronus:
1991 703 2194 775 atque
2234 688 2489 756 unicus
2517 686 2857 756 Ecclesiae
2885 692 3134 757 Roma-

584 799 713 847 nae
759 789 822 846 et
852 777 1237 846 acerrimus
1270 776 1609 852 defensor,
1649 788 1887 846 contra
1923 778 2418 846 haereticorum
2462 776 3000 866 improbitatem,
3067 790 3133 846 et

585 867 928 936 malorum
960 866 1356 955 principum
1383 867 1779 955 potentiam,
1821 888 1927 935 res
1958 866 2459 936 ecclesiasticas
2484 886 2602 954 per
2629 865 2762 934 vim
2792 887 3132 955 occupare

489 995 499 1006 ·
582 956 981 1027 conantium
1011 954 1067 1021 *.

671 1049 708 1134 ξ
759 1050 902 1117 ²1.
960 1044 1079 1111 His
1129 1043 1337 1131 igitur
1387 1054 1776 1133 temporum
1850 1043 2238 1121 ardoribus,
2293 1066 2450 1112 cum
2522 1043 2822 1112 Pontifex
2889 1064 3131 1122 omues

587 1149 725 1204 tam
765 1132 1291 1210 ecclesiasticos,
1342 1152 1550 1217 quam
1600 1131 1946 1202 seculares
1999 1133 2368 1223 principes,
2422 1132 2680 1219 quibus
2728 1154 2889 1200 cum
2949 1137 3128 1220 Rege

586 1222 1081 1293 commercium
1122 1233 1265 1289 erat
1312 1219 1561 1300 ullum,
1600 1220 1976 1291 dirissimis
2005 1221 2344 1291 Ecclesiae
2374 1220 2668 1289 vinculis
2705 1220 3124 1308 colligasset,

585 1324 959 1397 contraque
1016 1315 1392 1399 Imperator
1443 1312 1621 1395 aqua
1660 1324 1725 1379 et
1783 1311 1927 1398 igni
1978 1310 2411 1379 interdiceret
2472 1311 2553 1378 iis
2607 1311 2726 1395 qui
2778 1305 3128 1378 Pontificis

586 1401 769 1469 dicto
815 1401 1172 1489 parerent:
1229 1397 1396 1466 adeo
1430 1399 1642 1469 scissa
1689 1411 1789 1467 est
1823 1398 2120 1468 Ecclesia
2164 1400 2302 1479 Dei,
2341 1411 2404 1467 et
2437 1420 2724 1487 regnum
2779 1398 2847 1464 in
2902 1418 2973 1467 se
3022 1397 3130 1465 di-

587 1491 839 1566 visum,
892 1502 969 1555 ut
1008 1486 1645 1576 gravioribus-*inter
1677 1487 2144 1556 Sacerdotium
2197 1500 2260 1556 et
2312 1488 2688 1577 Imperium
2722 1486 2899 1555 odiis
2934 1485 3128 1554 nullo

586 1597 896 1663 unquam
951 1589 1251 1676 tempore
1287 1574 1667 1645 laboratum
1702 1576 1809 1644 sit.
1847 1582 2136 1662 Uterque
2173 1579 2385 1655 enim,
2422 1589 2554 1644 tam
2589 1575 2886 1643 Pontifex
2910 1596 3125 1660 quam

592 1671 987 1755 Imperator,
1043 1665 1154 1733 hic
1204 1686 1326 1753 pro
1362 1678 1648 1742 terreno,
1698 1665 1811 1734 ille
1841 1687 1961 1755 pro
1994 1666 2104 1733 Dei
2155 1687 2366 1755 regno
2413 1686 2697 1734 causam
2731 1686 2928 1740 suam
2959 1684 3160 1730 con-·

587 1755 1007 1824 stantissime
1068 1775 1301 1843 agens,
1368 1755 1552 1824 litem
1605 1776 1741 1822 non
1819 1756 1951 1823 nisi
2008 1776 2166 1824 cum
2231 1766 2444 1822 morte
2491 1753 2790 1821 diremit.
2847 1758 2917 1820 At
2967 1773 3127 1820 vero

591 1848 991 1932 Imperator.
1048 1844 1167 1910 ubi
1218 1842 1545 1911 intellexit
1594 1843 1989 1932 principum
2046 1844 2313 1912 animos
2362 1843 2492 1911 sub
2544 1841 2897 1930 religionis
2929 1861 3127 1930 prae-²

588 1944 771 2001 textu
801 1931 1054 2000 sensim
1100 1931 1184 2000 ab
1231 1953 1310 2000 eo
1358 1931 1684 2000 delicere:
1738 1932 2177 2001 dissimulato
2226 1932 2311 2000 ad
2350 1952 2670 2022 praesens
2719 1929 2899 2011 odio,
2938 1929 3127 2016 quod

588 2034 823 2090 contra
875 2024 1170 2089 Saxones
1202 2020 1447 2098 alebat,
1486 2021 1791 2110 captivos
1837 2022 1987 2110 ejus
2029 2022 2251 2111 gentis
2296 2021 2504 2109 (inter
2555 2041 2730 2106 quos
2784 2033 2848 2086 et
2899 2023 3129 2086 Benno

574 2111 763 2197 erat)
793 2108 1137 2179 deditione
1187 2109 1497 2185 absolvit.
1551 2121 1615 2177 et
1664 2109 1744 2177 ad
1799 2131 1922 2178 sua
1969 2110 2254 2198 impune
2305 2109 2524 2177 redire
2559 2107 2904 2197 permisit:
2949 2106 3122 2174 nihil

587 2197 778 2267 aliud
830 2198 1201 2288 imperanS,
1256 2220 1464 2284 quam
1521 2211 1595 2266 ut
1645 2199 1812 2266 tanti
1863 2199 2173 2267 beneficii
2229 2219 2563 2266 memores
2606 2199 2941 2286 integram
2995 2195 3130 2264 sibi

587 2286 913 2376 deinceps
963 2299 1307 2357 servarent
1352 2288 1579 2358 [idem.
1620 2299 1685 2355 et
1733 2288 2126 2356 communis
2157 2309 2226 2355 re
2283 2288 2350 2354 ni
2383 2309 2662 2356 causam
2702 2307 2934 2354 secum
2965 2305 3131 2354 con-

588 2389 691 2445 tra
723 2377 1117 2444 Pontificem
1154 2374 1616 2444 defenderent.
1658 2374 1762 2443 Illi
1791 2375 2120 2445 abeuntes
2151 2398 2237 2464 po
2272 2376 2437 2444 liciti
2470 2390 2652 2450 sunt,
2692 2372 2917 2460 quoad
2942 2372 3134 2461 juste'

591 2465 963 2571 Imperium
1014 2465 1547 2539 administraret.
1600 2477 1663 2534 et
1715 2464 2082 2534 Ecclesiam
2139 2465 2250 2533 Dei
2303 2464 2617 2554 persequi
2652 2462 3015 2539 desineret,
3057 2484 3131 2532 se

590 2556 739 2622 e'us
801 2554 1162 2623 commodo
1218 2568 1282 2623 et
1340 2553 1576 2623 honori
1653 2576 1997 2639 nusquam
2053 2553 2430 2623 defuturos
2488 2554 2767 2635 Qualem
2828 2575 2898 2622 se
2970 2574 3130 2621 vero

592 2577 838 2712 d'einde
886 2642 1065 2711 idem
1124 2648 1280 2720 Rex,
1338 2656 1469 2711 tam
1521 2665 1685 2732 erga
1745 2648 2262 2711 sacrosanctam
2325 2643 2776 2743 Apostolicam
2832 2641 3071 2711 Sedem
3109 2697 3124 2717 ,

589 2754 797 2818 quam
861 2732 1116 2821 passim
1171 2733 1237 2799 in
1278 2733 1573 2821 Imperio
1603 2731 2012 2812 exhibuerit,
2067 2731 2252 2822 apud
2304 2731 2476 2799 alios
2533 2731 2759 2799 videre
2802 2729 2978 2798 licet.
3035 2730 3130 2797 Ad

587 2843 713 2890 nos
738 2821 919 2889 enim
952 2819 1121 2888 nihil
1158 2821 1417 2897 attinet,
1454 2821 1586 2889 nisi
1633 2832 1970 2907 quantum
2000 2821 2137 2889 divi
2177 2821 2386 2890 nostri
2421 2820 2762 2888 Bennonis
2814 2820 3122 2887 interest.

675 2912 711 2996 ξ
755 2912 914 2980 ²².
974 2908 1267 2978 Rediens
1321 2910 1529 2998 igitur
1564 2909 2004 2978 beatissimus
2061 2921 2289 2999 pastor
2345 2914 2574 2978 Benno
2612 2909 2695 2976 ad
2727 2907 3130 2976 -Ecclesiam

590 3020 788 3068 suam
844 2999 1316 3073 Missnensem‚
1377 2998 1749 3067 desolatam
1806 3010 2272 3085 vastatamque
2337 2998 2617 3075 invenit,
2680 3017 2886 3083 quam
2943 3006 3134 3064 tanto

589 3088 785 3177 prius
834 3086 1062 3155 studio
1113 3109 1191 3153 ac
1231 3086 1472 3155 decore
1520 3099 1901 3155 ornaverat.
1955 3094 2142 3169 Quae
2170 3087 2446 3172 quidem
2492 3086 2850 3154 calamitas
2880 3105 3135 3170 quam-

586 3175 689 3243 vis
719 3176 1022 3243 amarior
1074 3175 1171 3243 illi
1220 3188 1417 3255 esset,
1454 3197 1663 3262 quam
1717 3175 1814 3244 vel
1866 3177 2159 3245 carceris
2208 3176 2311 3245 vel
2351 3175 2536 3244 exilii
2575 3196 2790 3264 poena
2842 3172 3132 3243 fuisset:

586 3284 777 3354 spem
822 3277 1049 3332 tamen
1091 3263 1284 3332 vultu
1316 3264 1677 3345 simulans,
1715 3287 2170 3353 premensque
2202 3265 2336 3333 alto
2369 3263 2575 3334 corde
2608 3262 2939 3340 dolorem,
2989 3260 3133 3330 fra-

587 3366 725 3422 tres
767 3374 930 3423 suos
963 3353 1337 3421 Canonicos
1379 3353 1704 3424 flentibus
1737 3352 1836 3420 illi
1863 3353 2087 3423 oculis
2136 3354 2406 3423 obviam
2444 3353 2682 3432 factos,
2720 3364 2785 3420 et
2818 3351 3134 3420 fortunas

587 3464 749 3511 suas
777 3441 1245 3527 querulantes‚
1306 3441 1601 3531 benigne
1628 3441 1990 3532 amplexus
2023 3456 2227 3529 atque
2253 3442 2652 3512 consolatus
2699 3452 2822 3518 est,
2878 3441 3136 3508 iterum

586 3543 788 3616 atque
826 3531 1069 3598 iterum
1094 3530 1266 3599 illud
1303 3553 1418 3600 ore
1444 3552 1601 3598 cum
1639 3532 1836 3600 beato
1863 3531 2018 3600 „Job
2052 3544 2388 3621 repetens:
2416 3532 2734 3599 Dominus
2765 3530 2969 3605 dedit,
3011 3533 3138 3596 Do-

584 3622 803 3687 minus
827 3621 1099 3687 abstulit
1124 3646 1142 3685 .·
1185 3622 1370 3687 Sicut
1404 3623 1673 3688 Domino
1701 3622 1989 3710 placuit,
2036 3624 2134 3689 ita
2162 3625 2418 3709 saccum
2445 3631 2538 3689 esc
2564 3646 2586 3688 .·
2628 3621 2714 3687 sit
2739 3640 2976 3686 nomen
3005 3622 3136 3685 Do-

586 3710 757 3776 mim·
792 3710 1225 3777 benedictum.
1274 3713 1400 3777 Nec
1453 3730 1664 3787 mora,
1705 3709 1872 3795 quin
1921 3708 2078 3778 ilico
2110 3709 2396 3779 infracto
2446 3730 2594 3778 sese
2623 3708 2856 3775 animo
2905 3705 2992 3774 ad
3021 3727 3134 3773 re·

584 3797 1029 3866 staurandam
1057 3797 1395 3865 Ecclesiae
1420 3819 1584 3865 suae
1605 3798 1882 3868 ruinam
1917 3800 2072 3868 totis
2095 3799 2355 3868 viribus
2380 3797 2731 3867 convertit.
2771 3801 2844 3863 Et
2871 3794 3005 3865 nisi
3023 3792 3134 3861 illi

583 3886 989 3975 improbitas
1024 3887 1394 3957 obstitisset
1422 3885 1820 3955 Buckbardi
1850 3887 2166 3975 praefecti
2214 3888 2616 3958 Missltensis
2639 3886 2874 3985 (eujus
2914 3904 3134 3971 supra

579 3975 782 4044 etiam
807 3975 1303 4061 meminimus),
1336 3974 1528 4043 facile
1546 3975 1772 4045 ablata
1793 3976 2026 4045 omnia
2049 3988 2538 4066 recuperasset.
2572 3980 2728 4043 Erat
2753 3973 2935 4042 idem
2959 3977 3139 4041 Buc-

582 4063 895 4134 khardus
945 4064 1218 4154 ingenio
1267 4063 1470 4141 malo,
1526 4087 1871 4155 pravaque
1923 4068 2166 4134 natura
2218 4065 2591 4161 praeditus,
2647 4062 2890 4153 lingua
2929 4082 3138 4150 prae—

584 4168 762 4223 terea
811 4175 889 4221 ac
928 4175 1137 4222 manu
1188 4166 1574 4243 promptus.
1630 4159 1935 4241 Cumque
1986 4154 2208 4243 magis
2240 4154 2567 4234 CaesariS,
2606 4173 2816 4238 quam
2872 4150 2985 4218 Dei
3018 4150 3137 4219 sui

585 4242 909 4312 mandata
942 4243 1351 4322 observaret,
1406 4245 1603 4313 beato
1654 4244 1796 4312 viro
1833 4245 2136 4312 Bennoni
2177 4243 2434 4313 multas
2462 4241 2693 4311 intullt
2744 4239 3124 4322 molestum,

589 4333 875 4423 piosque
920 4332 1069 4422 ejus
1108 4345 1417 4411 conatus,
1470 4332 1728 4418 quibus
1791 4332 2009 4423 potuit
2058 4333 2347 4413 artibuS,
2403 4331 2662 4403 fefellit.
2718 4334 2857 4398 Non
2898 4341 3136 4399 tamen

640 4459 665 4485 ¹³
696 4457 810 4498 Vide
831 4458 927 4507 huj.
949 4467 993 4498 n.
1018 4457 1135 4498 Edit.
1156 4454 1368 4502 Surium;
1389 4457 1488 4519 Vol.
1516 4457 1565 4501 V,
1586 4467 1627 4506 p.
1654 4459 1746 4496 688.
