3357 4995
254 305 479 372 JUNII
533 307 577 370 6
1088 325 1269 372 nas.
1325 324 1636 373 GunwALo
1686 323 1982 372 Emscoro
2615 306 2732 372 157

269 409 636 478 communi
669 408 958 478 consilio
986 408 1234 496 jubent
1262 409 1437 480 duos
1469 409 1840 479 indomitos
1873 409 2119 478 vitulos
2152 408 2272 478 illo
2297 430 2490 478 sacro
2514 409 2824 479 vehendo

268 497 462 565 oneri
507 497 856 588 deputari,
909 519 1160 585 eosque
1210 497 1421 567 libere
1467 498 1591 580 ire,
1643 507 1782 585 quo
1831 497 1985 567 illos
2024 496 2275 566 ducere
2324 497 2547 568 visum
2601 500 2820 568 sitdi-

273 585 469 655 vinae
521 585 1011 676 providentiae.
1080 585 1284 655 vituli
1334 586 1615 657 adducti
1664 587 1801 655 alia
1848 585 2269 677 gradiuntur
2320 586 2450 666 viti,
2506 601 2823 676 rectaque

273 674 567 744 tendunt
615 673 700 744 ad
742 674 1067 754 insulam,
1123 697 1330 768 qua-m
1385 674 1527 745 Plet
1559 689 1835 745 vocant:
1888 697 2088 763 quae,
2125 674 2261 744 nisi
2326 687 2554 744 tamen
2592 675 2817 754 fallor,

270 785 347 832 ea
394 777 519 841 est,
570 764 641 832 in
691 784 832 851 qua
869 774 1149 833 sanctus
1184 763 1487 833 Pontifex
1535 787 1612 836 ex
1653 763 1930 855 egregio
1972 763 2364 845 coenobita,
2424 764 2823 854 praeclarus

270 853 691 922 anachoreta
718 852 986 921 enituit.
1022 856 1233 940 Atque
1281 852 1374 923 ibi
1427 874 1562 922 non
1607 853 1756 924 sine
1804 853 2022 922 multa
2072 852 2449 922 multorum
2509 852 2819 923 admira-

272 933 457 1010 tione
503 940 679 1010 illud
732 962 1004 1010 sacrum
1055 963 1313 1032 corpus
1362 941 1782 1011 tumulatum
1842 954 1988 1023 est,
2055 942 2261 1011 etiam
2327 941 2822 1013 accedentibus

269 1029 773 1099 miraculorum
827 1029 1068 1120 signis,
1105 1035 1270 1099 Nam
1312 1037 1560 1100 caecus
1606 1030 1889 1118 q'uidam
1918 1053 2087 1100 casu
2117 1028 2442 1100 feretrum
2496 1043 2813 1122 tangenS,

270 1140 433 1188 mox
483 1120 708 1188 visum
758 1140 832 1188 se
881 1119 1218 1208 recepisse
1265 1121 1521 1189 mirum
1573 1120 1641 1187 i'n
1689 1118 1968 1189 modum
2014 1119 2417 1189 laetabatur.

361 1208 399 1294 ἓ
453 1212 612 1279 23.
667 1212 742 1275 Et
775 1208 904 1276 hoc
942 1206 1219 1294 quidem
1264 1209 1333 1277 in
1385 1208 1534 1279 loco
1573 1208 1948 1299 gloriosum
1988 1207 2226 1298 inclyti
2279 1207 2622 1297 praesulis
2668 1229 2822 1276 cor-

270 1317 412 1384 pus
464 1295 684 1365 multo
714 1309 1014 1387 tempore
1054 1297 1406 1367 conditum
1442 1297 1721 1378 mansit,
1761 1296 1996 1367 multis
2024 1319 2400 1367 coruscans
2434 1296 2819 1366 miraculis.

273 1389 516 1453 Postea
567 1406 721 1453 vero
768 1385 1083 1455 barbaris
1140 1386 1683 1467 incursantibus,
1730 1385 2124 1475 complures
2186 1385 2492 1454 Britanni
2560 1384 2821 1454 relictis

277 1473 481 1542 avitis
514 1473 820 1554 sedibus,
857 1475 925 1542 in
959 1489 1220 1543 exteras
1254 1477 1561 1564 regiones
1588 1473 1883 1564 dispersi
1925 1487 2127 1543 sunt:
2180 1487 2244 1544 et
2290 1473 2535 1543 fratres
2583 1495 2825 1543 mona-

276 1562 472 1630 sterii
520 1561 925 1653 supradicti,
958 1562 1349 1654 absportato
1384 1585 1579 1633 sacro
1614 1584 1922 1653 corpore,
1953 1585 2141 1632 mare
2174 1562 2364 1650 quod
2400 1562 2824 1632 Britanniam

274 1673 320 1719 a
366 1650 608 1722 Galliis
657 1664 926 1741 separat
974 1651 1513 1733 transfretantes,
1554 1653 1622 1721 in
1676 1651 2033 1720 Franciam
2071 1672 2472 1747 pervenero:
2527 1672 2818 1738 eamque

274 1740 780 1830 perlustrantes
829 1762 986 1808 cum
1039 1762 1234 1810 sacro
1287 1741 1594 1842 pignore,
1633 1740 1818 1809 unde
1851 1740 2094 1810 odores
2131 1739 2405 1809 mirifici
2436 1739 2826 1809 fundeban-

280 1841 419 1908 tur,
478 1827 755 1897 tandem
808 1828 890 1896 ad
945 1830 1404 1901 Monastertoli
1433 1843 1736 1899 castrum
1793 1827 2235 1919 appulerunt.
2292 1828 2418 1898 Sed
2469 1829 2632 1917 quia
2683 1828 2827 1898 illic

275 1938 417 1986 non
481 1939 601 1999 eo,
666 1939 803 2004 quo
854 1940 980 2008 par
1024 1931 1191 2000 erat,
1253 1919 1512 1989 honore
1574 1917 2024 1998 afficiebatur,
2079 1917 2478 2008 Arnulphus
2525 1917 2828 2006 inclytus

279 2005 587 2076 Marchio
619 2006 997 2076 multorum
1048 2006 1256 2077 saluti
1302 2007 1638 2077 divinitus
1686 2006 2094 2088 destinatuS‚
2157 2005 2597 2075 Blandinium
2653 2006 2823 2076 illud

275 2094 839 2165 transferendum
891 2096 1178 2165 curavit.
1209 2099 1545 2166 Accerslto
1577 2096 1759 2165 enim
1791 2095 1876 2164 ad
1908 2117 1980 2164 se
2006 2094 2374 2164 reverendo
2422 2095 2674 2164 Abbate
2704 2099 2830 2165 Ge-

276 2183 512 2265 rard0,
573 2196 914 2275 spectatae
964 2183 1318 2276 religionis
1365 2199 1429 2254 et
1478 2184 2068 2274 industriaeyiro,
2121 2206 2200 2253 ex
2235 2183 2638 2254 auctoritate
2669 2185 2831 2274 Epi-

278 2273 473 2363 scopi
526 2273 587 2340 ei
639 2273 767 2341 hoc
818 2274 1167 2363 negotium
1201 2273 1663 2343 demandavit.
1703 2273 1926 2344 Abbas
1962 2295 2115 2342 vero
2142 2296 2303 2342 cum
2341 2271 2557 2341 multa
2597 2272 2734 2341 fide
2766 2286 2832 2342 et

278 2372 578 2432 tremore
613 2383 864 2452 magno
919 2363 1196 2452 pretiosi
1246 2363 1557 2453 corporis
1608 2361 2008 2432 thesaurum
2061 2361 2432 2452 accipiens,
2478 2383 2620 2430 una
2667 2383 2832 2430 cum

275 2450 625 2538 reliquiis,
672 2449 864 2521 nullo
898 2452 1112 2540 pretio
1147 2450 1619 2531 aestimandiS,
1654 2450 1911 2542 egregii
1949 2449 2361 2521 confessoris
2389 2449 2743 2540 Bertulphi
2770 2450 2827 2531 ⁴,

275 2539 501 2609 multa
553 2540 726 2609 Cleri
773 2553 839 2607 et
887 2541 1381 2611 monachorum
1436 2541 1818 2627 frequentia
1860 2540 2179 2631 stipatuS,
2211 2539 2296 2608 ad
2333 2539 2829 2608 monasterium

274 2627 842 2698 beatissimorum
893 2629 1143 2699 Christi
1190 2628 1669 2722 Apostolorum
1742 2628 1917 2698 Petri
1968 2643 2032 2698 et
2081 2628 2275 2697 Pauli
2322 2626 2504 2715 quod
2559 2625 2833 2696 Blandi-

279 2718 479 2788 nium
536 2716 910 2808 appellant,
964 2717 1366 2809 deportavit.
1426 2716 1748 2788 Convenit
1789 2730 2015 2787 autem
2083 2738 2161 2786 eo
2211 2715 2577 2803 utriusque
2628 2737 2832 2786 sexus

277 2806 591 2897 populus
618 2802 1201 2897 innumerabilis,
1239 2807 1562 2877 manibus
1619 2805 1984 2897 plaudens,
2021 2819 2086 2875 et
2135 2804 2530 2879 Dominum·
2557 2803 2837 2874 benedi-

278 2916 442 2965 cens
493 2894 679 2983 quod
732 2895 1091 2965 ecclesiam
1157 2896 1345 2975 illam
1400 2895 1922 2984 pretiosissimis
1978 2894 2119 2963 illis
2182 2893 2478 2984 gemmis
2527 2907 2828 2963 ornaret.

282 2987 484 3054 Facta
535 2996 640 3054 est
687 2983 854 3053 haec
906 2985 1262 3055 translatio
1301 2989 1339 3054 3
1374 2990 1598 3055 Nonas
1634 2983 2051 3065 Decembris,
2089 2982 2379 3052 Clotario
2411 2981 2597 3071 apud
2626 2988 2838 3052 Fran-

280 3092 421 3154 c08‚
479 3085 751 3162 sceptra
794 3073 989 3164 regni
1030 3073 1450 3143 moderante.
1488 3078 1700 3160 Atque
1747 3073 1841 3141 ita
1882 3073 2010 3142 hoc
2052 3072 2119 3140 in
2160 3071 2309 3141 loco
2357 3070 2601 3141 beatus
2649 3070 2838 3141 Gudss

280 3161 526 3242 waluS‚
574 3160 921 3251 gloriosus
946 3184 1177 3232 coram
1224 3166 1354 3230 Deo
1396 3162 1463 3231 in
1502 3160 1736 3241 coeliS,
1780 3160 2121 3232 mirabilis
2168 3182 2249 3229 ex
2299 3165 2430 3230 Deo
2478 3160 2548 3229 in
2601 3160 2832 3240 terriS,

278 3252 705 3339 conjunctus
728 3250 1091 3341 praeclaro
1123 3251 1371 3320 Christi
1423 3249 1757 3321 sacerdoti
1798 3248 2299 3350 wandregisilo
2346 3262 2411 3319 et
2458 3249 2664 3319 sociis
2689 3271 2838 3350 qm-

278 3340 548 3409 nivaria
600 3359 875 3430 semper
922 3338 1127 3409 laude
1173 3338 1507 3419 colendis,
1548 3338 1742 3429 larga
1773 3338 2344 3409 intercessionum
2398 3347 2682 3408 suarum
2712 3359 2841 3405 im-

277 3429 483 3519 pertit
519 3427 979 3517 suffragia,‘et
1026 3428 1305 3518 copiosa
1356 3428 1882 3498 miserationum
1928 3427 2173 3496 Christi
2221 3449 2382 3496 cum
2424 3425 2560 3495 fide
2608 3435 2672 3495 et
2725 3425 2839 3494 de-

278 3519 551 3587 votione
601 3516 1095 3602 quaerentibus
1126 3517 1388 3587 obtinet
1437 3516 1797 3594 beneficia,
1837 3514 1988 3607 ipso
2038 3515 2370 3606 largiente
2416 3515 2536 3602 qui
2586 3515 2654 3582 in
2693 3514 2841 3583 Tri-

277 3608 490 3676 nitate
558 3617 626 3674 et
694 3605 961 3674 Unitate
1033 3604 1331 3697 perfecta
1400 3605 1563 3674 vivit
1633 3617 1697 3674 et
1765 3618 2005 3696 regnat
2073 3611 2211 3695 per·
2265 3602 2543 3673 infinita
2607 3603 2842 3675 secula

278 3695 709 3773 seculorum,
766 3697 1001 3763 Amen.
1136 3722 1143 3729 ·

327 3825 351 3850 ⁸
380 3825 447 3866 De
480 3833 537 3864 eo
570 3821 760 3867 surius,
790 3820 888 3860 Vol.
916 3820 972 3865 11.
998 3831 1042 3871 p.
1077 3822 1168 3861 121.
