3357 4995
702 324 827 387 418
1280 339 1357 386 m:
1406 339 1462 386 s.
1517 336 1852 386 commem
1899 336 2099 386 muse.
2153 337 2228 383 ΕΤ
2275 336 2467 384 mar.
2837 318 3055 384 JUNII
3106 320 3145 381 5

703 428 751 582 Ξ
784 430 932 498 12.
976 429 1049 493 At
1072 407 1196 493 'ille
1228 422 1698 514 proficiscens,
1732 423 1915 492 venit
1948 422 2511 513 Amanaburgum
2554 422 2609 502 ⁴³,
2649 425 2861 490 Deum
2893 421 3154 507 ubique

614 513 705 583 ha
757 535 878 583 ens
926 512 1188 581 itineris
1237 512 1341 581 sui
1414 512 1778 582 comitem:
1831 512 2035 602 cujus
2098 511 2342 579 virtute
2389 522 2455 579 et
2502 509 2845 599 praesidio
2906 508 3146 590 fretuS,

613 591 1050 690 qudcumque
1085 599 1412 691 pervenit,
1467 600 1796 669 salutaris
1830 599 2180 670 doctrinae
2213 599 2481 667 semina
2507 597 2811 686 jactavit:
2851 619 3152 701 cumque

612 691 959 790 ingentem
1011 688 1345 790 populum
1378 688 1448 757 in
1493 688 1707 758 Frisia
1757 688 2019 758 Christo
2068 687 2536 769 lucrifaceret,
2600 686 2936 773 multique
2999 709 3153 773 eJus

612 777 905 869 spiritali
968 777 1395 849 institutione
1442 776 1726 857 imbuti,
1784 777 1871 846 ad
1932 777 2233 847 veritatis
2289 776 2746 866 cognitionem
2801 775 3148 855 venirent,

611 867 780 936 adeo
828 879 904 937 ut
934 888 1035 947 cO,
1089 888 1297 953 quem
1364 865 1691 944 diximus,
1746 865 1917 947 locO,
1969 866 2083 935 cui
2131 865 2268 934 duo
2315 863 2558 934 fratres
2605 863 2862 954 gemini
2915 885 3155 953 praee-

614 969 787 1036 rant,
861 955 1205 1025 Dietichus
1250 966 1317 1023 et
1384 952 1817 1045 Dierolphus,
1877 955 2162 1023 Domino
2211 954 2606 1033 auxiliante,
2660 952 2960 1033 obtentO,
3016 974 3153 1021 non

608 1066 869 1144 paucos
926 1044 1168 1112 fratres
1207 1042 1579 1143 colligeret,
1624 1057 1691 1111 et
1739 1043 2233 1112 monasterium
2277 1041 2705 1111 aedificaret:
2762 1041 2849 1109 iis
2900 1041 3156 1110 valefa-

611 1155 823 1213 ciens,
862 1133 933 1200 in
971 1132 1284 1203 Hassiam
1338 1153 1479 1200 sive
1527 1131 1916 1201 Catthorum
1972 1132 2344 1222 regionem,
2397 1130 2517 1218 qui
2568 1128 2949 1218 saxonibus
2990 1151 3178 1200 con--

614 1221 886 1291 termini
949 1232 1133 1300 sunt,
1206 1219 1550 1309 profectus
1609 1233 1712 1289 est
1772 1218 2218 1310 praedicandi
2276 1223 2506 1289 causa.
2562 1223 2864 1304 Cumque
2929 1240 3011 1286 ex
3072 1219 3158 1286 iis

611 1311 816 1380 etiam
853 1308 1192 1399 plurimos
1224 1309 1687 1389 convertisset,
1724 1322 1788 1377 et
1813 1309 2030 1379 multa
2072 1309 2432 1377 hominum
2471 1306 2688 1375 millia
2712 1306 2924 1375 undis
2965 1305 3155 1377 salu-

612 1399 879 1468 taribus
928 1397 1258 1477 tinxisset,
1298 1396 1668 1484 quemdam
1700 1419 1736 1465 e
1770 1398 1916 1467 suis
1965 1396 2261 1476 fidelem,
2318 1396 2603 1465 Binnam
2665 1396 2965 1473 nomine,
3025 1400 3157 1466 Ro-

620 1509 803 1555 mam
839 1507 998 1555 cum
1037 1485 1249 1555 literis
1290 1486 1498 1565 misit,
1552 1486 1868 1555 indicans
1916 1484 2298 1575 Apostolico
2348 1483 2645 1553 Praesuli
2696 1484 2931 1552 omnia
2979 1506 3158 1570 quae

620 1598 742 1664 per
790 1575 1022 1665 ipsum
1073 1575 1393 1664 gessisset
1447 1579 1646 1654 Deus,
1700 1586 1766 1644 et
1812 1586 2140 1660 quantam
2191 1574 2553 1643 hominum
2606 1571 3152 1655 multitudinem,

616 1663 893 1733 coelesti
942 1663 1161 1752 gratia
1211 1662 1646 1743 illustratam,
1703 1684 1897 1732 sacro
1946 1662 2286 1751 baptismo
2349 1660 2717 1731 abluisset:
2766 1675 2908 1729 tum
2962 1683 3159 1749 prae-

619 1765 800 1820 terea
833 1751 917 1820 de
966 1751 1172 1822 rebus
1219 1751 1448 1832 variiS,
1501 1771 1677 1837 quae
1725 1751 1812 1820 ad
1850 1751 2324 1837 quotidianam
2376 1748 2889 1824 Ecclesiasticae
2948 1772 3158 1840 regu-

618 1841 722 1908 lae
790 1841 1258 1910 necessitatem
1330 1839 1706 1929 populique
1774 1861 2010 1910 recens
2054 1839 2366 1909 conversi
2413 1859 2648 1907 curam
2705 1838 3149 1927 pertinerent,

620 1929 995 2018 prudenter
1041 1949 1197 1999 eum
1234 1928 1626 2008 consulem,
1666 1928 1921 2018 perscri
1979 1927 2086 1996 sit.
2129 1928 2435 1998 Nuncius
2484 1939 2711 1996 autem
2747 1926 2834 1995 ab
2872 1948 2952 1995 eo
2988 1927 3162 1997 mis-

623 2040 744 2087 sus
776 2022 1086 2098 Romam,
1121 2017 1354 2087 omnia
1385 2016 1518 2107 ipsi
1559 2016 1882 2085 mandata
1969 2016 2209 2085 deliter
2241 2029 2605 2102 exequenS,
2637 2014 2943 2083 Praesuli
2983 2021 3161 2104 Apo-

621 2105 861 2175 stolico
911 2104 1140 2178 literas
1186 2107 1335 2195 ejus
1386 2104 1655 2185 obtulit,
1710 2104 2017 2192 aliasque
2050 2105 2136 2174 ab
2188 2105 2328 2185 illo,
2381 2103 2465 2172 ad
2515 2104 2952 2189 quaestiones
3005 2126 3164 2193 pro·

619 2195 876 2294 positas
941 2216 1265 2284 responsa
1331 2194 1798 2268 continentes,
1876 2193 2202 2283 magistro
2266 2216 2389 2263 suo
2454 2192 2793 2271 referenS,
2847 2192 3165 2263 celeriter

615 2296 916 2352 recessit.

710 2373 743 2457 ξ
792 2376 939 2444 18.
996 2377 1356 2458 Postquam
1426 2381 1650 2438 autem
1716 2370 1819 2438 vir
1879 2384 2197 2451 sanctuS,
2254 2369 2444 2439 lectis
2507 2369 2853 2439 Pontificis
2908 2368 3155 2449 literis,

618 2483 688 2530 se
738 2461 915 2529 inter
960 2472 1227 2529 caetera
1274 2462 1558 2527 Romam
1623 2459 1831 2528 acciri
1892 2458 2156 2539 didicit,
2232 2480 2382 2528 mox
2432 2458 2513 2527 ad
2581 2479 2933 2528 summum
3000 2458 3163 2529 obe·

611 2550 914 2619 dientiae
978 2548 1270 2639 gradum
1334 2546 1778 2629 contendenS,
1848 2548 2134 2617 fratrum
2195 2548 2470 2646 agmine
2520 2547 2836 2637 stipatus,
2885 2547 3165 2618 ltaliam

665 2639 831 2717 eiiii,
886 2636 1409 2727 conspectisque
1440 2640 1786 2705 Romanae
1817 2636 2011 2706 urbis
2043 2636 2426 2714 moenibus,
2469 2640 2596 2705 Deo
2622 2637 2877 2724 gratias
2911 2658 3157 2726 egem,

604 2661 970 2795 ⁴beatorum
1006 2730 1051 2794 A
1104 2723 1476 2793 ostolorum
1530 2725 1909 2813 patrocinio
1941 2747 2011 2794 se
2059 2724 2585 2794 commendavit.
2629 2729 2708 2793 Ut
2741 2738 2968 2793 autem
3008 2727 3164 2809 ejus

618 2814 987 2883 adventum
1088 2812 1281 2882 idicit
1331 2817 1681 2881 Romanus
1730 2811 2054 2893 Pontifex,
2108 2810 2463 2882 confestim
2516 2812 2714 2881 illum
2766 2812 2848 2881 ad
2900 2834 2971 2883 se
3001 2834 3164 2884 evo-

620 2904 820 2981 cavit,
871 2900 1379 2987 salutatumque
1427 2900 1879 2983 familiariter,
1922 2901 2295 2971 honorifico
2345 2900 2765 2970 xenodochio
2800 2923 3165 2971 commen-

619 2991 827 3059 davit.
890 2989 1154 3059 ,Deinde
1211 3003 1597 3079 opportuno
1646 3012 1719 3058 se
1765 2990 2085 3060 offerente
2144 2989 2229 3057 ad
2279 2988 2813 3076 colloquendum
2877 2988 3014 3070 die,
3073 2991 3162 3061 ad

611 3078 993 3148 beatissimi
1041 3078 1213 3147 Petri
1256 3077 1553 3167 Apostoli
1599 3077 1960 3147 ecclesiam
2010 3078 2237 3147 venire
2276 3078 2515 3165 jussus
2547 3089 2682 3146 est:
2736 3099 3039 3165 cumque
3091 3101 3166 3148 se

619 3167 910 3236 invicem
964 3168 1226 3236 mutuis
1282 3166 1666 3255 explessent
1727 3167 2201 3246 sermonibus,
2258 3165 2558 3235 Pontifex
2598 3166 2682 3235 de
2730 3167 3047 3253 symbolo
3099 3180 3168 3237 et

613 3255 773 3325 fidei
825 3256 1204 3325 Catholicae
1252 3254 1614 3324 traditione
1652 3276 1731 3322 ex
1765 3276 1844 3323 eo
1893 3255 2281 3324 sciscitatus
2329 3267 2452 3323 est.
2491 3254 2869 3345 Respondit
2915 3268 3158 3325 autem

610 3345 715 3413 vir
753 3357 1070 3414 sanctus:
1112 3368 1146 3410 «
1184 3351 1433 3412 Tantae
1480 3342 1887 3428 quaestioni,
1937 3344 2217 3412 Domine
2265 3342 2663 3432 Apostolice,
2712 3344 2780 3411 in
2833 3348 3160 3415 sermone

614 3432 935 3502 familiari
990 3456 1123 3503 non
1174 3432 1371 3501 facilc
1404 3431 1660 3520 possim
1694 3431 2107 3501 satisfacere.
2144 3436 2274 3501 Oro
2326 3431 2575 3519 itaque,
2613 3444 2689 3500 ut
2719 3431 2904 3511 fidei,
2939 3454 3163 3519 quam

610 3544 644 3589 a
700 3543 806 3591 me
851 3522 1105 3612 exigis,
1160 3519 1700 3590 conscribendae
1765 3532 2040 3609 tempus
2090 3521 2258 3589 mihi
2311 3520 2652 3609 largiaris,
2707 3521 2943 3607 sicque
3002 3543 3164 3590 eam

610 3632 689 3678 ex
737 3610 1011 3700 scriptis
1060 3610 1284 3700 possis
1335 3608 1584 3677 habere
1633 3620 2087 3699 perspectam.
2124 3633 2159 3675 »
2195 3610 2447 3678 Annuit
2496 3608 2821 3689 Pontifex,
2875 3620 2941 3678 et
2976 3610 3162 3680 intra

608 3699 811 3768 breve
851 3712 1124 3788 tempus
1178 3697 1277 3764 vir
1325 3696 1618 3775 Domini,
1659 3708 1936 3767 sanctae
1982 3710 2046 3766 et
2094 3698 2476 3767 Catholicae
2511 3697 2668 3766 fidei
2711 3700 3159 3775 sententiam,

614 3799 1072 3877 congruenter
1119 3797 1182 3853 et
1228 3784 1494 3854 erudite
1562 3806 1996 3875 expressam,
2054 3786 2121 3854 in
2174 3787 2450 3886 scriptis
2511 3786 2820 3855 Pontifici
2878 3786 3163 3857 obtulit.

616 3876 917 3944 Pontifex
982 3886 1365 3964 postquam·
1392 3894 1469 3940 ea
1521 3874 1774 3963 scripta
1826 3874 2149 3964 perlegit,
2205 3875 2338 3944 sibi
2377 3897 2536 3945 eum
2587 3874 2891 3944 assidere
2928 3875 3164 3965 jubet,

614 3978 693 4032 ut
741 3986 890 4033 earn
943 3962 1146 4031 fidem
1197 3973 1587 4031 constanter
1643 3962 1949 4039 retineat,
2007 3976 2072 4032 et
2119 3975 2436 4033 accurate
2488 3962 2748 4044 doceat,
2812 3962 3164 4034 hortatur.

621 4051 830 4120 Multa
878 4049 1127 4119 deinde
1173 4048 1257 4119 de
1291 4049 1620 4139 spiritalis
1668 4052 1843 4120 vitae
1891 4051 2219 4141 religione
2269 4073 2427 4120 cum
2479 4051 2597 4121 illo
2644 4050 3032 4131 conferens,
3070 4054 3175 4123 ita

3285 109 3296 190 1

3291 199 3296 282 Ι

3291 285 3296 428 ¹

612 4151 691 4209 ut
725 4160 1220 4226 nonnunquam
1257 4156 1429 4229 pene
1468 4139 1813 4230 integrum
1862 4139 2041 4209 diem
2098 4150 2338 4209 mutua
2370 4140 2546 4208 inter
2575 4141 2760 4230 ipsos
2809 4140 3176 4229 colloquia
3261 4172 3296 4253 q

617 4226 1097 4309 absumerent,
1170 4226 1255 4296 ad
1327 4240 1705 4297 extremum
1769 4240 1935 4315 quot
1996 4228 2236 4319 populi
2290 4228 2688 4298 idololatrae
2741 4228 2894 4318 ejus
2950 4233 3176 4320 opera

616 4390 693 4484 Ἐξ
723 4390 826 4484 Fon
852 4392 1151 4446 Hamburyvma
1193 4391 1497 4440 interpretari
1534 4390 1671 4435 tibet.
1711 4390 1793 4430 sed
1831 4391 2134 4439 Amelburymn
2181 4391 2240 4431 ad
2275 4391 2432 4430 Omoem
2486 4399 2573 4431 seu
2625 4387 2836 4433 Amanum
2879 4389 3083 4432 fluvium
3121 4393 3180 4433 ln

653 4453 719 4484 1¹²8
741 4454 781 4484 8.
