3357 4995
267 346 481 410 JUNII
545 347 605 408 Μ
1090 367 1165 413 οε
1215 368 1270 413 s.
1326 367 1612 413 BARNABA
1663 365 1978 414 AposToLo
2594 351 2720 415 ⁵253

262 451 701 541 septuaginta
753 449 904 520 illos
945 449 1328 540 discipulos
1378 459 1677 538 quorum
1715 454 1985 543 primus
2017 452 2157 521 dux
2191 464 2255 520 et
2280 473 2614 540 ‘summus
2665 466 2810 522 erat

261 561 560 629 magnus
595 539 963 608 Barnabas.
1013 539 1137 607 Sed
1192 561 1392 609 nemo
1448 541 1743 609 audiens
1776 540 2128 631 Apostolos
2178 541 2356 609 hanc
2404 562 2491 640 ap
2547 541 2811 610 ellatio-

262 651 413 697 nem
470 628 569 695 illi
603 628 747 696 viro
782 629 1217 717 imposuisse,
1275 644 1523 698 temere
1556 643 1620 697 et
1667 631 1817 698 sine
1864 631 2100 698 divino
2130 628 2465 697 consilioi
2550 630 2807 699 factum

258 718 472 786 fuisse
518 717 877 806 opinetur:
927 739 1083 786 nam
1139 723 1373 787 Petrus
1424 719 1568 807 ipse
1617 718 1718 787 illi
1754 739 2002 788 nomen
2046 719 2175 786 hoc
2225 719 2582 806 imposuit,
2659 718 2804 791 ille.

258 809 582 892 inquam,
641 811 914 882 Petrus,
968 807 1086 892 qui
1145 828 1264 895 per
1312 809 1540 876 Sancti
1603 808 1902 897 Spiritus
1964 806 2442 876 revelationem
2508 806 2633 874 filii
2696 809 2809 875 Dei

262 895 674 994 theologiam
719 893 1023 963 edidicit.
1067 900 1142 963 Et
1196 895 1787 981 quemadmodum
1837 896 2139 965 Jacobus
2187 907 2252 963 et
2296 895 2607 963 Joannes
2652 918 2809 985 pro-

265 997 411 1073 pter
460 995 803 1070 virtutem,
861 985 996 1071 filia·
1055 986 1337 1051 tonitrui
1389 985 1604 1054 vocati
1638 999 1821 1065 sunt,
1877 986 1971 1053 ita
2012 997 2075 1053 et
2126 984 2473 1052 Barnabas
2537 985 2812 1053 virtutis

264 1095 428 1142 suae
463 1075 672 1140 causa
717 1073 904 1159 filius
945 1075 1411 1141 consolationis
1460 1072 1853 1163 appellatus
1887 1086 2011 1153 est,
2051 1073 2312 1171 quippe
2360 1073 2479 1157 qui
2533 1086 2812 1162 propter

264 1161 646 1229 sanctitatis
698 1162 1184 1248 praestantiam
1235 1163 1561 1232 omnibus
1595 1163 2050 1232 consolationi
2100 1161 2251 1230 fult.

352 1253 387 1335 ξ
436 1252 516 1320 S.
573 1248 761 1316 Idem
815 1271 971 1317 cum
1033 1249 1338 1319 audisset
1410 1252 1780 1320 Dominum
1832 1251 2231 1328 docentem,
2316 1252 2580 1318 Vendz'te
2642 1273 2814 1340 (luae

264 1340 634 1429 possz'detz'S,
677 1349 737 1404 et
772 1339 926 1405 date
975 1342 1482 1428 eleemosynam,
1522 1352 1582 1408 et
1630 1344 1837 1428 facite
1895 1342 2073 1408 vobis
2120 1342 2442 1418 sacculos,
2507 1342 2629 1428 qui
2688 1363 2816 1406 non

269 1436 705 1503 veterascunt,
755 1427 1143 1494 thesaurum
1173 1450 1540 1518 numquam
1589 1429 1997 1518 deficientem
2030 1430 2099 1496 in
2130 1429 2330 1497 coelis
2368 1427 2613 1515 (Lucae
2664 1428 2806 1514 x11):

269 1514 441 1584 nihil
482 1527 812 1592 moratuS,
877 1515 1102 1584 statim
1149 1538 1290 1583 rem
1331 1539 1605 1586 omnem
1661 1518 2029 1607 pretiosam
2090 1539 2128 1583 a
2179 1515 2581 1615 parentibus
2635 1538 2816 1583 mor-

271 1606 407 1672 tuis
457 1603 589 1671 sibi
670 1602 974 1671 relictam
1050 1605 1380 1681 vendidit,
1434 1619 1498 1674 et
1567 1606 1929 1695 egentibus
2000 1604 2385 1676 distribuit:
2463 1604 2594 1672 sibi
2664 1626 2816 1672 vero

271 1692 497 1762 solum
549 1713 795 1782 agrum
847 1714 1069 1761 unum
1102 1694 1486 1773 reservavit,
1517 1695 1705 1763 unde
1737 1694 1829 1762 ali
1871 1705 2120 1783 posset.
2158 1698 2391 1762 Postea
2424 1713 2578 1761 vero
2608 1715 2813 1779 quam

274 1783 606 1850 Dominus
639 1802 913 1848 crucem
967 1802 1336 1871 perpessus
1385 1797 1507 1862 est,
1543 1795 1607 1851 et
1655 1806 1695 1851 a
1750 1782 2041 1852 mortuis
2089 1782 2481 1860 resurrexit,
2537 1805 2614 1848 ac
2667 1781 2818 1869 Spi-

272 1872 479 1939 ritum
535 1875 860 1938 Sanctum
895 1870 976 1937 ad
1031 1870 1412 1961 discipulos
1463 1893 1623 1942 suos
1676 1873 1885 1950 misit,
1941 1884 2105 1940 tunc
2146 1869 2425 1940 divinus
2474 1870 2820 1938 Barnabas

269 1959 516 2028 Christi
559 1958 892 2028 charitate
927 1959 1147 2049 magis
1181 1959 1675 2041 inflammatu8‚
1717 1959 1915 2030 illum
1959 1959 2163 2028 etiam
2207 1980 2451 2048 agrum
2485 1958 2814 2036 vendidit,

268 2069 568 2133 cumque
605 2047 902 2116 multum
957 2049 1288 2136 pecuniae
1337 2071 1417 2118 ex
1465 2051 1614 2138 ejus
1668 2050 1885 2138 pretio
1943 2048 2341 2138 accepisset,
2395 2068 2669 2117 omnem
2709 2069 2821 2137 pe-

279 2137 558 2205 cuniam
615 2134 803 2203 illam
857 2135 935 2203 ad
997 2136 1469 2225 Apostolorum
1523 2138 1730 2227 pedes
1778 2137 2120 2227 deposuit,
2177 2157 2396 2224 neque
2444 2138 2821 2222 quicquam

270 2226 556 2294 omnino
607 2224 738 2293 sibi
790 2225 1186 2306 reservavit,
1243 2248 1365 2295 suo
1413 2227 1724 2316 exemplo
1789 2247 2029 2295 omnes
2075 2224 2456 2313 discipulos
2504 2224 2585 2292 ad
2639 2247 2823 2293 eam-

274 2314 427 2381 dem
467 2314 786 2382 virtutem
839 2313 1176 2383 alliciens.
1236 2314 1353 2383 Ille
1400 2328 1464 2383 et
1517 2336 1678 2384 cum
1731 2315 1936 2384 Saulo
1994 2313 2415 2404 disputabat,
2469 2335 2676 2398 quem
2735 2312 2820 2381 ad

274 2402 525 2471 Christi
577 2403 845 2469 Domini
899 2402 1104 2471 fidem
1157 2404 1528 2492 perducere
1562 2405 1905 2492 cupiebat.
1954 2402 2203 2471 Saulus
2252 2413 2479 2471 autem
2523 2423 2680 2469 cum
2728 2401 2825 2469 le-

275 2491 381 2579 gis
434 2490 862 2560 institutione
918 2489 1284 2582 diligenter
1358 2509 1560 2580 atque
1620 2504 1938 2562 accurate
2007 2491 2370 2570 niteretur,
2437 2490 2822 2559 Barnabam

274 2582 504 2670 ipsum
543 2593 617 2648 ut
657 2579 1020 2669 deceptum
1075 2581 1422 2660 irridebat,
1483 2595 1548 2649 et
1586 2583 1652 2649 in
1694 2582 2038 2650 Christum
2108 2579 2469 2649 maledicta
2511 2580 2818 2667 jaciens,

276 2669 451 2736 fabri
505 2667 754 2745 silium,
815 2669 1092 2738 idiotam
1156 2683 1220 2739 et
1268 2684 1603 2761 agrestem
1641 2669 1990 2738 hominem
2045 2668 2459 2759 appellabat,
2504 2690 2706 2754 quem
2751 2679 2827 2736 ut

272 2770 336 2825 et
371 2770 586 2826 morte
638 2757 929 2826 violenta
978 2759 1328 2828 sublatum
1381 2759 1757 2827 deridebat.
1813 2764 1979 2827 Cum
2019 2779 2173 2826 vero
2230 2757 2587 2837 miracula,
2648 2777 2826 2841 quae

275 2868 396 2945 per
444 2847 798 2935 Apostolos
846 2846 1342 2927 efficiebantur,
1412 2860 1476 2917 et
1525 2870 1610 2937 po
1665 2847 1764 2916 uli
1818 2846 2337 2916 multitudinem
2398 2845 2618 2913 indies
2683 2866 2826 2911 ma-

269 2957 488 3024 jorem
521 2936 603 3002 ad
642 2935 801 3003 fidei
843 2935 1421 3025 praedicationem
1460 2958 1584 3005 con
1647 2948 1919 3005 nentem
1978 2935 2252 3011 videret,
2298 2935 2531 3004 animo
2564 2934 2828 3002 crucia-

276 3026 527 3092 batur:
584 3046 882 3110 cumque
917 3046 1053 3093 una
1105 3048 1263 3093 cum
1299 3025 1683 3103 LibertiniS,
1742 3024 2247 3112 Cyrenensibus
2296 3036 2499 3109 atque
2548 3022 2828 3091 Alexan-

279 3112 501 3180 drinis
545 3134 874 3201 magnum
930 3113 1126 3181 illum
1181 3114 1521 3183 Ecclesiae
1569 3127 1907 3183 oratorem
1952 3117 2061 3180 Ste
2114 3112 2373 3180 hanum
2411 3112 2695 3180 adortus
2725 3133 2827 3178 es-

281 3214 401 3278 set,
443 3223 660 3287 neque
711 3202 1087 3290 sapientiae
1126 3214 1190 3270 et
1240 3204 1549 3292 Spiritui,
1594 3204 1714 3289 qui
1750 3224 1868 3292 per
1918 3207 2073 3291 Step
2129 3222 2338 3269 anum
2394 3200 2821 3286 loquebatur,

281 3290 599 3359 resistere
648 3301 912 3378 posset,
968 3291 1240 3358 insania
1310 3305 1374 3360 et
1421 3292 1648 3361 furore
1704 3290 1921 3360 multo
1970 3301 2347 3378 correptus,
2404 3288 2829 3357 inordinatos

281 3377 518 3467 populi
556 3378 872 3448 homines
906 3392 1143 3449 contra
1179 3382 1600 3469 Stephanum
1647 3380 2034 3449 concitavit.
2073 3384 2217 3460 Quo
2260 3377 2631 3454 interfecto,
2676 3399 2829 3466 per-

281 3467 699 3535 secutionem
771 3489 1094 3557 magnam
1159 3470 1528 3538 commovit
1599 3469 1929 3537 adversus
1991 3467 2407 3545 Ecclesiam,
2461 3488 2638 3552 quae
2688 3478 2830 3533 erat

277 3554 733 3644 Jerosolymis
770 3556 824 3622 *.

367 3647 401 3729 ξ
452 3648 546 3713 9.
603 3650 768 3712 Cum
805 3661 959 3713 vero
993 3645 1076 3713 de
1133 3646 1262 3728 his,
1297 3648 1409 3732 qui
1465 3658 1743 3735 propter
1774 3645 2103 3734 Stephani
2153 3643 2428 3713 caedem
2468 3655 2671 3729 atque
2712 3665 2831 3711 an-

283 3732 546 3888 gustias
596 3732 892 3821 dispersi
929 3735 1351 3841 Antiochiam
1389 3748 1736 3813 venerant,
1779 3748 1843 3802 et
1870 3733 2116 3803 Christi
2153 3737 2332 3801 Evan
2383 3732 2595 3802 elium
2638 3755 2832 3821 prae-

338 3823 701 3900 icaverant‚
758 3823 1075 3891 auditum
1136 3822 1376 3893 fuisset
1424 3825 1509 3891 ab
1558 3824 1643 3893 iis
1706 3824 1824 3909 qui
1874 3835 2069 3891 erant
2113 3822 2357 3892 Jeroso
2386 3821 2592 3910 ymis,
2660 3826 2833 3911 Apo-

282 3910 434 3978 stoli
475 3911 747 3979 beatum
805 3911 1209 3993 Barnabam‚
1247 3934 1577 4003 magnum
1631 3923 1695 3980 et
1730 3923 2072 4001 potentem
2109 3912 2358 3989 virum,
2399 3909 2486 3978 ad
2541 3910 2834 3979 sanctis-

283 4000 539 4068 simum
597 3999 935 4069 Eccle'siae
982 4022 1158 4086 quae
1212 4001 1348 4069 illic
1405 4014 1587 4081 erat,
1645 4013 1709 4068 et
1767 4000 2011 4069 Christi
2047 4021 2323 4090 gregem
2407 3998 2830 4088 pascendum

283 4088 646 4157 miserunt.
715 4089 845 4169 Qui
903 4111 1062 4157 cum
1117 4089 1282 4159 illuc
1334 4091 1651 4167 venisset,
1712 4089 1928 4157 multo
1979 4089 2378 4176 adiumento
2428 4087 2555 4156 fuit
2615 4088 2834 4155 homi-

285 4175 490 4247 nibus
523 4176 768 4247 Christi
805 4176 1010 4246 fidem
1063 4180 1544 4265 sequentibus:
1600 4179 1751 4265 ejus
1800 4176 1982 4246 enim
2035 4177 2271 4245 divina
2330 4176 2835 4266 praedicatione

285 4286 360 4332 ac
402 4264 714 4333 doctrina
758 4265 1010 4335 sactum
1061 4279 1183 4347 est,
1221 4281 1296 4336 ut
1330 4266 1542 4337 multa
1579 4266 1820 4357 populi
1870 4267 2169 4335 accessio
2210 4266 2291 4335 ad
2327 4265 2667 4334 Christum
2718 4264 2834 4332 fie-

285 4365 401 4421 ret.
457 4357 622 4422 Cum
674 4376 828 4423 vero
862 4354 1096 4423 divino
1138 4356 1399 4445 Spiritu
1447 4355 1700 4447 ductus
1730 4356 2099 4434 Barnabas,
2147 4355 2231 4423 ab
2282 4355 2452 4424 urbe
2479 4353 2833 4422 Antiochia

333 4482 357 4500 ’⁸‘
388 4478 703 4521 Deductiones
725 4482 955 4523 oratorias
976 4480 1325 4525 eliminavimus
1347 4493 1464 4533 quos
1488 4482 1701 4524 refutant
1722 4482 2027 4523 nonuncium.
