<?xml version="1.0" encoding="UTF-8"?>
<!DOCTYPE html PUBLIC "-//W3C//DTD XHTML 1.0 Transitional//EN"
    "http://www.w3.org/TR/xhtml1/DTD/xhtml1-transitional.dtd">
<html xmlns="http://www.w3.org/1999/xhtml" xml:lang="en" lang="en">
 <head>
  <title>
</title>
<meta http-equiv="Content-Type" content="text/html;charset=utf-8" />
  <meta name='ocr-system' content='tesseract 3.04.00' />
  <meta name='ocr-capabilities' content='ocr_page ocr_carea ocr_par ocr_line ocrx_word'/>
</head>
<body>
  <div class='ocr_page' id='page_1' title='image "./historiaeseuvit02lippgoog_0271.png"; bbox 0 0 3357 4995; ppageno 0'>
   <div class='ocr_carea' id='block_1_1' title="bbox 224 329 2709 399">
    <p class='ocr_par' dir='ltr' id='par_1_1' title="bbox 224 329 2709 399">
     <span class='ocr_line' id='line_1_1' title="bbox 224 329 2709 399; baseline 0.001 -5"><span class='ocrx_word' id='word_1_1' title='bbox 224 329 452 394; x_wconf 73' lang='lat' dir='ltr'>JUNII</span> <span class='ocrx_word' id='word_1_2' title='bbox 510 329 580 391; x_wconf 79' lang='grc' dir='ltr'><strong><em>Μ</em></strong></span> <span class='ocrx_word' id='word_1_3' title='bbox 1069 346 1147 391; x_wconf 74' lang='lat' dir='ltr'>1)ss</span> <span class='ocrx_word' id='word_1_4' title='bbox 1198 347 1253 392; x_wconf 88' lang='lat' dir='ltr'>s.</span> <span class='ocrx_word' id='word_1_5' title='bbox 1310 345 1598 394; x_wconf 75' lang='lat' dir='ltr'>BARNABA</span> <span class='ocrx_word' id='word_1_6' title='bbox 1640 346 1968 399; x_wconf 66' lang='lat' dir='ltr'>‚ArosroLo</span> <span class='ocrx_word' id='word_1_7' title='bbox 2582 333 2709 397; x_wconf 75' lang='lat'>255</span> 
     </span>
    </p>
   </div>
   <div class='ocr_carea' id='block_1_2' title="bbox 161 428 2794 4512">
    <p class='ocr_par' dir='ltr' id='par_1_2' title="bbox 233 428 2794 2202">
     <span class='ocr_line' id='line_1_2' title="bbox 233 428 2794 521; baseline 0.001 -21"><span class='ocrx_word' id='word_1_8' title='bbox 233 431 492 521; x_wconf 90' lang='lat' dir='ltr'>coepit,</span> <span class='ocrx_word' id='word_1_9' title='bbox 546 430 807 519; x_wconf 83' lang='lat' dir='ltr'>quippe</span> <span class='ocrx_word' id='word_1_10' title='bbox 873 430 990 516; x_wconf 92' lang='lat' dir='ltr'>qui</span> <span class='ocrx_word' id='word_1_11' title='bbox 1067 428 1467 499; x_wconf 80' lang='lat' dir='ltr'>adolescens</span> <span class='ocrx_word' id='word_1_12' title='bbox 1515 444 1658 499; x_wconf 88' lang='lat' dir='ltr'>erat</span> <span class='ocrx_word' id='word_1_13' title='bbox 1733 430 2274 511; x_wconf 84' lang='lat' dir='ltr'>formidolosus,</span> <span class='ocrx_word' id='word_1_14' title='bbox 2333 444 2399 500; x_wconf 92' lang='lat' dir='ltr'>et</span> <span class='ocrx_word' id='word_1_15' title='bbox 2449 433 2794 502; x_wconf 85' lang='lat' dir='ltr'>infirmior</span> 
     </span>
     <span class='ocr_line' id='line_1_3' title="bbox 233 519 2788 611; baseline 0 -22"><span class='ocrx_word' id='word_1_16' title='bbox 233 540 440 606; x_wconf 88' lang='lat' dir='ltr'>quam</span> <span class='ocrx_word' id='word_1_17' title='bbox 491 533 568 586; x_wconf 92' lang='lat' dir='ltr'>ut</span> <span class='ocrx_word' id='word_1_18' title='bbox 617 530 900 587; x_wconf 87' lang='lat' dir='ltr'>mortem</span> <span class='ocrx_word' id='word_1_19' title='bbox 954 531 1395 587; x_wconf 82' lang='lat' dir='ltr'>contemnere</span> <span class='ocrx_word' id='word_1_20' title='bbox 1448 532 1696 608; x_wconf 87' lang='lat' dir='ltr'>posset.</span> <span class='ocrx_word' id='word_1_21' title='bbox 1754 519 2104 589; x_wconf 89' lang='lat' dir='ltr'>Derelictis</span> <span class='ocrx_word' id='word_1_22' title='bbox 2154 519 2368 609; x_wconf 86' lang='lat' dir='ltr'>igitur</span> <span class='ocrx_word' id='word_1_23' title='bbox 2408 523 2788 611; x_wconf 75' lang='lat' dir='ltr'>ApostoliS‚</span> 
     </span>
     <span class='ocr_line' id='line_1_4' title="bbox 235 606 2791 700; baseline 0.002 -24"><span class='ocrx_word' id='word_1_24' title='bbox 235 629 549 677; x_wconf 89' lang='lat' dir='ltr'>reversus</span> <span class='ocrx_word' id='word_1_25' title='bbox 596 620 697 675; x_wconf 89' lang='lat' dir='ltr'>est</span> <span class='ocrx_word' id='word_1_26' title='bbox 740 606 1236 694; x_wconf 72' lang='lat' dir='ltr'>ierosolymam</span> <span class='ocrx_word' id='word_1_27' title='bbox 1288 607 1374 675; x_wconf 90' lang='lat' dir='ltr'>ad</span> <span class='ocrx_word' id='word_1_28' title='bbox 1426 620 1715 676; x_wconf 90' lang='lat' dir='ltr'>matrem</span> <span class='ocrx_word' id='word_1_29' title='bbox 1767 630 1989 677; x_wconf 91' lang='lat' dir='ltr'>suam.</span> <span class='ocrx_word' id='word_1_30' title='bbox 2046 613 2213 677; x_wconf 85' lang='lat' dir='ltr'>Cum</span> <span class='ocrx_word' id='word_1_31' title='bbox 2281 630 2437 678; x_wconf 87' lang='lat' dir='ltr'>vero</span> <span class='ocrx_word' id='word_1_32' title='bbox 2486 611 2791 700; x_wconf 78' lang='lat' dir='ltr'>Apostoli</span> 
     </span>
     <span class='ocr_line' id='line_1_5' title="bbox 239 694 2783 785; baseline 0.001 -21"><span class='ocrx_word' id='word_1_33' title='bbox 239 696 584 765; x_wconf 83' lang='lat' dir='ltr'>Barnabas</span> <span class='ocrx_word' id='word_1_34' title='bbox 632 708 697 763; x_wconf 94' lang='lat' dir='ltr'>et</span> <span class='ocrx_word' id='word_1_35' title='bbox 745 694 997 764; x_wconf 90' lang='lat' dir='ltr'>Paulus</span> <span class='ocrx_word' id='word_1_36' title='bbox 1039 713 1234 785; x_wconf 89' lang='lat' dir='ltr'>opus</span> <span class='ocrx_word' id='word_1_37' title='bbox 1282 696 1812 785; x_wconf 85' lang='lat' dir='ltr'>complevissent</span> <span class='ocrx_word' id='word_1_38' title='bbox 1851 695 1936 764; x_wconf 91' lang='lat' dir='ltr'>ad</span> <span class='ocrx_word' id='word_1_39' title='bbox 1987 697 2170 783; x_wconf 91' lang='lat' dir='ltr'>quod</span> <span class='ocrx_word' id='word_1_40' title='bbox 2224 698 2422 767; x_wconf 87' lang='lat' dir='ltr'>missi</span> <span class='ocrx_word' id='word_1_41' title='bbox 2470 697 2783 778; x_wconf 87' lang='lat' dir='ltr'>fuerant,</span> 
     </span>
     <span class='ocr_line' id='line_1_6' title="bbox 236 783 2793 865; baseline 0.001 -12"><span class='ocrx_word' id='word_1_42' title='bbox 236 799 300 854; x_wconf 91' lang='lat' dir='ltr'>et</span> <span class='ocrx_word' id='word_1_43' title='bbox 340 784 612 853; x_wconf 82' lang='lat' dir='ltr'>infinita</span> <span class='ocrx_word' id='word_1_44' title='bbox 712 807 786 852; x_wconf 94' lang='lat' dir='ltr'>ro</span> <span class='ocrx_word' id='word_1_45' title='bbox 845 783 1109 854; x_wconf 85' lang='lat' dir='ltr'>Christo</span> <span class='ocrx_word' id='word_1_46' title='bbox 1157 786 1533 852; x_wconf 87' lang='lat' dir='ltr'>certamina</span> <span class='ocrx_word' id='word_1_47' title='bbox 1593 785 2111 865; x_wconf 80' lang='lat' dir='ltr'>sustinuissent,</span> <span class='ocrx_word' id='word_1_48' title='bbox 2184 799 2516 855; x_wconf 88' lang='lat' dir='ltr'>venerunt</span> <span class='ocrx_word' id='word_1_49' title='bbox 2566 789 2793 856; x_wconf 87' lang='lat' dir='ltr'>Antio-</span> 
     </span>
     <span class='ocr_line' id='line_1_7' title="bbox 237 872 2791 961; baseline 0.001 -20"><span class='ocrx_word' id='word_1_50' title='bbox 237 875 490 952; x_wconf 85' lang='lat' dir='ltr'>chiam,</span> <span class='ocrx_word' id='word_1_51' title='bbox 544 894 639 941; x_wconf 93' lang='lat' dir='ltr'>un</span> <span class='ocrx_word' id='word_1_52' title='bbox 695 894 732 940; x_wconf 89' lang='lat' dir='ltr'>e</span> <span class='ocrx_word' id='word_1_53' title='bbox 769 895 811 940; x_wconf 91' lang='lat' dir='ltr'>a</span> <span class='ocrx_word' id='word_1_54' title='bbox 849 872 1079 940; x_wconf 90' lang='lat' dir='ltr'>divina</span> <span class='ocrx_word' id='word_1_55' title='bbox 1136 874 1356 961; x_wconf 84' lang='lat' dir='ltr'>gratia</span> <span class='ocrx_word' id='word_1_56' title='bbox 1405 875 1599 943; x_wconf 90' lang='lat' dir='ltr'>missi</span> <span class='ocrx_word' id='word_1_57' title='bbox 1656 888 1820 942; x_wconf 91' lang='lat' dir='ltr'>sunt</span> <span class='ocrx_word' id='word_1_58' title='bbox 1868 873 1954 942; x_wconf 83' lang='lat' dir='ltr'>ad</span> <span class='ocrx_word' id='word_1_59' title='bbox 2006 879 2273 943; x_wconf 88' lang='lat' dir='ltr'>Gentes.</span> <span class='ocrx_word' id='word_1_60' title='bbox 2329 881 2615 944; x_wconf 79' lang='lat' dir='ltr'>Necesse</span> <span class='ocrx_word' id='word_1_61' title='bbox 2666 900 2791 944; x_wconf 92' lang='lat' dir='ltr'>au-</span> 
     </span>
     <span class='ocr_line' id='line_1_8' title="bbox 241 960 2793 1053; baseline 0.001 -22"><span class='ocrx_word' id='word_1_62' title='bbox 241 977 369 1032; x_wconf 92' lang='lat' dir='ltr'>tem</span> <span class='ocrx_word' id='word_1_63' title='bbox 425 961 551 1030; x_wconf 85' lang='lat' dir='ltr'>fuit</span> <span class='ocrx_word' id='word_1_64' title='bbox 588 983 831 1030; x_wconf 77' lang='lat' dir='ltr'>rursus</span> <span class='ocrx_word' id='word_1_65' title='bbox 855 960 1198 1050; x_wconf 83' lang='lat' dir='ltr'>proficisci</span> <span class='ocrx_word' id='word_1_66' title='bbox 1228 962 1729 1050; x_wconf 67' lang='lat' dir='ltr'>ierosolymam</span> <span class='ocrx_word' id='word_1_67' title='bbox 1763 962 1850 1031; x_wconf 93' lang='lat' dir='ltr'>ad</span> <span class='ocrx_word' id='word_1_68' title='bbox 1894 968 2166 1032; x_wconf 86' lang='lat' dir='ltr'>Petrum</span> <span class='ocrx_word' id='word_1_69' title='bbox 2194 964 2591 1052; x_wconf 82' lang='lat' dir='ltr'>Apostolum</span> <span class='ocrx_word' id='word_1_70' title='bbox 2633 987 2793 1053; x_wconf 91' lang='lat' dir='ltr'>pro-</span> 
     </span>
     <span class='ocr_line' id='line_1_9' title="bbox 242 1049 2790 1141; baseline 0.001 -21"><span class='ocrx_word' id='word_1_71' title='bbox 242 1065 388 1141; x_wconf 90' lang='lat' dir='ltr'>pter</span> <span class='ocrx_word' id='word_1_72' title='bbox 435 1049 644 1119; x_wconf 86' lang='lat' dir='ltr'>falsos</span> <span class='ocrx_word' id='word_1_73' title='bbox 692 1049 846 1118; x_wconf 88' lang='lat' dir='ltr'>illos</span> <span class='ocrx_word' id='word_1_74' title='bbox 884 1049 1250 1138; x_wconf 77' lang='lat' dir='ltr'>apost0105,</span> <span class='ocrx_word' id='word_1_75' title='bbox 1286 1051 1404 1137; x_wconf 93' lang='lat' dir='ltr'>qui</span> <span class='ocrx_word' id='word_1_76' title='bbox 1432 1050 1770 1120; x_wconf 89' lang='lat' dir='ltr'>docebant</span> <span class='ocrx_word' id='word_1_77' title='bbox 1818 1050 2223 1140; x_wconf 80' lang='lat' dir='ltr'>discipuIOS,</span> <span class='ocrx_word' id='word_1_78' title='bbox 2256 1065 2332 1120; x_wconf 92' lang='lat' dir='ltr'>ut</span> <span class='ocrx_word' id='word_1_79' title='bbox 2380 1075 2450 1120; x_wconf 89' lang='lat' dir='ltr'>se</span> <span class='ocrx_word' id='word_1_80' title='bbox 2485 1054 2790 1122; x_wconf 90' lang='lat' dir='ltr'>circum-</span> 
     </span>
     <span class='ocr_line' id='line_1_10' title="bbox 241 1138 2794 1228; baseline 0 -20"><span class='ocrx_word' id='word_1_81' title='bbox 241 1141 568 1217; x_wconf 89' lang='lat' dir='ltr'>ciderent,</span> <span class='ocrx_word' id='word_1_82' title='bbox 613 1152 678 1206; x_wconf 93' lang='lat' dir='ltr'>et</span> <span class='ocrx_word' id='word_1_83' title='bbox 728 1138 943 1228; x_wconf 86' lang='lat' dir='ltr'>legem</span> <span class='ocrx_word' id='word_1_84' title='bbox 975 1152 1342 1209; x_wconf 85' lang='lat' dir='ltr'>servarent.</span> <span class='ocrx_word' id='word_1_85' title='bbox 1391 1143 1555 1208; x_wconf 88' lang='lat' dir='ltr'>Cum</span> <span class='ocrx_word' id='word_1_86' title='bbox 1592 1153 1820 1208; x_wconf 90' lang='lat' dir='ltr'>autem</span> <span class='ocrx_word' id='word_1_87' title='bbox 1860 1146 2126 1209; x_wconf 86' lang='lat' dir='ltr'>Marcus</span> <span class='ocrx_word' id='word_1_88' title='bbox 2160 1140 2313 1209; x_wconf 88' lang='lat' dir='ltr'>illos</span> <span class='ocrx_word' id='word_1_89' title='bbox 2342 1142 2428 1209; x_wconf 90' lang='lat' dir='ltr'>ab</span> <span class='ocrx_word' id='word_1_90' title='bbox 2464 1141 2794 1210; x_wconf 86' lang='lat' dir='ltr'>omnibus</span> 
     </span>
     <span class='ocr_line' id='line_1_11' title="bbox 241 1226 2789 1319; baseline 0.001 -22"><span class='ocrx_word' id='word_1_91' title='bbox 241 1226 620 1297; x_wconf 81' lang='lat' dir='ltr'>honoratos‘</span> <span class='ocrx_word' id='word_1_92' title='bbox 649 1227 944 1306; x_wconf 87' lang='lat' dir='ltr'>videret,</span> <span class='ocrx_word' id='word_1_93' title='bbox 990 1227 1311 1313; x_wconf 92' lang='lat' dir='ltr'>quodque</span> <span class='ocrx_word' id='word_1_94' title='bbox 1369 1241 1520 1316; x_wconf 86' lang='lat' dir='ltr'>post</span> <span class='ocrx_word' id='word_1_95' title='bbox 1580 1229 1797 1297; x_wconf 89' lang='lat' dir='ltr'>multa</span> <span class='ocrx_word' id='word_1_96' title='bbox 1847 1229 1964 1297; x_wconf 89' lang='lat' dir='ltr'>illa</span> <span class='ocrx_word' id='word_1_97' title='bbox 2015 1231 2290 1298; x_wconf 91' lang='lat' dir='ltr'>verbera</span> <span class='ocrx_word' id='word_1_98' title='bbox 2361 1244 2425 1298; x_wconf 90' lang='lat' dir='ltr'>et</span> <span class='ocrx_word' id='word_1_99' title='bbox 2476 1230 2789 1319; x_wconf 87' lang='lat' dir='ltr'>pericula</span> 
     </span>
     <span class='ocr_line' id='line_1_12' title="bbox 242 1316 2785 1408; baseline 0 -24"><span class='ocrx_word' id='word_1_100' title='bbox 242 1317 659 1385; x_wconf 81' lang='lat' dir='ltr'>robustiores</span> <span class='ocrx_word' id='word_1_101' title='bbox 709 1316 866 1384; x_wconf 83' lang='lat' dir='ltr'>facti</span> <span class='ocrx_word' id='word_1_102' title='bbox 896 1329 1144 1393; x_wconf 85' lang='lat' dir='ltr'>essent,</span> <span class='ocrx_word' id='word_1_103' title='bbox 1183 1329 1247 1383; x_wconf 88' lang='lat' dir='ltr'>et</span> <span class='ocrx_word' id='word_1_104' title='bbox 1289 1317 1571 1404; x_wconf 82' lang='lat' dir='ltr'>integris</span> <span class='ocrx_word' id='word_1_105' title='bbox 1607 1318 2012 1405; x_wconf 86' lang='lat' dir='ltr'>corporibus</span> <span class='ocrx_word' id='word_1_106' title='bbox 2067 1318 2379 1406; x_wconf 88' lang='lat' dir='ltr'>praediti:</span> <span class='ocrx_word' id='word_1_107' title='bbox 2430 1320 2785 1408; x_wconf 85' lang='lat' dir='ltr'>propriam</span> 
     </span>
     <span class='ocr_line' id='line_1_13' title="bbox 242 1405 2784 1490; baseline 0.001 -17"><span class='ocrx_word' id='word_1_108' title='bbox 242 1405 776 1474; x_wconf 83' lang='lat' dir='ltr'>imbecillitatem</span> <span class='ocrx_word' id='word_1_109' title='bbox 821 1426 1179 1482; x_wconf 87' lang='lat' dir='ltr'>accusans,</span> <span class='ocrx_word' id='word_1_110' title='bbox 1228 1405 1448 1473; x_wconf 89' lang='lat' dir='ltr'>doluit</span> <span class='ocrx_word' id='word_1_111' title='bbox 1495 1406 1676 1490; x_wconf 89' lang='lat' dir='ltr'>quod</span> <span class='ocrx_word' id='word_1_112' title='bbox 1732 1405 1984 1474; x_wconf 89' lang='lat' dir='ltr'>factum</span> <span class='ocrx_word' id='word_1_113' title='bbox 2049 1429 2085 1472; x_wconf 87' lang='lat' dir='ltr'>a</span> <span class='ocrx_word' id='word_1_114' title='bbox 2157 1427 2228 1475; x_wconf 89' lang='lat' dir='ltr'>se</span> <span class='ocrx_word' id='word_1_115' title='bbox 2278 1407 2519 1487; x_wconf 78' lang='lat' dir='ltr'>suerat,</span> <span class='ocrx_word' id='word_1_116' title='bbox 2574 1421 2637 1475; x_wconf 89' lang='lat' dir='ltr'>et</span> <span class='ocrx_word' id='word_1_117' title='bbox 2700 1407 2784 1475; x_wconf 89' lang='lat' dir='ltr'>ad</span> 
     </span>
     <span class='ocr_line' id='line_1_14' title="bbox 241 1492 2790 1581; baseline 0.001 -20"><span class='ocrx_word' id='word_1_118' title='bbox 241 1495 526 1562; x_wconf 88' lang='lat' dir='ltr'>Paulum</span> <span class='ocrx_word' id='word_1_119' title='bbox 563 1492 844 1580; x_wconf 90' lang='lat' dir='ltr'>quidem</span> <span class='ocrx_word' id='word_1_120' title='bbox 895 1493 1123 1581; x_wconf 89' lang='lat' dir='ltr'>ipsum</span> <span class='ocrx_word' id='word_1_121' title='bbox 1177 1494 1454 1563; x_wconf 86' lang='lat' dir='ltr'>erubuit</span> <span class='ocrx_word' id='word_1_122' title='bbox 1487 1516 1557 1560; x_wconf 87' lang='lat' dir='ltr'>se</span> <span class='ocrx_word' id='word_1_123' title='bbox 1605 1494 1939 1574; x_wconf 87' lang='lat' dir='ltr'>conferre,</span> <span class='ocrx_word' id='word_1_124' title='bbox 1981 1496 2363 1564; x_wconf 88' lang='lat' dir='ltr'>Barnabam</span> <span class='ocrx_word' id='word_1_125' title='bbox 2414 1518 2570 1564; x_wconf 91' lang='lat' dir='ltr'>vero</span> <span class='ocrx_word' id='word_1_126' title='bbox 2622 1496 2790 1564; x_wconf 86' lang='lat' dir='ltr'>adiit</span> 
     </span>
     <span class='ocr_line' id='line_1_15' title="bbox 242 1582 2793 1683; baseline 0.001 -34"><span class='ocrx_word' id='word_1_127' title='bbox 242 1582 656 1670; x_wconf 86' lang='lat' dir='ltr'>lacrymans:</span> <span class='ocrx_word' id='word_1_128' title='bbox 711 1604 1012 1667; x_wconf 91' lang='lat' dir='ltr'>cumque</span> <span class='ocrx_word' id='word_1_129' title='bbox 1061 1583 1143 1649; x_wconf 91' lang='lat' dir='ltr'>ad</span> <span class='ocrx_word' id='word_1_130' title='bbox 1195 1583 1347 1670; x_wconf 86' lang='lat' dir='ltr'>ejus</span> <span class='ocrx_word' id='word_1_131' title='bbox 1384 1583 1589 1671; x_wconf 89' lang='lat' dir='ltr'>pedes</span> <span class='ocrx_word' id='word_1_132' title='bbox 1640 1605 1711 1652; x_wconf 91' lang='lat' dir='ltr'>se</span> <span class='ocrx_word' id='word_1_133' title='bbox 1746 1583 2129 1672; x_wconf 89' lang='lat' dir='ltr'>abjecisset,</span> <span class='ocrx_word' id='word_1_134' title='bbox 2173 1605 2332 1652; x_wconf 91' lang='lat' dir='ltr'>eum</span> <span class='ocrx_word' id='word_1_135' title='bbox 2372 1584 2676 1683; x_wconf 83' lang='lat' dir='ltr'>rogabat,</span> <span class='ocrx_word' id='word_1_136' title='bbox 2718 1599 2793 1652; x_wconf 91' lang='lat' dir='ltr'>ut</span> 
     </span>
     <span class='ocr_line' id='line_1_16' title="bbox 240 1671 2793 1760; baseline 0.001 -21"><span class='ocrx_word' id='word_1_137' title='bbox 240 1671 615 1759; x_wconf 89' lang='lat' dir='ltr'>superioris</span> <span class='ocrx_word' id='word_1_138' title='bbox 648 1672 853 1738; x_wconf 90' lang='lat' dir='ltr'>errati</span> <span class='ocrx_word' id='word_1_139' title='bbox 892 1671 1154 1738; x_wconf 87' lang='lat' dir='ltr'>veniam</span> <span class='ocrx_word' id='word_1_140' title='bbox 1196 1672 1614 1760; x_wconf 79' lang='lat' dir='ltr'>impetraret,</span> <span class='ocrx_word' id='word_1_141' title='bbox 1653 1685 1718 1739; x_wconf 91' lang='lat' dir='ltr'>et</span> <span class='ocrx_word' id='word_1_142' title='bbox 1750 1671 1906 1758; x_wconf 89' lang='lat' dir='ltr'>ejus</span> <span class='ocrx_word' id='word_1_143' title='bbox 1938 1671 2260 1760; x_wconf 89' lang='lat' dir='ltr'>precibus</span> <span class='ocrx_word' id='word_1_144' title='bbox 2294 1671 2560 1741; x_wconf 84' lang='lat' dir='ltr'>firmior</span> <span class='ocrx_word' id='word_1_145' title='bbox 2601 1673 2793 1746; x_wconf 83' lang='lat' dir='ltr'>fieret</span> 
     </span>
     <span class='ocr_line' id='line_1_17' title="bbox 241 1759 2791 1850; baseline 0.002 -24"><span class='ocrx_word' id='word_1_146' title='bbox 241 1762 304 1827; x_wconf 91' lang='lat' dir='ltr'>in</span> <span class='ocrx_word' id='word_1_147' title='bbox 362 1774 736 1849; x_wconf 90' lang='lat' dir='ltr'>posterum,</span> <span class='ocrx_word' id='word_1_148' title='bbox 791 1759 1101 1827; x_wconf 84' lang='lat' dir='ltr'>futurum</span> <span class='ocrx_word' id='word_1_149' title='bbox 1158 1761 1602 1848; x_wconf 86' lang='lat' dir='ltr'>promittens,</span> <span class='ocrx_word' id='word_1_150' title='bbox 1661 1773 1738 1828; x_wconf 90' lang='lat' dir='ltr'>ut</span> <span class='ocrx_word' id='word_1_151' title='bbox 1786 1761 2020 1829; x_wconf 91' lang='lat' dir='ltr'>omnia</span> <span class='ocrx_word' id='word_1_152' title='bbox 2071 1761 2309 1829; x_wconf 90' lang='lat' dir='ltr'>mortis</span> <span class='ocrx_word' id='word_1_153' title='bbox 2354 1783 2616 1850; x_wconf 75' lang='lat' dir='ltr'>genera</span> <span class='ocrx_word' id='word_1_154' title='bbox 2672 1785 2791 1850; x_wconf 89' lang='lat' dir='ltr'>pro</span> 
     </span>
     <span class='ocr_line' id='line_1_18' title="bbox 239 1848 2791 1938; baseline 0 -22"><span class='ocrx_word' id='word_1_155' title='bbox 239 1848 507 1917; x_wconf 90' lang='lat' dir='ltr'>Domini</span> <span class='ocrx_word' id='word_1_156' title='bbox 543 1849 754 1918; x_wconf 87' lang='lat' dir='ltr'>nostri</span> <span class='ocrx_word' id='word_1_157' title='bbox 793 1854 959 1917; x_wconf 80' lang='lat' dir='ltr'>Jesu</span> <span class='ocrx_word' id='word_1_158' title='bbox 1001 1848 1246 1916; x_wconf 81' lang='lat' dir='ltr'>Christi</span> <span class='ocrx_word' id='word_1_159' title='bbox 1283 1849 1583 1926; x_wconf 77' lang='lat' dir='ltr'>nomine,</span> <span class='ocrx_word' id='word_1_160' title='bbox 1627 1863 1946 1938; x_wconf 90' lang='lat' dir='ltr'>prompto</span> <span class='ocrx_word' id='word_1_161' title='bbox 1980 1850 2214 1918; x_wconf 90' lang='lat' dir='ltr'>animo</span> <span class='ocrx_word' id='word_1_162' title='bbox 2242 1850 2579 1919; x_wconf 79' lang='lat' dir='ltr'>sufferret.</span> <span class='ocrx_word' id='word_1_163' title='bbox 2622 1849 2791 1918; x_wconf 84' lang='lat' dir='ltr'>Mul-</span> 
     </span>
     <span class='ocr_line' id='line_1_19' title="bbox 236 1936 2786 2024; baseline 0 -19"><span class='ocrx_word' id='word_1_164' title='bbox 236 1938 321 2005; x_wconf 87' lang='lat' dir='ltr'>tis</span> <span class='ocrx_word' id='word_1_165' title='bbox 371 1938 478 2005; x_wconf 91' lang='lat' dir='ltr'>his</span> <span class='ocrx_word' id='word_1_166' title='bbox 530 1936 854 2024; x_wconf 85' lang='lat' dir='ltr'>lacrymis</span> <span class='ocrx_word' id='word_1_167' title='bbox 885 1938 1584 2016; x_wconf 83' lang='lat' dir='ltr'>Barnabas&#39;ssectitur,</span> <span class='ocrx_word' id='word_1_168' title='bbox 1630 1960 1932 2023; x_wconf 90' lang='lat' dir='ltr'>eumque</span> <span class='ocrx_word' id='word_1_169' title='bbox 1988 1938 2322 2014; x_wconf 90' lang='lat' dir='ltr'>hortatus,</span> <span class='ocrx_word' id='word_1_170' title='bbox 2392 1953 2468 2008; x_wconf 91' lang='lat' dir='ltr'>ut</span> <span class='ocrx_word' id='word_1_171' title='bbox 2502 1962 2539 2007; x_wconf 93' lang='lat' dir='ltr'>a</span> <span class='ocrx_word' id='word_1_172' title='bbox 2595 1939 2786 2007; x_wconf 89' lang='lat' dir='ltr'>luctu</span> 
     </span>
     <span class='ocr_line' id='line_1_20' title="bbox 236 2021 2791 2116; baseline 0 -22"><span class='ocrx_word' id='word_1_173' title='bbox 236 2021 612 2094; x_wconf 76' lang='lat' dir='ltr'>desisteret:</span> <span class='ocrx_word' id='word_1_174' title='bbox 671 2026 834 2104; x_wconf 85' lang='lat' dir='ltr'>Fiat,</span> <span class='ocrx_word' id='word_1_175' title='bbox 878 2025 1122 2110; x_wconf 88' lang='lat' dir='ltr'>inquit,</span> <span class='ocrx_word' id='word_1_176' title='bbox 1158 2027 1341 2112; x_wconf 93' lang='lat' dir='ltr'>quod</span> <span class='ocrx_word' id='word_1_177' title='bbox 1377 2031 1553 2095; x_wconf 90' lang='lat' dir='ltr'>Deus</span> <span class='ocrx_word' id='word_1_178' title='bbox 1604 2027 1769 2104; x_wconf 92' lang='lat' dir='ltr'>vult,</span> <span class='ocrx_word' id='word_1_179' title='bbox 1803 2027 2008 2096; x_wconf 90' lang='lat' dir='ltr'>modo</span> <span class='ocrx_word' id='word_1_180' title='bbox 2044 2040 2116 2096; x_wconf 92' lang='lat' dir='ltr'>tu</span> <span class='ocrx_word' id='word_1_181' title='bbox 2155 2040 2431 2116; x_wconf 90' lang='lat' dir='ltr'>paratus</span> <span class='ocrx_word' id='word_1_182' title='bbox 2463 2029 2557 2096; x_wconf 90' lang='lat' dir='ltr'>sis</span> <span class='ocrx_word' id='word_1_183' title='bbox 2592 2050 2791 2116; x_wconf 89' lang='lat' dir='ltr'>prae-</span> 
     </span>
     <span class='ocr_line' id='line_1_21' title="bbox 238 2115 1094 2202; baseline -0.001 -21"><span class='ocrx_word' id='word_1_184' title='bbox 238 2128 416 2183; x_wconf 88' lang='lat' dir='ltr'>stare</span> <span class='ocrx_word' id='word_1_185' title='bbox 447 2115 627 2199; x_wconf 90' lang='lat' dir='ltr'>quod</span> <span class='ocrx_word' id='word_1_186' title='bbox 673 2115 1094 2202; x_wconf 89' lang='lat' dir='ltr'>promiseris.</span> 
     </span>
    </p>

    <p class='ocr_par' dir='ltr' id='par_1_3' title="bbox 161 2203 2789 3267">
     <span class='ocr_line' id='line_1_22' title="bbox 323 2203 2789 2293; baseline 0 -21"><span class='ocrx_word' id='word_1_187' title='bbox 323 2206 359 2289; x_wconf 72' lang='grc' dir='ltr'>ξ</span> <span class='ocrx_word' id='word_1_188' title='bbox 409 2208 555 2272; x_wconf 64' lang='lat'>18.</span> <span class='ocrx_word' id='word_1_189' title='bbox 610 2208 774 2271; x_wconf 77' lang='lat' dir='ltr'>Cum</span> <span class='ocrx_word' id='word_1_190' title='bbox 814 2224 967 2270; x_wconf 90' lang='lat' dir='ltr'>vero</span> <span class='ocrx_word' id='word_1_191' title='bbox 1002 2203 1256 2292; x_wconf 88' lang='lat' dir='ltr'>scripta</span> <span class='ocrx_word' id='word_1_192' title='bbox 1306 2205 1733 2293; x_wconf 89' lang='lat' dir='ltr'>accepissent</span> <span class='ocrx_word' id='word_1_193' title='bbox 1779 2226 1955 2289; x_wconf 84' lang='lat' dir='ltr'>quae</span> <span class='ocrx_word' id='word_1_194' title='bbox 2004 2205 2090 2271; x_wconf 89' lang='lat' dir='ltr'>ab</span> <span class='ocrx_word' id='word_1_195' title='bbox 2131 2204 2466 2292; x_wconf 89' lang='lat' dir='ltr'>Apostolis</span> <span class='ocrx_word' id='word_1_196' title='bbox 2504 2205 2571 2272; x_wconf 90' lang='lat' dir='ltr'>in</span> <span class='ocrx_word' id='word_1_197' title='bbox 2614 2206 2789 2273; x_wconf 89' lang='lat' dir='ltr'>urbe</span> 
     </span>
     <span class='ocr_line' id='line_1_23' title="bbox 234 2290 2783 2379; baseline 0.001 -21"><span class='ocrx_word' id='word_1_198' title='bbox 234 2290 664 2379; x_wconf 66' lang='lat' dir='ltr'>ierosolyma</span> <span class='ocrx_word' id='word_1_199' title='bbox 723 2291 992 2359; x_wconf 92' lang='lat' dir='ltr'>decreta</span> <span class='ocrx_word' id='word_1_200' title='bbox 1044 2291 1356 2367; x_wconf 85' lang='lat' dir='ltr'>fuerant,</span> <span class='ocrx_word' id='word_1_201' title='bbox 1412 2292 1918 2361; x_wconf 89' lang='lat' dir='ltr'>descenderunt</span> <span class='ocrx_word' id='word_1_202' title='bbox 1993 2293 2469 2370; x_wconf 85' lang='lat' dir='ltr'>Antiochiam,</span> <span class='ocrx_word' id='word_1_203' title='bbox 2528 2307 2592 2361; x_wconf 91' lang='lat' dir='ltr'>et</span> <span class='ocrx_word' id='word_1_204' title='bbox 2642 2316 2783 2361; x_wconf 87' lang='lat' dir='ltr'>una</span> 
     </span>
     <span class='ocr_line' id='line_1_24' title="bbox 235 2379 2783 2470; baseline 0.001 -24"><span class='ocrx_word' id='word_1_205' title='bbox 235 2402 393 2448; x_wconf 83' lang='lat' dir='ltr'>curn</span> <span class='ocrx_word' id='word_1_206' title='bbox 447 2379 772 2448; x_wconf 86' lang='lat' dir='ltr'>fratribus</span> <span class='ocrx_word' id='word_1_207' title='bbox 806 2381 1222 2449; x_wconf 85' lang='lat' dir='ltr'>exultabant.</span> <span class='ocrx_word' id='word_1_208' title='bbox 1273 2386 1541 2449; x_wconf 86' lang='lat' dir='ltr'>Marcus</span> <span class='ocrx_word' id='word_1_209' title='bbox 1593 2393 1819 2449; x_wconf 89' lang='lat' dir='ltr'>autem</span> <span class='ocrx_word' id='word_1_210' title='bbox 1874 2381 2061 2470; x_wconf 87' lang='lat' dir='ltr'>ipsos</span> <span class='ocrx_word' id='word_1_211' title='bbox 2110 2382 2343 2449; x_wconf 88' lang='lat' dir='ltr'>animo</span> <span class='ocrx_word' id='word_1_212' title='bbox 2398 2403 2641 2469; x_wconf 86' lang='lat' dir='ltr'>parum</span> <span class='ocrx_word' id='word_1_213' title='bbox 2706 2382 2783 2449; x_wconf 84' lang='lat' dir='ltr'>fi-</span> 
     </span>
     <span class='ocr_line' id='line_1_25' title="bbox 235 2468 2785 2559; baseline 0 -22"><span class='ocrx_word' id='word_1_214' title='bbox 235 2468 418 2538; x_wconf 92' lang='lat' dir='ltr'>denti</span> <span class='ocrx_word' id='word_1_215' title='bbox 473 2482 749 2538; x_wconf 90' lang='lat' dir='ltr'>secutus</span> <span class='ocrx_word' id='word_1_216' title='bbox 807 2482 929 2538; x_wconf 87' lang='lat' dir='ltr'>est.</span> <span class='ocrx_word' id='word_1_217' title='bbox 987 2475 1140 2540; x_wconf 90' lang='lat' dir='ltr'>Post</span> <span class='ocrx_word' id='word_1_218' title='bbox 1182 2469 1345 2538; x_wconf 88' lang='lat' dir='ltr'>haec</span> <span class='ocrx_word' id='word_1_219' title='bbox 1398 2470 1618 2538; x_wconf 87' lang='lat' dir='ltr'>visum</span> <span class='ocrx_word' id='word_1_220' title='bbox 1669 2482 1771 2538; x_wconf 87' lang='lat' dir='ltr'>est</span> <span class='ocrx_word' id='word_1_221' title='bbox 1828 2471 2177 2540; x_wconf 86' lang='lat' dir='ltr'>Barnabae</span> <span class='ocrx_word' id='word_1_222' title='bbox 2215 2482 2280 2539; x_wconf 91' lang='lat' dir='ltr'>et</span> <span class='ocrx_word' id='word_1_223' title='bbox 2332 2469 2539 2539; x_wconf 82' lang='lat' dir='ltr'>l&#39;aulo</span> <span class='ocrx_word' id='word_1_224' title='bbox 2592 2492 2785 2559; x_wconf 85' lang='lat' dir='ltr'>pera—</span> 
     </span>
     <span class='ocr_line' id='line_1_26' title="bbox 235 2557 2782 2647; baseline 0 -21"><span class='ocrx_word' id='word_1_225' title='bbox 235 2580 432 2647; x_wconf 81' lang='lat' dir='ltr'>grare</span> <span class='ocrx_word' id='word_1_226' title='bbox 469 2559 676 2627; x_wconf 90' lang='lat' dir='ltr'>urbes</span> <span class='ocrx_word' id='word_1_227' title='bbox 723 2580 985 2635; x_wconf 90' lang='lat' dir='ltr'>omnes,</span> <span class='ocrx_word' id='word_1_228' title='bbox 1039 2572 1103 2626; x_wconf 90' lang='lat' dir='ltr'>et</span> <span class='ocrx_word' id='word_1_229' title='bbox 1151 2557 1392 2627; x_wconf 86' lang='lat' dir='ltr'>fratres</span> <span class='ocrx_word' id='word_1_230' title='bbox 1423 2560 1658 2626; x_wconf 86' lang='lat' dir='ltr'>visere.</span> <span class='ocrx_word' id='word_1_231' title='bbox 1708 2564 1897 2628; x_wconf 84' lang='lat' dir='ltr'>Tunc</span> <span class='ocrx_word' id='word_1_232' title='bbox 1948 2560 2294 2628; x_wconf 87' lang='lat' dir='ltr'>Barnabas</span> <span class='ocrx_word' id='word_1_233' title='bbox 2344 2559 2634 2627; x_wconf 82' lang='lat' dir='ltr'>Paulum</span> <span class='ocrx_word' id='word_1_234' title='bbox 2675 2582 2782 2627; x_wconf 94' lang='lat' dir='ltr'>ro-</span> 
     </span>
     <span class='ocr_line' id='line_1_27' title="bbox 161 2648 2776 2736; baseline 0 -21"><span class='ocrx_word' id='word_1_235' title='bbox 161 2661 165 2665; x_wconf 48' lang='lat'><em>*</em></span> <span class='ocrx_word' id='word_1_236' title='bbox 232 2649 458 2735; x_wconf 86' lang='lat' dir='ltr'>gabat,</span> <span class='ocrx_word' id='word_1_237' title='bbox 510 2659 587 2715; x_wconf 90' lang='lat' dir='ltr'>ut</span> <span class='ocrx_word' id='word_1_238' title='bbox 636 2652 937 2716; x_wconf 85' lang='lat' dir='ltr'>Marcum</span> <span class='ocrx_word' id='word_1_239' title='bbox 990 2669 1222 2715; x_wconf 90' lang='lat' dir='ltr'>secum</span> <span class='ocrx_word' id='word_1_240' title='bbox 1273 2670 1414 2715; x_wconf 90' lang='lat' dir='ltr'>una</span> <span class='ocrx_word' id='word_1_241' title='bbox 1464 2648 1694 2715; x_wconf 87' lang='lat' dir='ltr'>venire</span> <span class='ocrx_word' id='word_1_242' title='bbox 1746 2661 2113 2736; x_wconf 87' lang='lat' dir='ltr'>pateretur,</span> <span class='ocrx_word' id='word_1_243' title='bbox 2178 2648 2435 2736; x_wconf 92' lang='lat' dir='ltr'>quippe</span> <span class='ocrx_word' id='word_1_244' title='bbox 2484 2648 2603 2732; x_wconf 89' lang='lat' dir='ltr'>qui</span> <span class='ocrx_word' id='word_1_245' title='bbox 2658 2671 2776 2736; x_wconf 91' lang='lat' dir='ltr'>pa-</span> 
     </span>
     <span class='ocr_line' id='line_1_28' title="bbox 231 2736 2771 2825; baseline -0 -22"><span class='ocrx_word' id='word_1_246' title='bbox 231 2749 423 2805; x_wconf 89' lang='lat' dir='ltr'>ratus</span> <span class='ocrx_word' id='word_1_247' title='bbox 451 2749 627 2806; x_wconf 91' lang='lat' dir='ltr'>esset</span> <span class='ocrx_word' id='word_1_248' title='bbox 675 2758 895 2821; x_wconf 88' lang='lat' dir='ltr'>usque</span> <span class='ocrx_word' id='word_1_249' title='bbox 943 2736 1028 2803; x_wconf 92' lang='lat' dir='ltr'>ad</span> <span class='ocrx_word' id='word_1_250' title='bbox 1073 2749 1357 2804; x_wconf 86' lang='lat' dir='ltr'>mortem</span> <span class='ocrx_word' id='word_1_251' title='bbox 1410 2757 1533 2825; x_wconf 92' lang='lat' dir='ltr'>pro</span> <span class='ocrx_word' id='word_1_252' title='bbox 1564 2736 1813 2805; x_wconf 78' lang='lat' dir='ltr'>Christi</span> <span class='ocrx_word' id='word_1_253' title='bbox 1847 2736 1981 2804; x_wconf 87' lang='lat' dir='ltr'>fide</span> <span class='ocrx_word' id='word_1_254' title='bbox 2021 2750 2365 2805; x_wconf 87' lang='lat' dir='ltr'>certamen</span> <span class='ocrx_word' id='word_1_255' title='bbox 2404 2737 2771 2806; x_wconf 87' lang='lat' dir='ltr'>sustinere.</span> 
     </span>
     <span class='ocr_line' id='line_1_29' title="bbox 233 2824 2777 2913; baseline 0 -21"><span class='ocrx_word' id='word_1_256' title='bbox 233 2825 486 2894; x_wconf 87' lang='lat' dir='ltr'>Paulus</span> <span class='ocrx_word' id='word_1_257' title='bbox 533 2846 688 2892; x_wconf 88' lang='lat' dir='ltr'>vero</span> <span class='ocrx_word' id='word_1_258' title='bbox 749 2838 986 2893; x_wconf 89' lang='lat' dir='ltr'>contra</span> <span class='ocrx_word' id='word_1_259' title='bbox 1035 2826 1321 2913; x_wconf 85' lang='lat' dir='ltr'>rogabat</span> <span class='ocrx_word' id='word_1_260' title='bbox 1367 2824 1783 2903; x_wconf 86' lang='lat' dir='ltr'>Barnabam,</span> <span class='ocrx_word' id='word_1_261' title='bbox 1843 2836 1919 2893; x_wconf 90' lang='lat' dir='ltr'>ut</span> <span class='ocrx_word' id='word_1_262' title='bbox 1967 2847 2200 2894; x_wconf 88' lang='lat' dir='ltr'>secum</span> <span class='ocrx_word' id='word_1_263' title='bbox 2255 2847 2393 2893; x_wconf 89' lang='lat' dir='ltr'>una</span> <span class='ocrx_word' id='word_1_264' title='bbox 2432 2830 2777 2893; x_wconf 85' lang='lat' dir='ltr'>·Marcum</span> 
     </span>
     <span class='ocr_line' id='line_1_30' title="bbox 229 2912 2785 3002; baseline 0.001 -22"><span class='ocrx_word' id='word_1_265' title='bbox 229 2935 365 2981; x_wconf 93' lang='lat' dir='ltr'>non</span> <span class='ocrx_word' id='word_1_266' title='bbox 419 2912 772 2982; x_wconf 87' lang='lat' dir='ltr'>haberent.</span> <span class='ocrx_word' id='word_1_267' title='bbox 825 2914 996 2981; x_wconf 87' lang='lat' dir='ltr'>Hinc</span> <span class='ocrx_word' id='word_1_268' title='bbox 1045 2914 1315 2981; x_wconf 88' lang='lat' dir='ltr'>occasio</span> <span class='ocrx_word' id='word_1_269' title='bbox 1363 2913 1702 2999; x_wconf 89' lang='lat' dir='ltr'>quaedam</span> <span class='ocrx_word' id='word_1_270' title='bbox 1756 2926 1913 2981; x_wconf 88' lang='lat' dir='ltr'>nata</span> <span class='ocrx_word' id='word_1_271' title='bbox 1974 2929 2096 2993; x_wconf 85' lang='lat' dir='ltr'>est,</span> <span class='ocrx_word' id='word_1_272' title='bbox 2153 2927 2227 2981; x_wconf 90' lang='lat' dir='ltr'>ut</span> <span class='ocrx_word' id='word_1_273' title='bbox 2282 2913 2580 3002; x_wconf 79' lang='lat' dir='ltr'>Apostoli</span> <span class='ocrx_word' id='word_1_274' title='bbox 2622 2936 2660 2980; x_wconf 88' lang='lat' dir='ltr'>a</span> <span class='ocrx_word' id='word_1_275' title='bbox 2710 2936 2785 2982; x_wconf 90' lang='lat' dir='ltr'>se</span> 
     </span>
     <span class='ocr_line' id='line_1_31' title="bbox 230 3001 2773 3091; baseline 0.001 -23"><span class='ocrx_word' id='word_1_276' title='bbox 230 3002 530 3070; x_wconf 87' lang='lat' dir='ltr'>vicissim</span> <span class='ocrx_word' id='word_1_277' title='bbox 570 3015 1073 3091; x_wconf 86' lang='lat' dir='ltr'>separarentur,</span> <span class='ocrx_word' id='word_1_278' title='bbox 1127 3001 1360 3070; x_wconf 91' lang='lat' dir='ltr'>divina</span> <span class='ocrx_word' id='word_1_279' title='bbox 1460 3002 1843 3071; x_wconf 73' lang='lat' dir='ltr'>revidentia</span> <span class='ocrx_word' id='word_1_280' title='bbox 1893 3002 1960 3070; x_wconf 92' lang='lat' dir='ltr'>id</span> <span class='ocrx_word' id='word_1_281' title='bbox 2005 3002 2264 3072; x_wconf 89' lang='lat' dir='ltr'>utiliter</span> <span class='ocrx_word' id='word_1_282' title='bbox 2316 3003 2773 3091; x_wconf 78' lang='lat' dir='ltr'>permittente.</span> 
     </span>
     <span class='ocr_line' id='line_1_32' title="bbox 231 3024 2782 3190; baseline 0.001 -32"><span class='ocrx_word' id='word_1_283' title='bbox 231 3095 408 3159; x_wconf 89' lang='lat' dir='ltr'>Deus</span> <span class='ocrx_word' id='word_1_284' title='bbox 455 3092 640 3159; x_wconf 91' lang='lat' dir='ltr'>enim</span> <span class='ocrx_word' id='word_1_285' title='bbox 682 3091 830 3190; x_wconf 86' lang='lat' dir='ltr'>ipse</span> <span class='ocrx_word' id='word_1_286' title='bbox 865 3089 1166 3159; x_wconf 83' lang='lat' dir='ltr'>Marcum</span> <span class='ocrx_word' id='word_1_287' title='bbox 1222 3024 1636 3180; x_wconf 68' lang='lat' dir='ltr'>populbrum</span> <span class='ocrx_word' id='word_1_288' title='bbox 1672 3103 1737 3159; x_wconf 92' lang='lat' dir='ltr'>et</span> <span class='ocrx_word' id='word_1_289' title='bbox 1785 3092 2094 3179; x_wconf 87' lang='lat' dir='ltr'>gentium</span> <span class='ocrx_word' id='word_1_290' title='bbox 2128 3089 2502 3161; x_wconf 88' lang='lat' dir='ltr'>multarum</span> <span class='ocrx_word' id='word_1_291' title='bbox 2556 3105 2782 3181; x_wconf 89' lang='lat' dir='ltr'>pasto-</span> 
     </span>
     <span class='ocr_line' id='line_1_33' title="bbox 229 3192 1569 3267; baseline -0.001 -20"><span class='ocrx_word' id='word_1_292' title='bbox 229 3201 372 3248; x_wconf 88' lang='lat' dir='ltr'>rem</span> <span class='ocrx_word' id='word_1_293' title='bbox 426 3202 505 3247; x_wconf 88' lang='lat' dir='ltr'>ac</span> <span class='ocrx_word' id='word_1_294' title='bbox 556 3193 964 3267; x_wconf 80' lang='lat' dir='ltr'>magistrum</span> <span class='ocrx_word' id='word_1_295' title='bbox 1014 3192 1372 3249; x_wconf 87' lang='lat' dir='ltr'>creaturus</span> <span class='ocrx_word' id='word_1_296' title='bbox 1402 3193 1569 3249; x_wconf 90' lang='lat' dir='ltr'>erat.</span> 
     </span>
    </p>

    <p class='ocr_par' dir='ltr' id='par_1_4' title="bbox 213 3267 2781 4512">
     <span class='ocr_line' id='line_1_34' title="bbox 312 3267 2779 3358; baseline -0.002 -17"><span class='ocrx_word' id='word_1_297' title='bbox 312 3271 351 3354; x_wconf 67' lang='grc' dir='ltr'>ξ</span> <span class='ocrx_word' id='word_1_298' title='bbox 396 3273 545 3341; x_wconf 67' lang='lat' dir='ltr'>ss.</span> <span class='ocrx_word' id='word_1_299' title='bbox 602 3268 730 3337; x_wconf 87' lang='lat' dir='ltr'>Sed</span> <span class='ocrx_word' id='word_1_300' title='bbox 775 3290 974 3337; x_wconf 88' lang='lat' dir='ltr'>nemo</span> <span class='ocrx_word' id='word_1_301' title='bbox 1027 3268 1504 3355; x_wconf 89' lang='lat' dir='ltr'>imprudenter</span> <span class='ocrx_word' id='word_1_302' title='bbox 1558 3269 1837 3358; x_wconf 90' lang='lat' dir='ltr'>proprio</span> <span class='ocrx_word' id='word_1_303' title='bbox 1891 3268 2136 3336; x_wconf 82' lang='lat' dir='ltr'>affectu</span> <span class='ocrx_word' id='word_1_304' title='bbox 2189 3268 2530 3347; x_wconf 84' lang='lat' dir='ltr'>metiatur,</span> <span class='ocrx_word' id='word_1_305' title='bbox 2594 3267 2779 3354; x_wconf 90' lang='lat' dir='ltr'>quod</span> 
     </span>
     <span class='ocr_line' id='line_1_35' title="bbox 225 3356 2781 3446; baseline -0.001 -21"><span class='ocrx_word' id='word_1_306' title='bbox 225 3371 326 3425; x_wconf 88' lang='lat' dir='ltr'>est</span> <span class='ocrx_word' id='word_1_307' title='bbox 375 3358 682 3427; x_wconf 86' lang='lat' dir='ltr'>insacra</span> <span class='ocrx_word' id='word_1_308' title='bbox 729 3357 813 3425; x_wconf 93' lang='lat' dir='ltr'>de</span> <span class='ocrx_word' id='word_1_309' title='bbox 861 3356 1335 3446; x_wconf 79' lang='lat' dir='ltr'>Apostolorum</span> <span class='ocrx_word' id='word_1_310' title='bbox 1384 3358 1554 3426; x_wconf 84' lang='lat' dir='ltr'>actis</span> <span class='ocrx_word' id='word_1_311' title='bbox 1587 3357 1896 3437; x_wconf 88' lang='lat' dir='ltr'>historia,</span> <span class='ocrx_word' id='word_1_312' title='bbox 1951 3377 2086 3442; x_wconf 93' lang='lat' dir='ltr'>quo</span> <span class='ocrx_word' id='word_1_313' title='bbox 2140 3356 2285 3426; x_wconf 92' lang='lat' dir='ltr'>loco</span> <span class='ocrx_word' id='word_1_314' title='bbox 2322 3356 2406 3423; x_wconf 84' lang='lat' dir='ltr'>de</span> <span class='ocrx_word' id='word_1_315' title='bbox 2457 3356 2667 3425; x_wconf 85' lang='lat' dir='ltr'>Paulo</span> <span class='ocrx_word' id='word_1_316' title='bbox 2716 3369 2781 3425; x_wconf 90' lang='lat' dir='ltr'>et</span> 
     </span>
     <span class='ocr_line' id='line_1_36' title="bbox 226 3444 2781 3516; baseline -0 -3"><span class='ocrx_word' id='word_1_317' title='bbox 226 3446 538 3514; x_wconf 88' lang='lat' dir='ltr'>Barnaba</span> <span class='ocrx_word' id='word_1_318' title='bbox 585 3458 905 3514; x_wconf 86' lang='lat' dir='ltr'>narratur</span> <span class='ocrx_word' id='word_1_319' title='bbox 955 3444 1171 3514; x_wconf 86' lang='lat' dir='ltr'>illud:</span> <span class='ocrx_word' id='word_1_320' title='bbox 1229 3449 1424 3514; x_wconf 83' lang='lat' dir='ltr'>Facta</span> <span class='ocrx_word' id='word_1_321' title='bbox 1463 3458 1564 3513; x_wconf 90' lang='lat' dir='ltr'>est</span> <span class='ocrx_word' id='word_1_322' title='bbox 1635 3445 1975 3516; x_wconf 89' lang='lat' dir='ltr'>dissensio</span> <span class='ocrx_word' id='word_1_323' title='bbox 2030 3446 2122 3514; x_wconf 89' lang='lat' dir='ltr'>ita</span> <span class='ocrx_word' id='word_1_324' title='bbox 2198 3458 2268 3513; x_wconf 88' lang='lat' dir='ltr'>ut</span> <span class='ocrx_word' id='word_1_325' title='bbox 2346 3444 2781 3514; x_wconf 90' lang='lat' dir='ltr'>discederent</span> 
     </span>
     <span class='ocr_line' id='line_1_37' title="bbox 223 3533 2780 3604; baseline -0 -2"><span class='ocrx_word' id='word_1_326' title='bbox 223 3535 630 3604; x_wconf 84' lang='lat' dir='ltr'>abinvicem.</span> <span class='ocrx_word' id='word_1_327' title='bbox 687 3540 828 3603; x_wconf 88' lang='lat' dir='ltr'>Non</span> <span class='ocrx_word' id='word_1_328' title='bbox 877 3534 1059 3602; x_wconf 90' lang='lat' dir='ltr'>enim</span> <span class='ocrx_word' id='word_1_329' title='bbox 1114 3533 1198 3601; x_wconf 90' lang='lat' dir='ltr'>ad</span> <span class='ocrx_word' id='word_1_330' title='bbox 1251 3534 1380 3603; x_wconf 87' lang='lat' dir='ltr'>hoc</span> <span class='ocrx_word' id='word_1_331' title='bbox 1430 3534 1830 3604; x_wconf 91' lang='lat' dir='ltr'>iracundiae</span> <span class='ocrx_word' id='word_1_332' title='bbox 1880 3545 1998 3603; x_wconf 90' lang='lat' dir='ltr'>aut</span> <span class='ocrx_word' id='word_1_333' title='bbox 2046 3533 2300 3602; x_wconf 84' lang='lat' dir='ltr'>furoris</span> <span class='ocrx_word' id='word_1_334' title='bbox 2349 3533 2599 3603; x_wconf 77' lang='lat' dir='ltr'>affectu</span> <span class='ocrx_word' id='word_1_335' title='bbox 2650 3535 2780 3601; x_wconf 90' lang='lat' dir='ltr'>im-</span> 
     </span>
     <span class='ocr_line' id='line_1_38' title="bbox 224 3622 2778 3712; baseline -0 -21"><span class='ocrx_word' id='word_1_336' title='bbox 224 3623 403 3712; x_wconf 91' lang='lat' dir='ltr'>pulsi</span> <span class='ocrx_word' id='word_1_337' title='bbox 457 3636 619 3691; x_wconf 87' lang='lat' dir='ltr'>sunt</span> <span class='ocrx_word' id='word_1_338' title='bbox 669 3623 915 3691; x_wconf 90' lang='lat' dir='ltr'>Christi</span> <span class='ocrx_word' id='word_1_339' title='bbox 963 3622 1295 3711; x_wconf 80' lang='lat' dir='ltr'>Apostoli:</span> <span class='ocrx_word' id='word_1_340' title='bbox 1351 3644 1511 3691; x_wconf 88' lang='lat' dir='ltr'>narn</span> <span class='ocrx_word' id='word_1_341' title='bbox 1561 3623 1682 3708; x_wconf 90' lang='lat' dir='ltr'>qui</span> <span class='ocrx_word' id='word_1_342' title='bbox 1733 3644 2010 3692; x_wconf 90' lang='lat' dir='ltr'>carnem</span> <span class='ocrx_word' id='word_1_343' title='bbox 2070 3643 2227 3691; x_wconf 90' lang='lat' dir='ltr'>cum</span> <span class='ocrx_word' id='word_1_344' title='bbox 2288 3622 2652 3692; x_wconf 80' lang='lat' dir='ltr'>affectibus</span> <span class='ocrx_word' id='word_1_345' title='bbox 2713 3634 2778 3690; x_wconf 92' lang='lat' dir='ltr'>et</span> 
     </span>
     <span class='ocr_line' id='line_1_39' title="bbox 222 3711 2777 3801; baseline 0 -22"><span class='ocrx_word' id='word_1_346' title='bbox 222 3712 721 3801; x_wconf 87' lang='lat' dir='ltr'>cupiditatibus</span> <span class='ocrx_word' id='word_1_347' title='bbox 782 3711 1293 3789; x_wconf 81' lang='lat' dir='ltr'>crucifixerunt,</span> <span class='ocrx_word' id='word_1_348' title='bbox 1361 3712 1481 3797; x_wconf 92' lang='lat' dir='ltr'>qui</span> <span class='ocrx_word' id='word_1_349' title='bbox 1546 3732 1704 3780; x_wconf 88' lang='lat' dir='ltr'>voce</span> <span class='ocrx_word' id='word_1_350' title='bbox 1771 3733 2022 3801; x_wconf 85' lang='lat' dir='ltr'>magna</span> <span class='ocrx_word' id='word_1_351' title='bbox 2079 3711 2176 3779; x_wconf 89' lang='lat' dir='ltr'>sic</span> <span class='ocrx_word' id='word_1_352' title='bbox 2225 3732 2466 3782; x_wconf 89' lang='lat' dir='ltr'>omnes</span> <span class='ocrx_word' id='word_1_353' title='bbox 2506 3711 2777 3783; x_wconf 87' lang='lat' dir='ltr'>Christo</span> 
     </span>
     <span class='ocr_line' id='line_1_40' title="bbox 219 3800 2777 3889; baseline 0 -23"><span class='ocrx_word' id='word_1_354' title='bbox 219 3800 572 3869; x_wconf 89' lang='lat' dir='ltr'>credentes</span> <span class='ocrx_word' id='word_1_355' title='bbox 612 3800 1121 3870; x_wconf 88' lang='lat' dir='ltr'>admonebant:</span> <span class='ocrx_word' id='word_1_356' title='bbox 1169 3803 1393 3869; x_wconf 77' lang='lat' dir='ltr'>Omnis</span> <span class='ocrx_word' id='word_1_357' title='bbox 1425 3801 1833 3877; x_wconf 73' lang='lat' dir='ltr'>amaritudo,</span> <span class='ocrx_word' id='word_1_358' title='bbox 1893 3811 1955 3867; x_wconf 79' lang='lat' dir='ltr'>et</span> <span class='ocrx_word' id='word_1_359' title='bbox 1991 3802 2119 3879; x_wconf 81' lang='lat' dir='ltr'>ira,</span> <span class='ocrx_word' id='word_1_360' title='bbox 2166 3811 2226 3867; x_wconf 77' lang='lat' dir='ltr'>et</span> <span class='ocrx_word' id='word_1_361' title='bbox 2264 3800 2663 3889; x_wconf 72' lang='lat' dir='ltr'>z&#39;ndiqnatiO,</span> <span class='ocrx_word' id='word_1_362' title='bbox 2712 3811 2777 3868; x_wconf 80' lang='lat' dir='ltr'>et</span> 
     </span>
     <span class='ocr_line' id='line_1_41' title="bbox 219 3887 2774 3987; baseline -0.001 -31"><span class='ocrx_word' id='word_1_363' title='bbox 219 3893 579 3965; x_wconf 68' lang='lat' dir='ltr'>clamor-,et</span> <span class='ocrx_word' id='word_1_364' title='bbox 609 3890 1028 3979; x_wconf 81' lang='lat' dir='ltr'>blasphemia</span> <span class='ocrx_word' id='word_1_365' title='bbox 1070 3892 1355 3957; x_wconf 77' lang='lat' dir='ltr'>tollatur</span> <span class='ocrx_word' id='word_1_366' title='bbox 1387 3912 1432 3956; x_wconf 80' lang='grc' dir='ltr'><em>α</em></span> <span class='ocrx_word' id='word_1_367' title='bbox 1461 3890 1637 3956; x_wconf 80' lang='lat' dir='ltr'>vobis</span> <span class='ocrx_word' id='word_1_368' title='bbox 1667 3912 1817 3957; x_wconf 73' lang='lat' dir='ltr'>cum</span> <span class='ocrx_word' id='word_1_369' title='bbox 1843 3891 2026 3957; x_wconf 81' lang='lat' dir='ltr'>omni</span> <span class='ocrx_word' id='word_1_370' title='bbox 2048 3891 2317 3957; x_wconf 71' lang='lat' dir='ltr'>matilia</span> <span class='ocrx_word' id='word_1_371' title='bbox 2340 3889 2619 3987; x_wconf 78' lang='lat' dir='ltr'>(Ephes.</span> <span class='ocrx_word' id='word_1_372' title='bbox 2658 3887 2774 3975; x_wconf 85' lang='lat' dir='ltr'>iv),</span> 
     </span>
     <span class='ocr_line' id='line_1_42' title="bbox 215 3976 2781 4067; baseline -0.001 -21"><span class='ocrx_word' id='word_1_373' title='bbox 215 3978 337 4062; x_wconf 91' lang='lat' dir='ltr'>qui</span> <span class='ocrx_word' id='word_1_374' title='bbox 401 3978 547 4046; x_wconf 85' lang='lat' dir='ltr'>fieri</span> <span class='ocrx_word' id='word_1_375' title='bbox 623 3991 876 4067; x_wconf 87' lang='lat' dir='ltr'>potest,</span> <span class='ocrx_word' id='word_1_376' title='bbox 930 3991 1006 4046; x_wconf 93' lang='lat' dir='ltr'>ut</span> <span class='ocrx_word' id='word_1_377' title='bbox 1057 3978 1298 4066; x_wconf 89' lang='lat' dir='ltr'>illiipsi</span> <span class='ocrx_word' id='word_1_378' title='bbox 1361 3978 1427 4045; x_wconf 92' lang='lat' dir='ltr'>in</span> <span class='ocrx_word' id='word_1_379' title='bbox 1481 3976 1884 4066; x_wconf 86' lang='lat' dir='ltr'>hujusmodi</span> <span class='ocrx_word' id='word_1_380' title='bbox 1963 3977 2285 4046; x_wconf 83' lang='lat' dir='ltr'>affectum</span> <span class='ocrx_word' id='word_1_381' title='bbox 2359 3977 2781 4045; x_wconf 78' lang='lat' dir='ltr'>inciderint?</span> 
     </span>
     <span class='ocr_line' id='line_1_43' title="bbox 219 4065 2778 4144; baseline -0.001 -10"><span class='ocrx_word' id='word_1_382' title='bbox 219 4068 493 4135; x_wconf 87' lang='lat' dir='ltr'>Scimus</span> <span class='ocrx_word' id='word_1_383' title='bbox 542 4080 798 4144; x_wconf 89' lang='lat' dir='ltr'>autem,</span> <span class='ocrx_word' id='word_1_384' title='bbox 854 4082 921 4136; x_wconf 91' lang='lat' dir='ltr'>et</span> <span class='ocrx_word' id='word_1_385' title='bbox 993 4089 1073 4135; x_wconf 83' lang='lat' dir='ltr'>ex</span> <span class='ocrx_word' id='word_1_386' title='bbox 1129 4066 1384 4136; x_wconf 89' lang='lat' dir='ltr'>divinis</span> <span class='ocrx_word' id='word_1_387' title='bbox 1450 4065 1666 4136; x_wconf 90' lang='lat' dir='ltr'>literis</span> <span class='ocrx_word' id='word_1_388' title='bbox 1733 4065 2246 4135; x_wconf 86' lang='lat' dir='ltr'>dissensionum</span> <span class='ocrx_word' id='word_1_389' title='bbox 2307 4065 2778 4134; x_wconf 88' lang='lat' dir='ltr'>diversitatem</span> 
     </span>
     <span class='ocr_line' id='line_1_44' title="bbox 217 4155 2779 4246; baseline -0.001 -23"><span class='ocrx_word' id='word_1_390' title='bbox 217 4156 692 4246; x_wconf 85' lang='lat' dir='ltr'>cognovimus,</span> <span class='ocrx_word' id='word_1_391' title='bbox 748 4168 824 4223; x_wconf 93' lang='lat' dir='ltr'>ut</span> <span class='ocrx_word' id='word_1_392' title='bbox 870 4178 1028 4225; x_wconf 90' lang='lat' dir='ltr'>cum</span> <span class='ocrx_word' id='word_1_393' title='bbox 1083 4156 1176 4224; x_wconf 91' lang='lat' dir='ltr'>ait</span> <span class='ocrx_word' id='word_1_394' title='bbox 1225 4155 1629 4244; x_wconf 85' lang='lat' dir='ltr'>Apostolus:</span> <span class='ocrx_word' id='word_1_395' title='bbox 1673 4156 2172 4223; x_wconf 78' lang='lat' dir='ltr'>Consideremus</span> <span class='ocrx_word' id='word_1_396' title='bbox 2225 4158 2652 4244; x_wconf 80' lang='lat' dir='ltr'>nosmetipsos</span> <span class='ocrx_word' id='word_1_397' title='bbox 2711 4156 2779 4220; x_wconf 80' lang='lat' dir='ltr'>in</span> 
     </span>
     <span class='ocr_line' id='line_1_45' title="bbox 213 4241 2781 4334; baseline -0.001 -23"><span class='ocrx_word' id='word_1_398' title='bbox 213 4247 682 4334; x_wconf 76' lang='lat' dir='ltr'>provocatione</span> <span class='ocrx_word' id='word_1_399' title='bbox 714 4246 1094 4324; x_wconf 77' lang='lat' dir='ltr'>charitatis,</span> <span class='ocrx_word' id='word_1_400' title='bbox 1132 4255 1192 4312; x_wconf 82' lang='lat' dir='ltr'>et</span> <span class='ocrx_word' id='word_1_401' title='bbox 1234 4246 1548 4314; x_wconf 71' lang='lat' dir='ltr'>bonoram</span> <span class='ocrx_word' id='word_1_402' title='bbox 1583 4265 1860 4333; x_wconf 78' lang='lat' dir='ltr'>operum</span> <span class='ocrx_word' id='word_1_403' title='bbox 1894 4243 2146 4331; x_wconf 80' lang='lat' dir='ltr'>(Hebr.</span> <span class='ocrx_word' id='word_1_404' title='bbox 2194 4267 2232 4311; x_wconf 86' lang='lat' dir='ltr'>x</span> <span class='ocrx_word' id='word_1_405' title='bbox 2260 4242 2499 4329; x_wconf 84' lang='lat' dir='ltr'>).Talis</span> <span class='ocrx_word' id='word_1_406' title='bbox 2549 4241 2677 4311; x_wconf 85' lang='lat' dir='ltr'>fuit</span> <span class='ocrx_word' id='word_1_407' title='bbox 2715 4254 2781 4309; x_wconf 90' lang='lat' dir='ltr'>et</span> 
     </span>
     <span class='ocr_line' id='line_1_46' title="bbox 215 4331 2778 4422; baseline -0.001 -22"><span class='ocrx_word' id='word_1_408' title='bbox 215 4333 554 4422; x_wconf 89' lang='lat' dir='ltr'>Apostolis</span> <span class='ocrx_word' id='word_1_409' title='bbox 601 4332 990 4402; x_wconf 89' lang='lat' dir='ltr'>dissidendi</span> <span class='ocrx_word' id='word_1_410' title='bbox 1031 4333 1228 4413; x_wconf 90' lang='lat' dir='ltr'>ratio,</span> <span class='ocrx_word' id='word_1_411' title='bbox 1265 4332 1392 4402; x_wconf 92' lang='lat' dir='ltr'>hoc</span> <span class='ocrx_word' id='word_1_412' title='bbox 1440 4345 1565 4412; x_wconf 83' lang='lat' dir='ltr'>est,</span> <span class='ocrx_word' id='word_1_413' title='bbox 1623 4333 1739 4401; x_wconf 90' lang='lat' dir='ltr'>Dei</span> <span class='ocrx_word' id='word_1_414' title='bbox 1770 4331 1981 4402; x_wconf 85' lang='lat' dir='ltr'>zelus.</span> <span class='ocrx_word' id='word_1_415' title='bbox 2028 4332 2285 4402; x_wconf 89' lang='lat' dir='ltr'>Paulus</span> <span class='ocrx_word' id='word_1_416' title='bbox 2335 4333 2519 4400; x_wconf 86' lang='lat' dir='ltr'>enim</span> <span class='ocrx_word' id='word_1_417' title='bbox 2572 4351 2778 4399; x_wconf 91' lang='lat' dir='ltr'>accu-</span> 
     </span>
     <span class='ocr_line' id='line_1_47' title="bbox 215 4420 2769 4512; baseline -0.002 -22"><span class='ocrx_word' id='word_1_418' title='bbox 215 4432 432 4493; x_wconf 87' lang='lat' dir='ltr'>ratam</span> <span class='ocrx_word' id='word_1_419' title='bbox 461 4443 825 4493; x_wconf 87' lang='lat' dir='ltr'>censuram</span> <span class='ocrx_word' id='word_1_420' title='bbox 860 4421 1274 4509; x_wconf 89' lang='lat' dir='ltr'>requirebat,</span> <span class='ocrx_word' id='word_1_421' title='bbox 1307 4421 1731 4512; x_wconf 84' lang='lat' dir='ltr'>Apostolicae</span> <span class='ocrx_word' id='word_1_422' title='bbox 1766 4420 2178 4511; x_wconf 87' lang='lat' dir='ltr'>professioni</span> <span class='ocrx_word' id='word_1_423' title='bbox 2209 4420 2769 4491; x_wconf 89' lang='lat' dir='ltr'>convenientem:</span> 
     </span>
    </p>
   </div>
  </div>
 </body>
</html>
