3357 4995
214 337 437 403 JUNII
489 338 571 402 46
1061 357 1139 402 nn
1188 354 1242 401 S.
1298 355 1623 405 romanon
1674 355 1928 404 vmomn
2558 341 2690 405 409

218 439 639 511 visitationis
666 438 958 510 civitatis
982 441 1472 511 Sanctiamoris
1501 441 1837 512 dioecesis
1872 440 2360 530 Lugdunensis
2391 441 2477 511 ab
2508 441 2578 510 in
2633 444 2778 512 enti

217 528 473 600 duritie
540 551 663 598 seu
735 540 1001 599 tumore
1050 530 1119 597 in
1173 542 1441 611 ventre,
1494 533 1697 599 acuta
1747 529 1961 607 febri,
2009 529 2305 617 aliisque
2376 531 2579 600 exitia
2615 532 2775 604 ibus

218 618 803 710 symptomatibus
840 618 1041 688 morti
1063 619 1210 708 jam
1264 619 1635 709 proximae,
1678 619 1870 688 nullo
1920 631 2318 688 remanente
2370 620 2774 691 morborum

219 708 528 799 vestigio,
583 731 662 777 ac
696 707 963 776 viribus
1014 708 1466 777 incontinenti
1517 709 1810 809 receptis
1840 709 1971 797 (a).

309 800 347 954 ,ῗ
398 800 540 868 ⁶12.
601 797 901 883 Denique
948 796 1458 867 venerabilibus
1506 797 1837 867 fratribus
1889 799 2140 867 nostris
2192 803 2258 866 S.
2297 804 2372 867 R.
2414 804 2486 866 E.
2543 797 2778 866 Cardi-

222 908 309 955 na
344 886 502 955 ibus
537 887 604 954 in
640 885 941 976 generali
992 907 1346 955 sacrorum
1400 887 1659 956 rituum
1694 887 2231 977 Congregatione
2273 887 2594 956 unanimi
2620 907 2778 956 sen-

222 976 435 1044 tentia
484 975 896 1064 suffragium
948 974 1351 1056 ferentibuS‚
1407 975 1489 1043 ad
1559 975 1935 1044 solemnem
1990 975 2170 1044 beati
2217 976 2510 1045 ‚Ioannis
2568 980 2777 1044 Fran-

220 1065 384 1134 cisci
420 1064 1015 1133 canonizationem
1052 1077 1198 1133 tuto
1224 1064 1530 1134 deveniri
1565 1086 1786 1154 posse,
1831 1065 2196 1153 implorato
2250 1066 2444 1154 prius
2495 1086 2536 1132 a
2584 1070 2780 1134 Patre

225 1153 572 1222 luminum
613 1152 978 1241 praesidio,
1035 1155 1143 1220 die
1197 1176 1230 1218 v
1279 1159 1323 1222 Α
1384 1153 1528 1222 rilis
1570 1153 1968 1224 solemnitor
2006 1154 2554 1223 decrevimus...
2611 1158 2784 1223 Con-

227 1243 408 1310 venit
455 1256 683 1310 autem
734 1255 811 1310 ut
864 1247 1073 1309 Deum
1110 1243 1278 1310 coeli
1333 1177 1851 1322 benedicamus,
1915 1255 1980 1312 et
2028 1264 2261 1311 coram
2314 1242 2641 1312 omnibus
2680 1243 2777 1311 vi-

223 1330 545 1401 ventibus
579 1330 1036 1400 confiteamur
1066 1332 1151 1411 ei,
1184 1332 1344 1417 quia
1372 1331 1528 1400 fecit
1561 1331 1925 1400 nobiscum
1966 1331 2511 1401 misericordiam
2543 1354 2768 1411 suam,

225 1440 851 1509 agnoscamusque,
910 1441 1043 1487 non
1113 1421 1262 1488 sine
1321 1424 1572 1510 magna
1628 1421 1741 1488 Dei
1794 1421 2221 1510 providentia
2294 1420 2550 1490 factum
2600 1443 2773 1501 esse,

223 1520 302 1578 ut
350 1509 540 1577 hisce
573 1508 844 1578 afflictis
880 1514 1229 1578 Romanae
1263 1509 1607 1578 Ecclesiae
1656 1510 2107 1597 temporibUS,
2162 1510 2423 1597 quibus
2478 1510 2779 1578 maxime

225 1597 600 1687 multiplici
636 1602 1041 1667 Sanctorum
1095 1599 1424 1698 suffragio
1480 1598 1900 1688 indigemuS‚
1944 1621 2160 1670 novus
2211 1599 2322 1668 hic
2358 1598 2775 1689 suffragator

223 1699 289 1756 et
339 1700 672 1777 patronus
721 1686 907 1755 fideli
951 1687 1207 1777 populo
1258 1688 1696 1756 tribueretur.
1767 1688 2227 1770 Quamobrem
2278 1688 2601 1756 eumdem
2657 1694 2780 1756 Pa-

226 1787 397 1845 trem
438 1776 1095 1854 misericordiarum,
1131 1777 1250 1861 qui
1285 1776 1584 1845 humiles
1608 1777 1880 1854 exaltat,
1918 1776 2275 1845 humiliter
2295 1777 2774 1867 deprecemur,

224 1878 324 1945 ut,
357 1887 479 1954 por
515 1865 1072 1934 intercessionem
1121 1870 1184 1934 S.
1229 1866 1519 1934 Joannis
1550 1866 1917 1939 Francisci,
1951 1864 2291 1934 Ecclesiae
2327 1887 2494 1936 suae
2537 1888 2778 1955 pacem

225 1966 293 2023 et
324 1953 921 2039 tranquillitatem,
973 1954 1250 2043 regibus
1276 1967 1340 2023 et
1374 1955 1808 2045 principibus
1834 1954 2273 2023 concordiam
2318 1966 2383 2022 et
2416 1955 2773 2036 unionem,

227 2043 690 2113 schismaticis
738 2056 803 2111 et
852 2042 1212 2112 haereticis
1241 2044 1662 2113 aonitionem
1716 2043 2017 2112 veritatis
2066 2056 2130 2111 et
2179 2043 2449 2123 salutis,
2505 2044 2780 2113 miseris

227 2131 630 2201 infidelibus
662 2131 1040 2202 catholicae
1088 2131 1249 2201 fidei
1285 2097 1521 2202 lumen
1575 2133 1933 2223 largiatur.

730 2392 962 2493 VITA
1029 2394 1110 2493 S.
1188 2390 1769 2493 LUTGARDlS
1821 2391 2275 2494 VIRGlNlS

1006 2629 1341 2695 ORDINIS
1392 2629 1998 2695 CISTERCIENSIS
2059 2706 2076 2727 .

561 2861 843 2909 AUCTORE
892 2861 1134 2909 convo
1183 2862 1286 2908 Fit.
1338 2862 1550 2908 THOMA
1600 2861 1969 2908 CANTIPRAT.
2027 2858 2437 2906 DOMINICANO.

871 2970 1107 3015 Situm
1160 2970 1377 3015 PASSnt
1430 2970 1725 3015 Enniam·
1775 2971 1829 3014 L.
1885 2969 2137 3015 SURIUS.

776 3149 962 3204 Obiit
1002 3163 1181 3205 anno
1223 3151 1386 3204 1246
1443 3178 1519 3188 —
1571 3150 1625 3202 Ε
1668 3148 1899 3203 Gallia
1939 3147 2232 3215 Belgica.

315 3351 352 3436 ἓ
397 3356 475 3421 1.
534 3348 895 3439 Lutgardis
932 3371 1009 3418 ex
1072 3349 1186 3418 illa
1234 3348 1583 3436 quondam
1635 3354 2069 3437 Tungrorum
2114 3348 2563 3417 celeberrima
2612 3348 2780 3417 civi-

228 3451 363 3508 tate
407 3437 779 3529 (Tonqres),
828 3453 1016 3596 patre
1056 3439 1223 3518 cive,
1265 3450 1479 3507 matre
1514 3437 1726 3506 nobili
1764 3438 1963 3507 traxit
1992 3438 2359 3594 originem.
2416 3442 2614 3507 Pater
2659 3459 2784 3506 au-

230 3539 365 3597 tem
403 3528 767 3599 tenerrime
801 3527 819 3594 i
856 3527 991 3596 lam
1027 3526 1346 3616 diligens,
1388 3540 1453 3596 et
1485 3525 1871 3595 secundum
1912 3546 2116 3598 saecu
2150 3527 2171 3595 i
2204 3527 2460 3596 fastum
2488 3526 2783 3615 cupiens

228 3637 382 3686 eam
424 3617 667 3687 florere
697 3630 761 3685 et
792 3637 1158 3706 prosperos
1196 3616 1445 3685 habere
1478 3637 1867 3696 successu5‚
1898 3615 2174 3685 cuidam
2212 3615 2575 3683 mercatori
2610 3615 2782 3684 dum

230 3705 462 3776 adhuc
501 3704 878 3796 juvencula
925 3718 1101 3773 esset
1152 3705 1390 3793 viginti
1454 3727 1725 3774 marcas
1773 3705 2037 3795 argenti
2087 3704 2298 3783 dedit,
2354 3715 2431 3773 ut
2490 3725 2571 3773 ex
2620 3703 2731 3773 his
2763 3758 2778 3783 ,

229 3794 448 3864 donec
494 3816 575 3863 ea
622 3793 1062 3873 adolesceret,
1116 3793 1621 3883 multiplicatiS,
1653 3794 1873 3883 copiis
1916 3793 2270 3879 lucrisque
2320 3793 2599 3882 paratiS,
2659 3792 2784 3862 dos

232 3895 574 3973 nupturae
623 3882 805 3952 filiae
853 3895 1242 3973 augeretur.
1299 3883 1577 3952 Interim
1628 3904 1945 3954 crescens
1994 3881 2246 3972 puella,
2298 3894 2364 3950 et
2410 3882 2577 3969 quid
2627 3881 2784 3973 ejus

229 3976 444 4043 causa
494 3972 687 4041 fieret
745 3972 1323 4051 animadverten3‚
1389 3983 1729 4058 quantum
1783 3971 1901 4041 illa
1948 3985 2133 4041 aetas
2206 3971 2639 4061 patiebatur,
2693 3970 2781 4040 ad

230 4061 512 4151 nuptias
570 4061 900 4131 inhiabat.
959 4062 1085 4129 Sed
1143 4062 1301 4151 pius
1368 4061 1703 4130 Dominus
1766 4059 2155 4130 futurorum
2210 4060 2585 4150 praescius,
2657 4062 2787 4149 qui

282 4202 346 4254 (a)
376 4205 498 4245 Adeo
527 4206 693 4246 crebra
721 4206 777 4245 ad
806 4208 859 4245 B.
889 4206 1021 4246 Joan.
1055 4207 1219 4245 Franc.
1249 4203 1390 4254 Regia
1422 4205 1655 4245 tumulum
1688 4204 1997 4253 patrabantur
2026 4205 2175 4255 signa,
2205 4206 2413 4254 adeoque
2433 4205 2704 4255 treqnente·
2726 4205 2784 4243 nd

226 4268 338 4299 eum
367 4259 686 4300 venerabundi
715 4260 955 4300 confluere
983 4261 1235 4308 coeperant
1262 4260 1510 4308 peregrini.
1538 4263 1595 4298 ut
1622 4260 1755 4299 brevi
1787 4258 2016 4308 templum
2043 4261 2313 4309 assurgeret
2341 4260 2390 4298 in
2415 4262 2519 4309 ejus
2539 4258 2784 4308 repositio·

227 4313 303 4351 nis
334 4312 449 4351 loco.
478 4312 803 4353 Debncchante
832 4314 1142 4353 scelestorum
1170 4311 1370 4353 labentis
1401 4321 1519 4352 xvnt
1552 4322 1672 4353 saec.
1706 4313 1889 4352 Gallico
1923 4315 2069 4357 motu.
2098 4312 2260 4361 inclyti
2290 4313 2582 4352 confessoris
2602 4312 2782 4352 ossium

228 4362 544 4405 incolumitati
558 4368 803 4415 provisum
825 4369 919 4410 est:
939 4368 1171 4406 subducta
1190 4368 1364 4415 qnippe
1384 4366 1657 4409 Lalovesco.
1676 4367 1727 4405 in
1745 4367 1861 4405 villa
1878 4368 2218 4416 Granum-Noua
2236 4367 2468 4406 delituere
2492 4365 2604 4406 ctu-fi
2623 4361 2784 4404 eximii

226 4418 347 4459 civis
377 4418 576 4459 Batnon.
605 4423 738 4460 Anno
768 4422 925 4461 autem
955 4429 1271 4465 uncccxxxiv.
1300 4421 1550 4461 admodum
1580 4421 1860 4460 solemniter
1879 4417 1987 4460 inde
2008 4422 2066 4461 ad
2084 4421 2332 4471 pristinam
2353 4422 2487 4460 suun
2505 4420 2682 4464 aedem,
2705 4417 2785 4457 ubi

227 4472 464 4514 hactenus
483 4472 842 4523 religiosissime
864 4476 1184 4518 asservantur.
1204 4476 1316 4514 sunt
1337 4475 1500 4514 relata.
