3357 4995
750 328 880 393 652
1525 345 1604 392 nn
1650 343 1708 391 s.
1760 340 1964 391 rAuLo
2010 342 2326 392 Arosroto
2834 325 3058 393 JUNII
3100 327 3197 392 29

661 430 973 521 gehenna
1020 427 1226 519 elegit
1269 427 1718 518 supplicium,
1770 440 1847 499 ut
1894 428 2110 518 possit
2146 449 2386 498 omnes
2438 426 2739 500 Judaeos
2799 427 3188 510 adducere,

660 519 925 589 clarum
975 528 1099 599 est,
1133 516 1316 604 quod
1354 516 1473 605 qui
1505 516 1633 587 hoc
1670 538 1805 587 non
1842 515 1972 588 fuit
2001 529 2380 599 assecutus,
2419 517 2528 599 iis,
2561 516 2683 606 qui
2719 517 3197 607 puniebantur

660 607 732 677 in
763 606 1100 698 gehenna,
1136 605 1343 675 vitam
1390 605 1530 696 egit
1566 606 1974 697 graviorem.

747 698 785 783 ἓ
822 701 952 769 1¹.
1009 699 1059 765 Ο
1107 693 1456 764 ardentem
1498 715 1801 765 amorem
1832 693 2208 764 charitatis.
2245 694 2375 778 Qui
2413 692 2742 764 adversus
2787 694 3022 785 ignem
3057 693 3191 766 fuit

658 783 888 855 audax
921 783 1201 864 PauluS,
1239 782 1358 869 qui
1405 781 1919 863 adamantinus,
1974 782 2093 868 qui
2146 782 2393 853 firmus
2429 795 2495 852 et
2541 782 2835 864 validus,
2880 784 3003 870 qui
3053 783 3190 852 im-

662 872 961 953 mobilis,
1005 872 1125 960 qui
1157 870 1577 952 inflexibilia,
1629 871 1750 957 qui
1800 871 2093 941 dicebat:
2148 894 2183 938 «
2215 871 2381 954 Quis
2414 893 2539 942 nos
2567 871 2912 961 separabit
2950 893 2991 941 a
3020 871 3190 941 cha-

660 962 858 1031 ritate
905 959 1530 1041 Christi‘lafflictio,
1584 980 1669 1029 an
1718 961 2061 1050 angustia,
2113 981 2199 1028 an
2236 959 2476 1042 fameS,
2510 982 2597 1029 an
2648 960 3057 1050 persecutio,
3096 981 3188 1029 an

662 1049 963 1130 nuditas,
1000 1071 1085 1119 an
1141 1048 1551 1139 periculum,
1585 1068 1670 1116 an
1772 1047 2089 1118 ladius‘i»
2122 1049 2243 1136 qui
2296 1048 2365 1117 in
2417 1061 2593 1119 terra
2639 1062 2704 1120 et
2753 1049 2925 1118 mari
2984 1070 3188 1119 suam

662 1137 1063 1208 ostendebat
1090 1135 1481 1217 audaciam,
1519 1136 1637 1224 qui
1672 1158 1710 1206 a
1764 1137 2154 1207 amantinas
2188 1136 2516 1207 irridebat
2546 1137 2783 1208 mortis
2816 1150 3071 1226 portas,
3124 1138 3188 1207 is

662 1242 1024 1318 postquam
1063 1225 1229 1295 vidit
1263 1224 1604 1313 lacrymas
1622 1226 2083 1312 quorumdam
2117 1224 2548 1307 dilectorum,
2580 1225 2749 1295 adeo
2775 1224 3186 1295 fuitfractus

659 1329 724 1385 et
763 1315 1122 1397 contritus,
1173 1325 1251 1384 ut
1288 1334 1374 1382 ne
1419 1312 1669 1383 celaret
1713 1313 1992 1402 quidem
2041 1314 2493 1396 affectionem,
2533 1315 2651 1384 sed
2705 1315 2932 1385 statim
2994 1313 3189 1385 dice·

663 1417 799 1474 ret:
845 1401 1021 1487 Quid
1054 1401 1276 1472 facitis
1313 1401 1575 1483 flentes,
1627 1414 1694 1471 et
1724 1423 1843 1472 cor
1881 1424 2107 1472 meum
2143 1406 2611 1474 conterentes?
2647 1407 2698 1474 O
2733 1402 3181 1474 miraculum.

661 1498 803 1563 Non
855 1491 1172 1562 contrivit
1216 1511 1364 1558 eam
1415 1490 1711 1580 abyssus
1760 1512 2134 1578 aquarum,
2186 1504 2252 1561 et
2303 1513 2563 1583 paucae
2621 1513 2780 1562 eum
2838 1491 3190 1581 lacrymae

665 1581 1133 1651 contriverunt
1163 1591 1228 1648 et
1258 1577 1629 1668 fregerunt.
1683 1578 1858 1661 Quid
1909 1578 2131 1649 facitis
2159 1580 2417 1651 flentes.
2473 1593 2539 1649 et
2583 1591 3007 1650 conterentes
3061 1602 3191 1650 cor

669 1690 900 1739 meum
923 1671 955 1736 ⁴?
987 1667 1158 1751 Quid
1195 1666 1411 1736 diois-e
1443 1666 1561 1736 Dic
1602 1666 1795 1749 mihi,
1831 1667 2351 1739 Adamantinam
2388 1668 2581 1739 illam
2615 1669 2919 1738 animam
2961 1670 3190 1771 potuit

663 1772 1011 1827 conterere
1041 1755 1397 1846 lacryma?
1427 1759 1635 1838 Certe,
1688 1755 1948 1845 inquit:
2005 1779 2254 1848 magna
2284 1768 2385 1827 est
2430 1758 2614 1827 enim
2658 1758 2760 1827 vis
2785 1758 3184 1827 charitatis:

661 1851 748 1947 Ea
799 1868 909 1946 me
940 1845 1152 1915 vincit
1181 1856 1248 1914 et
1275 1856 1594 1934 superat:
1634 1845 1875 1915 resisto
1904 1845 2087 1914 enim
2129 1847 2478 1928 omnibuS,
2511 1859 2985 1936 praeterquam
3015 1845 3188 1916 cha·

658 1946 865 2003 rttatt.

747 2024 785 2111 ξ
830 2026 978 2095 1².
1030 2022 1270 2094 Audite
1304 2021 1726 2109 quicumque
1754 2043 1836 2092 ne
1861 2022 2190 2112 pecunias
2219 2022 2494 2110 quidem
2525 2034 2803 2124 propter
2832 2022 3182 2093 Christum

667 2109 1042 2200 despicitis,
1079 2112 1291 2181 immo
1339 2131 1493 2180 vero
1542 2122 1818 2199 propter
1856 2111 2162 2200 vosipsos
2189 2122 2255 2180 et
2294 2123 2602 2201 stupetis,
2645 2110 2835 2180 Pauli
2870 2131 3185 2181 amorem

662 2199 733 2267 in
767 2198 1108 2270 Christum
1144 2199 1518 2289 cogitantes
1563 2210 1629 2267 et
1672 2198 2116 2268 admirantes.
2168 2203 2394 2287 Neque
2447 2200 2631 2269 enim
2683 2199 3028 2269 Christum
3085 2198 3184 2269 sic

660 2286 988 2378 diligebat
1028 2301 1301 2379 propter
1345 2308 1425 2357 ea
1481 2307 1658 2373 quae
1710 2300 1871 2357 sunt
1927 2287 2195 2367 Christi,
2260 2287 2374 2358 sed
2442 2300 2716 2378 propter
2762 2288 2995 2377 ipsum
3076 2309 3184 2357 res

659 2375 873 2446 illius.
912 2381 989 2446 Et
1035 2397 1253 2447 unum
1306 2375 1528 2444 solum
1579 2374 1884 2458 timebat,
1921 2398 2006 2445 ne
2051 2376 2390 2447 excideret
2434 2376 2522 2446 ab
2571 2398 2672 2457 ea,
2725 2398 2902 2463 quae
2957 2388 3063 2445 est
3110 2376 3178 2444 in

664 2464 890 2547 illum,
941 2464 1291 2535 charitate.
1330 2467 1472 2534 Hoc
1517 2463 1702 2532 enim
1738 2477 1883 2535 erat
1933 2465 1994 2535 ei
2037 2463 2136 2535 vel
2185 2466 2499 2556 gehenna
2547 2463 2948 2544 terribilius,
3003 2465 3180 2535 sicut

661 2554 864 2624 etiam
923 2554 989 2622 in
1040 2576 1116 2624 ea
1168 2572 1442 2622 manere
1489 2549 1589 2621 vel
1641 2574 1712 2622 re
1764 2575 1851 2623 no
1897 2553 2294 2644 optabilius.
2334 2554 2620 2637 Quando
2665 2575 2826 2645 ergo
2875 2552 2993 2622 ille
3031 2575 3183 2644 pro·

662 2654 814 2733 pter
859 2642 1103 2713 Christi
1164 2640 1583 2741 desiderium
1634 2575 1761 2710 vel3
1797 2643 1867 2713 in
1927 2642 2311 2733 gehennam
2346 2662 2481 2712 non
2531 2657 2800 2714 recusat
2847 2641 3182 2722 incidere,

659 2745 725 2801 et
771 2753 810 2800 a
859 2752 1069 2821 regno
1115 2729 1447 2809 excidere,
1484 2750 1542 2798 st
1592 2732 1881 2817 utraque
1910 2731 2077 2801 haec
2107 2744 2333 2801 essent
2367 2731 2734 2822 proposita,
2790 2751 2914 2800 nos
2952 2743 3187 2800 autem

663 2841 748 2889 ne
797 2833 1219 2909 praesentem
1291 2816 1572 2905 quidem
1637 2818 1842 2888 vitam
1903 2819 2349 2911 despicimus»,
2402 2842 2645 2891 sumus
2705 2841 2789 2889 ne
2835 2818 3030 2909 digni
3079 2817 3183 2888 vel

659 2907 850 2978 illius
897 2907 1167 2985 calceis,
1220 2928 1380 2977 cum
1413 2918 1675 2975 tantum
1729 2906 2064 2978 absumus
2089 2908 2175 2977 ab
2222 2909 2372 2999 ejus
2400 2909 2613 2978 animi
2664 2905 3188 2998 magnitudine?

661 2997 726 3067 Si
767 2997 976 3077 enim,
1028 2996 1147 3083 qui
1195 2996 1408 3065 unius
1437 2993 1688 3064 domus
1725 3008 1987 3065 tantum
2035 3018 2272 3066 curam
2322 2997 2518 3086 gerit,
2557 2997 2683 3068 etsi
2731 2997 2980 3067 habeat
3021 3017 3188 3085 pro-

659 3097 1046 3166 curatoreS,
1102 3083 1475 3164 ministros,
1527 3095 1594 3153 et
1648 3104 2091 3165 oeconomos,
2169 3107 2664 3175 saepenumero
2734 3107 2818 3155 ne
2891 3105 2997 3154 res
3049 3096 3190 3155 irat

658 3173 938 3260 quidem
989 3187 1266 3274 propter
1308 3193 1537 3253 curaS,
1587 3194 1746 3242 cum
1782 3194 1984 3243 nemo
2021 3174 2130 3255 sit,
2167 3173 2288 3262 qui
2313 3174 2371 3243 ei
2406 3173 2789 3245 molestiam
2838 3105 3180 3244 exhibeat:

659 3261 777 3349 qui
827 3282 962 3332 non
1013 3283 1223 3331 umus
1270 3259 1543 3341 domuS,
1585 3260 1702 3331 sed
1742 3261 2121 3343 civitatum,
2170 3275 2236 3331 et
2268 3262 2704 3351 populorum,
2735 3275 2800 3332 et
2837 3260 3179 3353 gentium,

657 3362 725 3419 et
769 3350 1070 3419 universi
1100 3349 1396 3437 denique
1419 3347 1606 3419 orbis
1656 3362 1872 3419 terrae
1917 3372 2153 3420 curam
2194 3351 2390 3442 gerit,
2426 3361 2724 3452 suntque
2760 3363 2851 3420 tot
2882 3361 2946 3420 et
2992 3361 3185 3419 tanta

660 3438 952 3595 negotia.
1004 3450 1070 3508 et
1119 3451 1252 3507 tam
1306 3436 1545 3518 multi,
1596 3438 1717 3525 qui
1781 3437 2116 3509 insultant
2160 3453 2253 3509 et'
2284 3438 2560 3520 obsunt,
2613 3438 2822 3527 idque
2866 3459 3027 3508 cum
3094 3438 3183 3509 sit

662 3549 739 3597 so
768 3548 875 3607 uS,
927 3539 994 3597 et
1040 3536 1135 3596 tot
1178 3538 1244 3595 et
1282 3537 1467 3595 tanta
1516 3526 1836 3615 patiatur,
1878 3538 1944 3596 et
1992 3539 2245 3596 tantam
2295 3549 2535 3598 curam
2584 3541 2797 3617 gerat,
2848 3537 3183 3616 quantam

665 3635 788 3685 nec
829 3626 1020 3706 pater
1065 3614 1393 3697 filiorum,
1436 3613 1660 3771 cofiita
1706 3613 1875 3701 quid
1923 3615 2275 3687 sustinuit.
2590 3635 2597 3644 ·

744 3705 781 3791 ἓ
827 3708 973 3778 18.
1029 3704 1097 3775 Si
1135 3704 1295 3790 quis
1333 3701 1476 3773 vult
1573 3701 1810 3793 iligere
1877 3724 2202 3793 germane
2247 3717 2312 3773 et
2356 3703 2645 3785 sincere,
2689 3716 2754 3775 et
2819 3702 2997 3773 scire
3041 3702 3184 3773 vim

661 3789 1043 3874 charitatis,
1095 3804 1328 3863 currat
1373 3790 1459 3860 ad
1507 3790 1658 3882 ejus
1705 3790 2066 3861 alumnum
2104 3793 2375 3862 beatum
2409 3793 2724 3874 Paulum,
2763 3804 2829 3863 et
2874 3789 2993 3861 ille
3020 3812 3185 3861 eum

552 3913 555 3918 -
660 3879 953 3963 docebit,
1004 3894 1342 3970 quantum
1391 3880 1480 3951 sit
1524 3892 1866 3949 certamen
1933 3879 2108 3951 ferre
2155 3882 2654 3983 separationem
2703 3903 2742 3950 a
2790 3879 3064 3960 dilecto,
3116 3891 3184 3950 et

659 3980 917 4057 quanto
946 3970 1180 4041 animo
1208 3991 1386 4059 opus
1418 3967 1687 4038 habeat.
1739 3969 1865 4038 Hic
1910 3968 2122 4051 enim,
2179 3969 2329 4051 hic,
2380 3970 2502 4058 qui
2548 3991 2823 4041 carnem
2872 3985 3182 4050 exuerat,

658 4072 724 4128 et
769 4078 1022 4150 corpus
1054 4058 1484 4148 deposuerat,
1517 4068 1583 4125 et
1618 4056 1854 4128 orbem
1907 4069 2122 4128 terrae
2161 4056 2301 4128 -l'ere
2361 4058 2550 4129 nuda
2595 4059 2856 4129 obierat
2916 4056 3185 4136 anima,

656 4159 722 4217 et
766 4167 1039 4217 omnem
1090 4144 1672 4236 perturbationem
1706 4167 1785 4216 ex
1817 4147 2053 4217 animo
2089 4167 2170 4216 ex
2222 4146 2466 4228 ulerat,
2518 4159 2584 4217 et
2617 4146 3184 4248 incorporearum

658 4234 988 4306 virtutum
1039 4234 1439 4306 imitabatur
1485 4233 2088 4324 impatibilitatem,
2131 4257 2169 4305 a
2203 4235 2268 4305 ia
2313 4234 2595 4324 quidem
2646 4256 2881 4306 omnia
2921 4231 3187 4305 serebat

658 4321 882 4406 facile,
936 4337 1260 4412 tanquam
1313 4322 1578 4414 patiens
1626 4322 1697 4392 in
1745 4323 1971 4393 alieno
2008 4344 2292 4414 corpore
2319 4335 2383 4394 et
2408 4345 2740 4406 carceres,
2775 4335 2842 4393 et
2877 4335 3185 4406 catenaS,

655 4423 722 4481 et
753 4412 1224 4495 abductiones,
1274 4425 1341 4483 et
1368 4410 1666 4502 flagella,
1721 4424 1788 4481 et
1837 4411 2084 4494 minas,
2120 4422 2186 4482 et
2234 4424 2544 4494 mortem,
2596 4424 2663 4482 et
2708 4431 2912 4482 omne
2957 4432 3189 4501 genus
