3357 4995
613 279 785 387 ‘248⁸
1278 339 1419 386 vri-A
1467 340 1524 385 s.
1575 337 1978 385 MARGARITAE
2026 335 2170 383 nec.
2226 333 2397 382 scor.
2757 317 2973 382 JUNII
3027 320 3110 382 ‘lO

565 438 630 518 et
667 436 824 494 ante
863 445 1209 494 summam
1243 423 1518 492 Missam
1567 423 1877 509 quinque
1904 420 2008 490 vel
2059 441 2175 488 sex
2223 419 2541 508 privatim
2594 419 2835 489 Missas
2871 419 3109 489 audie-

568 514 704 584 bat.
759 518 921 581 Ante
971 511 1405 581 refectionem
1442 511 1984 601 vigintiquatuor
2034 529 2370 598 pauperes
2421 507 2786 576 humiliter
2833 509 2931 578 eis
2980 510 3109 577 mi-

567 601 920 673 nistrando
969 599 1339 669 reficiebat.
1397 600 1723 670 Sumebat
1764 597 2011 668 deinde
2060 596 2321 676 cibum,
2362 618 2493 665 non
2549 608 2626 665 ut
2676 595 3110 666 delectationi

568 691 1052 777 acquiesceret,
1091 688 1208 757 sed
1259 699 1525 758 tantum
1576 702 1653 757 ut
1703 689 1909 757 vitam
1963 699 2284 755 servaret.
2718 715 2725 718 ¹

654 782 691 866 ξ
738 783 833 848 9.
888 783 1043 847 Erat
1093 799 1247 845 vero
1295 779 1444 866 eJus
1493 777 1769 846 refectio
1819 777 2046 845 tenuis
2091 787 2157 843 et
2194 775 2424 843 sobria
2473 783 2537 841 et
2583 795 2759 859 quae
2807 775 3109 843 esuriem

569 869 889 938 excitaret
920 867 1149 955 potius
1179 888 1389 952 quam
1438 867 1864 956 extingueret
1897 889 1909 933 :
1948 865 2443 950 videbaturque
2472 883 2605 930 non
2640 874 2778 931 tam
2813 884 3108 942 sumere,

567 979 777 1043 quam
827 967 1102 1056 gustare
1132 955 1393 1023 cibum.
1430 953 1902 1043 Quadraginta
1942 964 2097 1022 ante
2129 951 2382 1020 Pascha
2418 964 2482 1019 et
2511 949 2809 1019 natalem
2860 951 3111 1020 Christi
3202 987 3209 992 ·

570 1047 776 1123 diem,
832 1043 1223 1112 incredibili
1254 1043 1667 1112 abstinentia
1718 1065 1789 1111 se
1838 1043 2095 1121 afflixit,
2137 1040 2253 1109 sed
2290 1054 2566 1130 propter
2602 1039 2901 1108 nimium
2927 1040 3112 1128 ,jeju-

570 1137 667 1203 nii
717 1135 1009 1233 rigorem
1060 1154 1281 1218 usque
1330 1132 1414 1199 ad
1465 1132 1675 1201 finem
1720 1133 1893 1200 vitae
1945 1153 2109 1199 suae
2157 1131 2529 1198 acerrimos
2578 1150 2781 1217 passa
2823 1142 2923 1197 est
2974 1143 3114 1197 sto-

572 1224 802 1292 machi
851 1222 1155 1290 dolores:
1199 1243 1322 1288 nec
1348 1234 1574 1289 tamen
1609 1242 1816 1308 aegra
1840 1219 2147 1308 corporis
2174 1217 2492 1290 ,valetudo
2529 1217 2845 1285 virtutem
2877 1218 3111 1306 operis

571 1312 926 1380 debilitare
974 1311 1217 1399 potuit.
1281 1316 1350 1376 ln
1403 1332 1591 1377 sacra
1652 1309 1938 1377 lectione
1995 1319 2139 1376 erat
2179 1306 2509 1384 studiosa,
2566 1307 2634 1373 in
2684 1306 3113 1375 orationibus

573 1401 1042 1490 perseverans
1079 1400 1146 1466 in
1180 1399 1472 1466 eleemos
1525 1399 1633 1465 nis
1661 1397 2089 1476 indeficiens,
2131 1395 2429 1482 denique
2460 1397 2528 1462 in
2562 1395 2890 1463 omnibus
2920 1417 3113 1482 pror-

574 1510 693 1559 sus
720 1510 893 1573 quae
937 1488 1046 1554 Dei
1074 1499 1288 1565 erant,
1333 1487 1466 1575 vigi
1502 1500 1695 1555 anter
1721 1508 1868 1555 sese
1896 1485 2299 1554 exercitans.
2330 1484 2543 1552 Codex
2576 1483 2857 1569 quidam
2891 1488 3112 1551 Evan-

620 1578 857 1654 elicus,
906 1577 1197 1664 gemmis
1244 1588 1311 1655 et
1362 1598 1531 1644 auro
1580 1587 1864 1644 ornatus
1914 1575 1981 1642 in
2033 1596 2170 1660 quo
2219 1573 2492 1644 studere
2539 1585 2603 1640 et
2662 1572 2881 1660 legere
2934 1572 3113 1640 sole-

572 1601 710 1740 ssat,
751 1665 1057 1733 custodis
1107 1665 1522 1753 negligentia
1556 1665 1624 1731 in
1662 1685 1912 1749 aquam
1946 1661 2214 1741 cecidit,
2251 1674 2316 1730 et
2344 1684 2462 1749 per
2490 1661 2674 1729 diem
2725 1683 2802 1728 ac
2840 1674 3108 1729 noctem

575 1754 723 1822 sine
758 1753 992 1839 aliqua
1042 1753 1294 1841 injuria
1337 1754 1436 1821 vel
1490 1752 1788 1822 laesione
1839 1751 2208 1821 inviolatus
2247 1750 2650 1839 permansit.
2934 1765 2937 1768 ·

662 1847 696 1928 ς
745 1846 899 1918 10.
955 1841 1259 1910 Habebat
1313 1841 1807 1910 confessarium
1870 1845 2288 1929 Turgotum,
2353 1838 2735 1907 secundum
2808 1838 3111 1905 Priorem

577 1930 998 2000 Dunelmiae.
1055 1929 1162 1997 Illi
1210 1952 1370 2018 ergo
1410 1930 1495 1997 ad
1546 1952 1617 1997 se
1666 1929 2018 2008 accersito,
2078 1928 2282 1996 vitam
2343 1948 2540 1995 suam
2578 1926 2911 2015 replicare
2958 1948 3113 1994 coe-

576 2020 697 2109 pit,
751 2033 815 2087 et
860 2019 942 2086 ad
981 2019 1256 2108 singula
1299 2019 1506 2086 verba
1555 2019 2019 2106 lacrymarum
2072 2017 2361 2085 flumina
2399 2014 2850 2103 profundere:
2892 2028 3116 2084 tanta-

575 2131 709 2194 que
771 2120 914 2176 erat
965 2107 1093 2175 sub
1141 2109 1291 2196 ejus
1341 2107 1780 2175 sermonibus
1838 2128 1987 2174 com
2044 2105 2301 2184 uncti0‚
2356 2116 2589 2172 tantus
2639 2103 3112 2192 lacrymarum

576 2198 818 2275 imber,
876 2209 951 2264 ut
1001 2196 1171 2263 nihil
1224 2195 1681 2283 proculdubio
1730 2217 1877 2263 esse
1912 2194 1973 2262 vi
2025 2206 2274 2270 eretur,
2327 2193 2505 2278 quod
2544 2206 2709 2261 tunc
2757 2215 2795 2260 a
2847 2193 3115 2261 Christo

579 2287 944 2375 impetrare
1007 2307 1142 2352 non
1197 2297 1444 2372 posset.
1519 2290 1825 2370 Cumque
1888 2282 1973 2351 de
2038 2282 2446 2352 necessariis
2503 2303 2886 2350 sermonem
2958 2302 3108 2370 per-

578 2376 920 2453 texuisset,
990 2374 1079 2441 ita
1130 2373 1225 2441 ait
1271 2373 1352 2441 ad
1420 2396 1614 2441 eum:
1669 2372 1859 2441 Vale:
1913 2394 2061 2461 ego,
2126 2372 2411 2461 posthac
2474 2371 2596 2438 diu
2657 2371 2724 2437 in
2794 2371 2924 2438 hac
2977 2371 3114 2438 vita

579 2486 716 2533 non
750 2464 1170 2533 subsistam:
1228 2475 1299 2531 tu
1348 2484 1502 2532 vero
1559 2484 1761 2551 parvo
1820 2476 1970 2551 post
2003 2482 2109 2529 me
2143 2472 2445 2549 tempore
2494 2461 2698 2529 vives.
2756 2463 2898 2528 Duo
2950 2471 3113 2529 sunt

578 2567 805 2623 autem
855 2574 1028 2639 quae
1078 2576 1117 2620 a
1157 2564 1216 2619 te
1269 2552 1577 2640 postulo:
1635 2556 1884 2627 Unum,
1925 2563 2000 2618 ut
2029 2549 2252 2635 quoad
2288 2549 2557 2628 vixeris,
2613 2550 2884 2617 animae
2915 2569 3113 2617 meae

576 2648 644 2710 in
696 2642 917 2710 Missis
965 2654 1030 2709 et
1076 2642 1502 2710 orationibus
1553 2641 1689 2709 tuis
1737 2639 2133 2709 meminisse
2186 2638 2392 2708 velis:
2447 2638 2765 2711 alterum,
2820 2649 2894 2705 ut
2944 2636 3114 2705 libe-

557 2752 810 2815 Jorum
882 2751 1190 2798 meorum
1268 2752 1504 2798 curam
1582 2727 1878 2803 habeas,
1934 2749 2235 2796 amorem
2285 2728 2383 2794 eis
2432 2726 2831 2815 impendas,
2901 2730 3116 2793 Deum

576 2820 943 2910 praecipue
980 2820 1215 2887 timere
1265 2840 1379 2888 eos
1428 2818 1697 2896 doceas,
1764 2828 1826 2885 et
1875 2837 2033 2886 cum
2084 2816 2170 2883 ad
2212 2816 2487 2884 culmen
2540 2828 2845 2882 terrenae
2886 2813 3112 2903 digni·

578 2910 733 2977 tatis
781 2907 1154 2993 quemlibet
1213 2929 1450 2975 eorum
1500 2906 1692 2974 evehi
1741 2905 2198 3005 conspexeriS,
2255 2904 2443 2972 illius
2491 2904 2591 2971 vel
2648 2905 2943 2971 maxime
2995 2925 3117 2991 pa-

583 3011 753 3066 trem
809 2995 1016 3064 simul
1081 3008 1144 3062 et
1203 2996 1617 3083 magistrum
1672 3008 1731 3062 te
1778 2993 2143 3071 exhibeas,
2199 2993 2657 3071 admonendo,
2715 3006 2780 3059 et
2836 2991 2956 3059 ubi
3010 3013 3118 3059 res

579 3084 1048 3173 postulaverit,
1104 3084 1305 3151 etiam
1358 3084 1813 3172 objurgando,
1849 3105 1931 3150 ne
1964 3097 2241 3171 propter
2282 3081 2527 3149 mundi
2565 3081 3110 3170 prosperitatem,

575 3187 885 3242 aeternae
933 3173 1107 3240 vitae
1157 3172 1548 3239 felicitatem
1600 3194 1725 3239 sua
1774 3171 2193 3260 negligentia
2232 3171 2521 3238 amittat.

669 3264 703 3347 ἓ
752 3268 883 3332 11.
941 3261 1234 3330 Dimidio
1269 3273 1417 3348 post
1466 3259 1632 3328 haec
1663 3281 1869 3339 anno,
1933 3261 2446 3349 ingravescente
2496 3259 2718 3326 morbi
2773 3257 3109 3336 molestia,

580 3372 735 3418 raro
783 3373 818 3416 e
868 3349 1039 3418 lecto
1089 3370 1367 3437 surgere
1401 3351 1659 3437 potuit:
1699 3361 1940 3435 quarto
1990 3362 2219 3417 autem
2251 3361 2407 3416 ante
2439 3347 2702 3415 obitum
2738 3368 2941 3429 suum
2974 3346 3110 3425 die,

580 3461 737 3507 cum
790 3460 904 3505 rex
957 3437 1356 3506 Malcolmus
1415 3440 1482 3505 in
1533 3437 1958 3527 expeditione
2005 3449 2204 3517 esset,
2272 3437 2527 3505 tristior
2574 3434 2772 3504 solito
2832 3434 3063 3503 effecta
3096 3489 3111 3512 ‚

582 3526 1046 3595 assidentibus
1100 3526 1233 3595 ait:
1267 3550 1302 3591 «
1334 3524 1521 3594 Forte
1571 3526 1771 3594 hodie
1806 3540 2073 3595 tantum
2108 3525 2273 3594 mali
2304 3546 2514 3613 regno
2547 3528 2901 3592 Scotorum
2936 3524 3151 3607 acci—⁶

581 3616 701 3694 dit,
733 3630 1071 3701 quantum
1115 3616 1221 3682 vix
1259 3615 1495 3683 multis
1528 3628 1707 3683 retro
1734 3615 2182 3704 temporibus
2210 3631 2253 3679 ὅ)
2284 3619 2440 3682 Post
2476 3613 2621 3681 dies
2648 3613 2909 3699 aliquot
2942 3634 3121 3681 nun-

579 3706 844 3779 ciorum
878 3704 1204 3773 relatione
1249 3703 1485 3772 eodem
1537 3703 1671 3779 die,
1726 3726 1862 3789 quo
1911 3703 2148 3791 regina
2182 3702 2466 3781 dixerat,
2516 3722 2740 3791 regem
2779 3723 2938 3770 cum
2975 3700 3117 3768 filio

581 3792 896 3860 Eduardo
945 3794 1155 3862 fuisse
1188 3795 1492 3862 occisum
1543 3806 2042 3882 cognoverunt:
2106 3812 2311 3879 quem
2354 3791 2497 3871 illa,
2542 3813 2669 3859 ceu
2725 3790 3120 3858 futurorum

577 3882 909 3970 praescia,
984 3882 1277 3950 multum
1329 3881 1798 3970 prohibuerat,
1856 3903 1940 3949 ne
1988 3902 2338 3968 quoquam
2396 3892 2559 3948 tunc
2606 3901 2765 3948 cum
2819 3879 3123 3948 exercitu

576 3969 1123 4127 proffrederetur.
1180 3976 1429 4051 Quarto
1485 3970 1647 4038 inde
1683 3982 1835 4059 post
1876 3981 2162 4039 mortem
2222 3969 2425 4058 Regis
2474 3968 2607 4045 die,
2656 3966 2893 4034 morbo
2946 3988 3118 4034 non-
3162 4007 3173 4018 ·

577 4058 726 4127 nihi
803 4058 887 4127 de
935 4082 1061 4128 sua
1122 4060 1488 4129 acerbitate
1561 4060 1969 4139 remittente,
2042 4058 2281 4128 Missas
2330 4056 2675 4135 auditura,
2742 4054 3123 4124 oratorium

577 4147 874 4226 intravit,
911 4162 976 4217 et
1022 4149 1278 4217 exitum
1331 4169 1534 4218 suum
1590 4148 1929 4217 Dominici
1976 4146 2292 4237 Corporis
2340 4157 2406 4214 et
2455 4145 2828 4234 Sanguinis
2878 4143 3122 4215 viatico

575 4238 1062 4325 praemunivit.
1117 4242 1263 4306 Mox
1314 4248 1538 4305 autem
1607 4237 1959 4325 prioribus
1998 4248 2279 4325 gravata
2324 4233 2706 4313 doloribus,
2745 4232 2915 4301 lecto
2966 4253 3123 4320 pro-

577 4337 807 4406 strata,
855 4325 939 4395 ad
976 4327 1258 4403 exitum,
1316 4338 1662 4396 crescente
1704 4325 2039 4409 molestia,
2081 4323 2555 4394 vehementius
2580 4333 2890 4412 urgetur.
2946 4325 3118 4388 Tum
