3357 4995
622 306 635 317 ⁹
690 329 775 394 30
1438 346 1516 392 ns
1564 345 1616 398 s,
1668 343 1941 393 sumone
1989 342 2295 392 »romono
2838 324 3063 391 JUNII
3115 326 3140 388 1

601 426 683 497 ad
737 426 1022 495 domum
1074 426 1293 496 sancti
1335 426 1536 506 Petri,
1582 424 1683 495 vel
1735 424 1821 494 ad
1857 423 2051 493 aliud
2092 423 2591 493 monasterium
2645 436 2707 493 te
2753 422 2914 494 velit
2958 445 3151 514 sepe-

601 513 768 583 liri?
830 514 1222 603 respondit:
1293 514 1529 584 Indica
1579 513 1682 582 illi
1730 535 1810 583 ex
1871 525 2105 582 nostra
2151 524 2368 603 parte,
2433 525 2511 581 ut
2560 533 2683 602 pro
2725 512 2975 582 Christi
3026 535 3154 582 no-

598 604 786 673 mine
818 603 986 672 haec
1035 603 1397 693 peregrina
1447 603 1761 673 membra
1820 600 2206 671 consentiat
2255 600 2368 670 hic
2430 613 2846 690 putrescere,
2911 614 2977 671 et
3040 623 3154 671 me

599 691 947 782 permittat
972 691 1084 761 hic
1118 690 1302 760 diem
1333 690 1609 760 Domini
1645 702 2023 781 expectare.
2061 694 2228 760 Cum
2263 700 2492 759 autem
2529 710 2733 779 porro
2770 690 3153 780 interroga-

598 802 778 849 rem:
812 779 985 863 Quid
1023 779 1081 851 si
1114 800 1440 870 praesens
1466 800 1603 849 non
1635 779 1862 850 fuero?
1893 778 2067 860 Eris,
2105 777 2356 865 inquit,
2394 777 2557 859 eriS,
2586 778 2779 847 etsie
2812 790 2889 848 ut
2914 777 3154 869 dispo.-

597 869 731 949 sui,
786 867 872 938 de
929 889 1036 938 me
1086 867 1465 938 ordinabis.
1522 872 1830 955 Cumque
1882 866 2078 937 valde
2126 878 2450 949 tremens,
2507 866 2836 938 attentius
2878 865 3154 937 vultum

597 956 1049 1033 intenderem,
1104 956 1314 1037 sensi,
1368 955 1626 1038 fateor,
1678 955 1959 1040 odorem
2016 955 2102 1024 de
2149 954 2638 1045 corporeqejus
2695 955 3148 1046 fragrantem,

595 1046 924 1116 omnibus
979 1044 1409 1115 aromatibus
1455 1045 1869 1115 suaviorem.
1941 1044 2224 1114 Miratus
2288 1042 2637 1123 multum,
2703 1043 2841 1113 alia
2889 1057 3155 1115 secreta

593 1156 675 1204 ex
713 1134 906 1204 illius
952 1154 1068 1203 ore
1128 1132 1411 1215 audivi,
1463 1154 1641 1221 quae
1693 1133 1808 1203 hic
1866 1132 2167 1202 scribere
2216 1132 2435 1202 nolui.
2506 1132 2938 1222 Interpositis
2982 1154 3154 1224 ergo

594 1237 875 1294 centum
925 1235 989 1292 et
1028 1223 1338 1310 quinque
1385 1221 1656 1303 diebus,
1711 1222 1782 1290 in
1841 1221 2100 1291 octavis
2149 1226 2577 1292 Pentecostes
2605 1221 3003 1312 aegrotavit.

685 1313 723 1399 ξ
781 1315 931 1386 ¹8.
985 1310 1331 1401 Stephano
1383 1322 1638 1392 autem,
1697 1310 1820 1397 qui
1869 1309 1932 1379 ei
1987 1310 2451 1389 ministrabat,
2514 1308 2840 1397 injunxit,
2897 1323 2977 1379 ut
3028 1332 3155 1401 per

595 1399 861 1488 aliquot
908 1398 1058 1468 dies
1106 1399 1415 1486 requiem
1465 1398 1601 1490 ipsi
1647 1399 1865 1479 daret,
1918 1420 2057 1486 quo
2106 1398 2266 1489 plus
2325 1397 2527 1468 solito
2575 1397 3153 1489 contemplationi

594 1509 835 1557 vacare
874 1485 1125 1578 posset.
1163 1487 1287 1579 Ille
1311 1509 1532 1557 unum
1563 1487 1748 1557 diem
1775 1498 2105 1577 expectat,
2133 1498 2200 1557 et
2235 1487 2431 1557 tertia
2465 1486 2634 1557 feria
2665 1486 2752 1557 ad
2788 1508 3152 1577 vesperam

594 1577 794 1666 signo
825 1575 1026 1658 facte,
1060 1576 1337 1647 corbem
1387 1598 1546 1646 cum
1602 1598 1781 1665 pane
1824 1575 1913 1645 ad
1962 1575 2328 1646 fenestram
2365 1574 2752 1666 suspendit:
2787 1597 2992 1645 mane
3024 1598 3155 1647 au-
3287 1640 3288 1649 ,

598 1678 760 1745 tem,
831 1664 1010 1735 sicut
1073 1664 1400 1745 miserat,
1446 1665 1783 1736 intactum
1834 1664 2120 1754 reperit:
2177 1663 2474 1734 multum
2527 1664 2774 1734 anxius
2833 1665 2921 1734 ad
2984 1687 3156 1735 eum
3215 1679 3220 1684 ’

594 1752 929 1823 ascendit.
965 1758 1458 1844 Interrogatus„
1516 1754 1645 1823 hoc
1703 1751 1926 1823 solum
1989 1753 2382 1844 respondit:
2437 1751 2616 1835 Quid
2675 1753 2811 1823 vis?
2858 1753 3029 1823 vade
3076 1754 3154 1822 in

593 1863 783 1931 pace.
824 1841 948 1912 Ille
999 1842 1273 1922 timens,
1326 1841 1686 1911 Gothelino
1733 1841 2008 1922 clericO,
2046 1841 2171 1930 qui
2216 1842 2362 1912 viro
2410 1842 2527 1911 Dei
2575 1841 2743 1911 satis
2783 1840 3156 1912 familiaris

591 1944 757 2012 erat,
809 1952 933 2031 per
977 1929 1292 1999 ordinem
1343 1929 1606 2019 pandit,
1662 1930 2026 2000 dominum
2099 1930 2488 1999 Simeonem
2539 1929 2737 1999 valde
2794 1929 3141 2012 laborare,

594 2040 719 2088 nec
768 2020 902 2089 s1bi
949 2032 1026 2088 ut
1074 2018 1320 2089 solitus
1367 2031 1533 2101 erat,
1572 2018 1783 2106 loqui.
1823 2018 2126 2090 Clericus
2166 2017 2334 2089 feria
2366 2019 2612 2106 quinta
2640 2018 2843 2087 illum
2876 2018 3146 2089 visitat:

590 2107 899 2178 famulus
947 2107 1062 2176 Dei
1111 2107 1387 2178 nullum
1434 2128 1847 2198 responsum
1889 2107 2030 2177 dat.
2087 2107 2215 2179 Sed
2266 2107 2544 2178 tandem
2594 2106 2680 2175 de
2731 2128 2944 2176 manu
2989 2107 3152 2197 ejus

592 2211 830 2287 potum
872 2196 1186 2287 suscipit,
1241 2218 1312 2265 se
1364 2217 1451 2264 ue
1501 2196 1569 2264 in
1619 2195 1873 2267 lectum
1927 2217 2135 2265 suum
2186 2195 2548 2286 recolligit.
2609 2200 2688 2265 In
2743 2194 2856 2264 die
2904 2209 3150 2266 octavo

591 2285 758 2367 dum
799 2285 1035 2356 revisit
1081 2284 1282 2357 illum
1371 2283 1655 2364 iluculo,
1709 2285 1781 2353 in
1835 2284 2159 2355 extremis
2215 2285 2509 2375 reperit,
2547 2282 2861 2370 mihique
2906 2297 3156 2356 notum

590 2374 775 2445 facit.
828 2373 1147 2443 Concitus
1187 2372 1469 2443 cucurri
1525 2372 1852 2442 infirmus
1901 2385 2036 2443 toto
2075 2394 2383 2463 corpore,
2422 2385 2489 2444 et
2543 2371 2841 2441 maxime
2893 2372 3153 2444 debilis
3269 2446 3292 2467 ὑ

574 2462 850 2554 pedum
910 2462 1427 2543 invaletudine,
1479 2461 1683 2549 quasi
1749 2482 1964 2534 sanus
2030 2462 2312 2532 ascendi
2361 2462 2512 2532 sine
2578 2460 2837 2531 dolore.
2908 2463 3157 2533 Inveni

588 2552 819 2622 adhuc
860 2551 1219 2632 viventem,
1253 2563 1319 2621 et
1342 2551 1493 2641 jam
1543 2550 1877 2621 ultimum
1927 2550 2722 2640 spiritum'trahentem.
2778 2552 3150 2639 Exequias,

587 2662 764 2728 quae
803 2662 927 2730 pro
973 2639 1407 2712 absolutione
1441 2639 1718 2709 animae
1759 2638 2224 2719 celebrantur,
2259 2661 2421 2709 cum
2456 2639 2642 2711 'solis
2675 2639 2965 2730 ‚duobus
3011 2640 3157 2709 sra-

588 2731 811 2800 tribus
857 2728 980 2817 qui
1023 2750 1294 2800 mecum
1351 2727 1796 2808 advenerant,
1845 2740 2054 2828 prout
2111 2728 2490 2817 potuimus,
2545 2727 2966 2818 peregimus.
3007 2729 3159 2799 Sic-

587 2839 722 2906 que
768 2820 1077 2887 animam
1128 2829 1438 2888 sanctam
1488 2817 1659 2887 hora
1707 2828 1930 2898 tertia,
1986 2815 2305 2887 Calendis
2361 2817 2580 2898 Junii,
2632 2816 3153 2907 benignissimo

587 2906 701 2977 cui
724 2927 997 2996 semper
1016 2907 1361 2987 servierat,
1387 2905 1688 2976 reddidit
1710 2905 2029 2976 Creatori.
2042 2905 2280 2976 Subito
2301 2905 2377 2975 fit
2393 2926 2779 2976 concursus
2798 2905 3150 2976 omnium:

588 2995 936 3074 monachi,
990 2992 1246 3075 clerici,
1287 3000 1419 3065 Deo
1467 3007 1798 3075 sacratae,
1837 2995 2087 3084 vulgus
2135 2994 2515 3084 promiscui
2565 3014 2791 3074 sexus,
2825 2994 3158 3082 quicum·

587 3104 722 3170 que
769 3083 1010 3152 audire
1058 3096 1344 3172 poterat,
1397 3083 1484 3154 ad
1535 3083 1704 3154 tanti
1755 3083 1883 3153 viri
1933 3084 2147 3153 funus
2195 3082 2683 3172 properabant.
2909 3169 2918 3178 ³

674 3174 712 3258 ξ
760 3176 899 3246 u.
954 3170 1195 3261 Igitur,
1249 3172 1430 3243 sicut
1477 3172 1627 3262 ipse
1672 3171 2151 3260 disposuerat,
2205 3170 2422 3243 immo
2470 3170 2948 3262 praedixerat,
2999 3193 3158 3243 cor-

635 3259 962 3330 usculum
1032 3280 1222 3329 more
1281 3281 1449 3330 suae
1515 3262 1776 3350 patriae
1823 3260 2312 3351 componimus
2347 3315 2362 3342 ,
2415 3273 2481 3330 et
2527 3281 2689 3331 cum
2742 3260 3032 3361 psalmis
3078 3275 3153 3333 et

613 3347 914 3418 audibus
963 3347 1078 3416 Dei
1113 3348 1180 3417 in
1232 3347 1553 3439 sepulcro
1589 3348 2037 3419 collocamus.
2078 3349 2275 3432 Quod
2323 3363 2648 3441 apertum·
2688 3348 3148 3431 dimittente8‚

584 3437 706 3524 qui
770 3437 840 3504 in
894 3435 1148 3526 vigiliis
1192 3450 1258 3506 et
1313 3437 1666 3525 obsequiis
1715 3419 2160 3519 deservirent,
2213 3437 2654 3528 deputamus.
2709 3442 2787 3508 ln
2846 3438 3156 3509 crastino

584 3537 722 3596 tota
791 3525 1281 3613 civitas‘quasi
1348 3527 1453 3595 vir
1498 3548 1687 3598 unus
1733 3539 2236 3617 congregatur,
2290 3527 2574 3597 interior
2634 3525 2886 3598 domus
2938 3548 3156 3596 orna-

584 3614 838 3684 mentis
895 3612 1378 3686 ecclesiasticis
1427 3615 1816 3685 decoratur.
1874 3619 2048 3686 Dum
2099 3636 2261 3705 ergo
2308 3616 2635 3704 exequiae
2682 3615 3154 3690 communiter

583 3702 1043 3794 celebrantur,
1097 3704 1317 3773 sancti
1385 3704 1513 3772 vjri
1572 3726 1851 3795 corpuS,
1899 3704 2077 3774 sicut
2137 3704 2358 3774 solent
2398 3704 2716 3774 homines
2763 3703 2834 3773 in
2899 3703 3155 3778 calidis

582 3790 876 3872 balneiS,
932 3791 1187 3863 sudare
1232 3793 1480 3882 coepit.
1536 3793 1869 3863 Miramur
1915 3814 2181 3863 omnes.
2258 3791 2486 3881 Aliqui
2533 3792 2859 3862 sudorem
2917 3804 3148 3862 exter—
3219 3793 3230 3800 ’

582 3880 857 3971 gebant,
912 3881 1135 3951 vivere
1179 3902 1340 3951 eum
1381 3881 1759 3951 credentes.
1801 3880 1929 3952 Sed
1978 3903 2143 3952 cum
2197 3880 2436 3951 multis
2494 3881 2723 3952 modis
2771 3883 3150 3975 probatum

582 3981 803 4050 esset,
860 3970 1027 4057 quia
1075 3991 1211 4040 non
1266 3993 1304 4040 e
1351 3971 1502 4040 vivo
1543 3970 1850 4061 'corpore
1898 3970 2016 4040 ille
2066 3969 2281 4042 sudor
2329 3970 2729 4060 procederet
2757 4025 2773 4049 ,
2819 3970 2944 4041 'nec
2994 3971 3153 4042 sine

584 4057 1013 4149 providentia
1063 4060 1177 4129 Dei
1227 4059 1456 4129 isthuc
1507 4059 1719 4143 fieret,
1789 4060 2014 4130 visum
2079 4072 2181 4127 est
2238 4058 2566 4129 omnibus
2616 4070 2693 4129 ut
2758 4059 2933 4130 illud
2978 4061 3154 4130 tanti

584 4148 714 4217 viri
759 4169 1014 4248 corpus
1066 4169 1200 4216 non
1269 4147 1785 4237 negligeretur,
1840 4149 1960 4219 secl
2018 4169 2057 4216 a
2107 4146 2388 4218 Clericis
2438 4169 2560 4237 per
2670 4148 2970 4219 roximos
3034 4148 3160 4218 tri-

584 4237 777 4325 ginta
819 4235 968 4306 dies
1018 4236 1323 4306 vicissim
1370 4237 1859 4308 custodiretur.
1919 4235 2272 4395 Deputatis
2318 4236 2538 4327 igitur
2595 4169 2735 4307 illis
2765 4292 2781 4320 ,
2822 4249 2975 4328 post
3023 4236 3157 4308 ho·

583 4347 731 4395 ram
801 4344 1058 4395 nonam
1109 4347 1179 4397 se
1234 4324 1509 4397 ulcrum
1561 4326 1931 4417 diligenter
1977 4324 2353 4396 cauditur.
2409 4330 2577 4396 Cum
2628 4337 2857 4396 autem
2910 4327 3159 4398 Clerici
3297 4363 3302 4394 t

586 4436 709 4504 per
759 4413 938 4485 vices
987 4415 1056 4483 in
1107 4435 1183 4484 ce
1216 4414 1404 4497 lula.,
1471 4415 1567 4486 ibi
1622 4414 1988 4487 humatum
2024 4426 2169 4486 erat
2207 4436 2461 4505 corpus
2491 4415 2620 4486 viri
2656 4414 2797 4499 Dei,
2839 4416 3151 4507 psalmos
3301 4421 3302 4438 ¹
