3357 4995
298 331 519 396 JUNII
572 331 654 394 ⁴6
1138 349 1216 394 nn
1265 348 1320 394 s.
1376 347 1701 395 Lurcxnmz
1761 348 2017 396 vincum
2633 332 2763 397 429

287 432 565 523 jejunii,
620 454 744 502 nec
804 433 953 501 sine
999 431 1254 512 fructu,
1298 443 1376 502 ut
1424 454 1550 503 nos
1588 434 1737 522 ‚jam
1790 433 2172 503 certissime
2234 455 2622 523 speramus.
2680 434 2855 503 Dixit

297 522 484 590 enim
517 521 691 589 mihi
725 519 923 602 illud,
960 520 1143 608 quod
1168 521 1315 610 jam
1360 522 1927 603 memoravimus,
1970 521 2358 612 periculum
2409 545 2546 592 non
2592 523 2852 592 medio-

299 611 504 681 criter
532 609 954 691 formidanti,
1009 631 1191 678 anno
1223 608 1487 679 scilicet
1517 611 1826 700 proximo
1874 625 2031 680 ante
2074 611 2338 681 obitum
2375 633 2607 682 suum:
2661 618 2853 681 Potes

302 699 705 769 charissime
752 721 970 786 aequo
1017 720 1166 769 esse
1213 698 1485 779 animo,
1539 710 1877 787 quantum
1936 699 2178 769 attinet
2224 699 2306 769 ad
2366 699 2590 781 illum,
2646 722 2853 788 quem

306 789 499 877 ajunt
549 787 727 858 clam
780 787 1116 856 Ecclesiae
1167 786 1459 856 insidias
1514 809 1939 877 comparare.
1994 794 2159 858 Nam
2209 801 2327 859 aut
2370 789 2857 860 humiliabitur

305 877 625 967 precibus
700 876 1009 945 fidelium
1044 932 1059 957 ,
1113 888 1232 945 aut
1293 875 1481 945 brevi
1541 877 1876 948 excedens
1922 899 1959 946 e
2008 878 2179 958 vita,
2235 899 2472 968 pacem
2516 878 2855 949 Ecclesiae

306 965 666 1052 relinquet,
720 987 927 1052 quam
979 964 1379 1054 perturbare
1427 965 1810 1036 videbatur.

389 1057 426 1141 ξ
474 1059 632 1127 4².
709 1059 834 1122 Per
882 1054 1061 1121 idem
1112 1054 1248 1123 sere
1312 1067 1584 1144 tempus
1633 1054 2045 1123 venerabilis
2110 1054 2228 1125 ille
2287 1067 2352 1123 et
2402 1060 2533 1125 Deo
2598 1056 2855 1145 dignus

301 1143 624 1222 Jacobus,
684 1143 1156 1212 Anchonensis
1204 1142 1555 1229 quondam
1608 1144 2033 1243 Episcopus,
2093 1157 2239 1212 tum
2291 1165 2447 1213 vero
2509 1150 2858 1214 Romanae

308 1231 649 1301 Ecclesiae
685 1230 1088 1310 CardinaliS,
1120 1232 1343 1321 pridie
1375 1232 1708 1301 Calendas
1745 1233 1900 1320 MaJi
1929 1238 2185 1301 Romae
2226 1232 2362 1300 vita
2408 1231 2688 1303 functus
2728 1249 2850 1302 est.

308 1327 559 1403 Quarto
602 1319 761 1389 inde
809 1320 941 1400 die,
998 1319 1063 1387 id
1097 1333 1220 1400 est,
1277 1322 1345 1388 in
1404 1321 1573 1390 sesto
1622 1335 1899 1392 sanctae
1953 1322 2211 1402 Crucis,
2281 1343 2442 1389 cum
2497 1321 2858 1412 Lutgardis

307 1411 376 1478 in
417 1410 782 1478 Brabantia
832 1420 1031 1488 esset,
1086 1409 1365 1498 triginta
1414 1409 1684 1478 dierum
1740 1410 1982 1479 itinere
2039 1408 2278 1499 procul
2327 1410 2413 1477 ab
2460 1432 2539 1479 eo
2601 1412 2745 1480 loco
2787 1412 2856 1478 in

307 1522 445 1585 quo
476 1497 592 1566 ille
640 1497 1007 1566 defunctus
1054 1512 1177 1577 est,
1238 1511 1425 1587 rapta
1461 1498 1716 1587 spiritu
1745 1499 1816 1567 in
1865 1497 2162 1579 coelum,
2199 1498 2368 1567 vidit
2416 1499 2651 1568 eadem
2695 1499 2856 1568 hora

309 1588 613 1655 animam
666 1588 816 1676 ejus
844 1586 1094 1656 adduci
1146 1587 1212 1653 in
1251 1585 1674 1678 paradisum:
1713 1587 1913 1674 eique
1961 1587 2213 1677 spiritu
2243 1587 2625 1677 gratulanS,
2660 1588 2855 1657 dixit:

305 1674 725 1754 Nesciebam,
781 1675 1347 1744 reverendissime
1395 1689 1608 1764 pater,
1664 1689 1729 1744 te
1802 1699 1838 1745 e
1913 1698 2198 1765 corpore
2263 1676 2663 1747 decessisse.
2732 1678 2855 1746 Sed

309 1764 610 1851 quand0‚
647 1787 788 1844 oro,
825 1763 1192 1833 defunctus
1217 1769 1331 1832 es?
1380 1765 1757 1855 Respondit
1800 1764 1938 1833 ille:
1967 1771 2219 1848 Quarto
2258 1764 2513 1834 abhinc
2571 1766 2703 1834 die.
2747 1772 2860 1834 ln-

308 1855 505 1923 terim
560 1867 692 1923 tres
764 1867 995 1922 noctes
1052 1866 1117 1923 et
1164 1853 1338 1922 duos
1415 1853 1562 1922 dies
1610 1854 1803 1942 exegi
1871 1855 1939 1922 in
2007 1854 2432 1944 Purgatorio.
2502 1859 2670 1923 Tum
2744 1855 2864 1925 illa

306 1942 704 2011 admirans:
752 1948 829 2011 Et
871 1963 1108 2028 quare,
1154 1942 1400 2029 inquit,
1450 1965 1582 2011 non
1635 1943 1864 2011 statim
1911 1943 1997 2012 ab
2039 1943 2233 2014 obitu
2282 1943 2454 2011 mihi
2506 1943 2856 2024 indicasti,

308 2044 385 2099 ut
434 2052 743 2100 sororum
795 2044 1188 2100 nostrarum
1234 2031 1551 2122 precibus
1606 2053 1862 2121 poenae
1915 2046 2069 2101 tuae
2122 2031 2605 2101 solverentur?
2638 2035 2863 2103 Domi-

310 2143 465 2199 nus„
513 2120 605 2187 ait
662 2119 800 2200 ille,
864 2121 1084 2190 noluit
1122 2132 1198 2189 ·te
1248 2121 1639 2190 contristari
1711 2122 1951 2221 poenis
1999 2121 2194 2202 meiS,
2249 2120 2366 2190 sed
2424 2142 2573 2189 mea
2635 2123 2862 2211 potius

312 2208 712 2277 liberatione
766 2223 830 2278 et
889 2209 1312 2277 beatitudine
1361 2210 1753 2278 exhilarari.
1834 2216 1936 2279 Tu
2014 2222 2242 2279 autern
2294 2208 2503 2298 paulo
2546 2223 2698 2298 post
2755 2232 2863 2279 me

314 2297 641 2381 sequeris.
682 2298 803 2368 His
840 2298 1066 2378 dictis,
1106 2298 1469 2389 Lutgardis
1506 2298 1678 2367 redit
1712 2297 1795 2366 ad
1832 2319 1930 2376 se,
1964 2310 2030 2366 et
2061 2297 2247 2366 diem
2283 2298 2523 2366 mortis
2554 2298 2860 2384 itemque

313 2385 697 2474 Purgatorii
756 2387 904 2474 ejus
953 2387 1324 2466 cruciatus,
1386 2400 1451 2455 et
1499 2387 1568 2454 in
1620 2387 1845 2456 coelos
1916 2386 2442 2476 migrationem,
2506 2386 2863 2456 sororibus

311 2495 469 2542 cum
523 2475 786 2565 ingenti
819 2475 1234 2545 exultatione
1281 2476 1579 2567 exponit.

401 2566 436 2647 ξ
486 2568 641 2636 48.
712 2568 900 2632 Anno
948 2566 1188 2651 quinto
1219 2578 1374 2635 ante
1405 2565 1668 2635 obitum
1715 2587 1917 2635 suum
1957 2565 2315 2633 Dominica
2366 2563 2562 2633 tertia
2602 2587 2644 2633 a
2693 2570 2863 2633 Pen-

314 2666 582 2731 tecoste,
636 2675 793 2722 cum
848 2654 916 2721 in
953 2653 1239 2723 ecclesia
1282 2654 1619 2744 legeretur
1651 2652 2127 2743 Evangelium,
2159 2658 2368 2723 Homo
2440 2654 2674 2721 uidam
2703 2656 2864 2741 fecit

311 2764 578 2809 coenam
640 2765 1002 2830 maqnam,
1060 2755 1186 2811 etc.
1242 2742 1361 2811 illa
1410 2742 1812 2833 prophetico
1867 2742 2122 2831 spiritu
2171 2742 2342 2811 dixit
2432 2742 2707 2810 ominae
2759 2744 2863 2811 Si-

310 2830 536 2918 byllae
562 2853 603 2898 a
632 2831 859 2920 Gagi5‚
891 2832 1006 2900 cui
1040 2841 1367 2918 tanquam
1404 2832 1627 2922 magis
1660 2830 1990 2909 literatae,
2030 2831 2182 2919 ejus
2219 2830 2286 2898 in
2338 2831 2667 2900 omnibus
2697 2853 2865 2903 cura

316 2919 729 2988 demandata
761 2931 925 2988 erat:
984 2943 1019 2985 «
1045 2921 1319 2989 Noveris
1348 2920 1780 3000 charissima,
1818 2919 1930 2988 die
1963 2918 2082 2988 illo
2132 2919 2512 2997 Dominico,
2553 2940 2689 3006 quo
2736 2920 2863 2989 hoc

317 3008 716 3077 recitabitur
763 3008 1235 3098 Evangelium,
1284 3031 1393 3078 me
1421 3009 1504 3077 ad
1539 3030 1824 3079 coenam
1874 3009 2279 3098 nuptiarum
2313 3009 2484 3098 Agni
2535 3009 2866 3098 migratu-

317 3119 533 3165 ram.»
569 3096 873 3168 Audiens
908 3097 1036 3166 hoc
1071 3097 1349 3186 Sibylla,
1380 3098 1559 3167 diem
1614 3097 1840 3176 illum,
1876 3110 2205 3186 tanquam
2241 3120 2648 3187 supremum
2692 3098 2866 3166 vitae

320 3186 719 3275 LutgardiS,
777 3209 936 3256 cum
1009 3209 1284 3256 summa
1341 3187 1807 3276 expectatione
1870 3185 2437 3276 praestolabatur.
2525 3185 2654 3255 Sed
2703 3209 2863 3255 cum

312 3273 568 3344 videret
617 3275 1025 3366 Lutgardem
1059 3296 1138 3344 eo
1187 3276 1296 3344 die
1348 3298 1623 3345 manere
1658 3276 2131 3365 superstitem,
2192 3276 2477 3366 putabat
2535 3275 2866 3364 phantas-

316 3375 493 3433 mate
523 3363 799 3434 illusam
839 3364 1074 3450 sicque
1109 3363 1517 3451 aliquandiu
1550 3365 1702 3454 ejus
1741 3364 2022 3436 visionis
2071 3365 2326 3434 mansit
2355 3366 2743 3434 immemor.
2791 3369 2869 3432 At

312 3452 433 3520 ubi
463 3452 705 3539 quinto
745 3475 927 3522 anno
960 3452 1107 3521 dies
1139 3453 1255 3522 ille
1283 3453 1507 3535 rediit,
1546 3467 1611 3522 et
1649 3454 1871 3544 posito
1911 3452 2275 3544 Lutgardis
2311 3455 2461 3545 jam
2500 3451 2868 3522 defunctae

312 3563 596 3630 corpore
634 3542 705 3609 in
756 3541 1022 3623 feretro,
1064 3542 1535 3632 Evangelium,
1575 3542 1761 3629 quod
1812 3542 2139 3621 diximus,
2194 3542 2280 3611 ad
2325 3543 2602 3612 Missam
2645 3554 2866 3611 matu-

315 3629 530 3698 tinam
573 3631 641 3698 in
691 3630 979 3700 ecclesia
1014 3632 1076 3700 le
1126 3643 1373 3713 eretur,
1422 3630 1685 3720 Sibylla
1730 3632 1801 3699 in
1852 3630 2259 3701 memoriam
2308 3630 2581 3701 rediens
2626 3651 2866 3700 eorum

312 3740 488 3805 quae
522 3741 563 3787 a
612 3719 948 3809 Lutgarde
978 3742 1069 3788 au
1124 3721 1312 3800 ierat,
1354 3720 1734 3821 obstupuit,
1782 3731 1993 3805 utque
2028 3719 2389 3810 Lutgardis
2445 3730 2604 3789 ante
2658 3718 2867 3807 quin-

313 3809 699 3892 quennium
731 3830 811 3877 ea
850 3807 1159 3889 dixisset,
1200 3831 1360 3878 cum
1397 3807 1856 3878 admiratione
1902 3809 2233 3878 omnibus
2262 3808 2614 3879 indicavit.

403 3898 439 3981 ἓ
485 3901 636 3969 44.
692 3902 948 3979 Quarto
969 3919 1151 3966 anno
1182 3910 1339 3966 ante
1364 3899 1514 3989 ejus
1547 3920 1584 3967 e
1619 3897 1752 3967 vita
1785 3896 2147 3968 decessum
2178 3897 2667 3967 crudelissima
2697 3919 2867 3988 gens

326 3989 788 4065 Tartarorum,
826 4008 863 4055 e
893 3987 1038 4056 suis
1064 3986 1347 4055 sedibus
1378 4009 1571 4055 erum
1585 4008 1775 4076 pens,
1801 3998 2063 4057 vastata
2103 3986 2483 4077 Hungaria,
2515 3985 2861 4077 BulgariA,

323 4074 593 4154 Russia,
638 4074 955 4144 Poloniae
1001 4097 1276 4163 quoque
1307 4079 1489 4145 Duce
1520 4074 2000 4165 potentissimo
2043 4074 2419 4156 interfecto,
2471 4086 2539 4145 et
2589 4076 2868 4165 regione

320 4161 711 4249 populoque
760 4178 1034 4243 vexato,
1092 4186 1252 4233 cum
1292 4165 1441 4255 jam
1501 4165 1817 4234 Boemiae
1865 4164 2293 4247 immineret,
2357 4164 2562 4234 timor
2618 4164 2867 4254 ingens

321 4268 444 4336 per
475 4270 746 4321 omnem
798 4253 1235 4322 Germaniam
1265 4264 1329 4322 et
1376 4252 1666 4323 Galliam
1725 4253 2044 4344 pervasit.
2093 4275 2179 4323 ne
2225 4276 2268 4323 a
2311 4252 2633 4324 Barbaris
2680 4252 2865 4322 idem

318 4348 736 4425 paterentur.
784 4346 1018 4430 Itaque
1050 4346 1118 4409 F.
1165 4342 1551 4412 Bernardus
1613 4342 2129 4425 DominicanuS,
2194 4341 2547 4413 Pontificis
2587 4341 2866 4410 Maximi

320 4426 921 4517 poenitentiariu3‚
988 4429 1183 4500 valde
1242 4432 1488 4503 anxius
1555 4432 1818 4521 rogavit
1880 4429 2327 4522 Lutgardem,
2393 4442 2471 4501 ut
2541 4429 2865 4520 precibus
