3357 4995
214 334 433 401 JUNH
486 281 576 397 19ι
879 352 954 396 ΒΕ
1004 351 1095 397 ss.
1149 350 1455 397 cnnvaslo
1503 352 1577 397 m·
1628 351 1928 398 rno‘rAslo
1977 353 2089 398 inu.
2541 337 2670 400 467

219 451 545 528 tempore,
585 434 700 503 sed
754 435 1091 523 praesenti
1129 456 1402 522 quoque
1454 435 1894 525 prophetasse
1936 436 2202 505 videtur
2244 438 2596 523 Scriptura
2644 438 2749 506 di-

218 529 396 595 vina.
453 530 618 593 Nam
669 545 828 592 cum
880 523 1125 593 diebus
1172 546 1249 592 ac
1310 525 1667 604 noctibuS,
1724 525 2194 595 continuatam
2251 525 2513 595 videam
2591 549 2752 594 san-

215 615 469 684 ctitatis
519 624 773 680 vestrae
819 611 1304 692 celebritatem,
1363 613 1525 682 istos
1579 635 1727 682 esse
1767 613 1914 681 dies
1966 614 2346 703 prophetici
2387 616 2743 696 carminis,

218 703 497 772 oracula
543 700 979 770 declararunt
1028 701 1422 769 hesternum
1466 713 1668 787 atque
1709 701 2145 781 hodiernum,
2204 702 2287 770 de
2336 705 2592 789 quibus
2628 726 2748 792 op-

222 790 709 882 portunissime
783 789 1077 858 dicitur:
1132 793 1282 858 Dies
1329 791 1468 859 diez·
1508 801 1764 859 eructat
1810 792 2117 858 verbum:
2169 805 2233 858 et
2283 793 2446 860 istas
2491 804 2745 872 noctes,

219 881 304 949 de
341 879 593 965 quibus
641 879 995 967 aptissime
1035 877 1450 964 disputatur,
1502 879 1663 964 quia
1705 903 1843 947 now
1874 882 2053 946 nocti
2079 881 2332 948 indicat
2371 883 2742 949 scientiam.

221 969 395 1051 Quid
449 968 632 1036 enim
683 966 871 1036 aliud
926 967 1053 1036 hoc
1103 967 1337 1046 biduo,
1408 968 1541 1036 nisi
1590 968 1874 1036 verbum
1933 968 2048 1035 Dei
2099 968 2341 1037 intimo
2389 970 2748 1038 eructastis

220 1058 487 1135 affectu,
540 1070 605 1124 et
651 1055 1007 1125 scientiam
1061 1077 1176 1126 vos
1225 1056 1473 1125 habere
1523 1056 1682 1125 fidei
1726 1057 2183 1144 probavistis?
2218 1058 2338 1125 Cui
2376 1071 2600 1127 tamen
2642 1081 2752 1127 ce-

221 1144 515 1215 lebritati
550 1156 830 1224 vestrae,
869 1144 987 1231 qui
1020 1144 1260 1224 solent,
1300 1144 1625 1213 invident.
1664 1150 1741 1212 Et
1772 1146 1936 1230 quia
1961 1145 2422 1215 celebritatem
2456 1159 2745 1216 vestram

220 1234 470 1303 invidis
518 1233 771 1302 animis
800 1233 974 1300 serre
1007 1254 1138 1300 non
1177 1245 1483 1323 possunt,
1522 1255 1804 1302 causam
1846 1233 2259 1303 celebritatis
2289 1234 2514 1315 odere,
2548 1248 2752 1321 atque

222 1325 561 1392 intantum
614 1322 953 1391 amentiae
1002 1320 1362 1410 prodeunt,
1400 1336 1477 1389 ut
1527 1335 1773 1410 negent
1829 1334 2206 1409 martyrum
2262 1324 2525 1404 merita,
2580 1346 2748 1410 quo-

220 1434 373 1480 rum
423 1432 628 1499 opera
662 1410 865 1478 etiam
917 1409 1288 1478 daemones
1333 1410 1770 1478 confitentur.

307 1502 343 1585 ξ
395 1505 480 1569 2.
536 1496 661 1566 Sed
709 1498 836 1567 hoc
895 1519 1026 1566 non
1084 1499 1360 1566 mirum.
1408 1499 1475 1567 Si
1524 1499 1802 1584 quidem
1859 1511 2043 1567 tanta
2089 1513 2190 1567 est
2232 1498 2750 1569 incredulorum

225 1588 531 1678 perfidia,
577 1598 652 1655 ut
700 1586 1116 1656 tolerabilior
1164 1586 1251 1655 sit
1297 1586 1551 1656 diaboli
1606 1587 2015 1677 plerumque
2063 1587 2422 1657 confessio.
2479 1589 2755 1657 Dicebat

219 1677 403 1745 enim
453 1674 807 1744 diabolus:
861 1682 1025 1743 Jesu
1076 1674 1173 1743 fili
1227 1675 1340 1744 Dei
1392 1676 1543 1756 vivi,
1584 1675 1768 1762 quod
1821 1677 2061 1745 venisti
2114 1689 2267 1744 ante
2321 1691 2590 1766 tempus
2622 1692 2754 1746 tor-

219 1767 427 1851 quere
477 1766 640 1832 nos‘?
695 1770 772 1832 Et
819 1786 975 1832 cum
1031 1764 1158 1832 hoc
1193 1764 1512 1834 audirent
1556 1764 1822 1843 ludaei,
1878 1764 2012 1853 ipsi
2064 1780 2287 1832 tamen
2343 1766 2454 1833 Dei
2506 1765 2754 1835 Filium

220 1854 671 1942 denegabant.
712 1857 789 1920 Et
832 1874 1015 1920 nunc
1062 1852 1352 1921 audistis
1401 1853 1776 1921 clamantes
1824 1852 2216 1931 daemoneS,
2256 1865 2319 1921 et
2352 1855 2756 1923 confitentes

224 1942 665 2030 martyribus,
720 1940 902 2027 quod
957 1963 1207 2030 poenas
1276 1940 1448 2009 serre
1510 1963 1642 2009 non
1699 1942 2003 2030 possint,
2058 1955 2122 2010 et
2170 1941 2515 2011 dicentes:
2572 1943 2750 2025 Quid

224 2031 523 2110 venistis,
579 2042 654 2098 ut
686 2044 839 2098 ante
891 2041 1159 2129 tempus
1211 2052 1334 2098 nos
1384 2042 1519 2098 tam
1570 2031 1865 2118 graviter
1915 2031 2332 2116 torqueatis?
2367 2036 2442 2099 Et
2490 2033 2753 2100 Arriani

220 2120 495 2188 dicunt:
536 2124 675 2187 Non
713 2132 873 2186 sunt
933 2118 1044 2185 isti
1095 2130 1451 2207 martyre5‚
1510 2141 1629 2186 nec
1664 2121 1976 2204 torquere
2025 2119 2379 2187 diabolum
2435 2134 2746 2209 possunt,

223 2230 347 2276 nec
395 2206 694 2294 aliquem
747 2207 1058 2286 liberare,
1125 2229 1282 2275 cum
1340 2219 1671 2276 tormenta
1733 2207 2149 2276 daemonum
2221 2207 2527 2296 ipsorum
2599 2230 2755 2277 voce

271 2295 618 2374 robentur,
671 2307 734 2363 et
783 2295 1113 2364 beneficia
1160 2307 1568 2384 mart-yrum,
1637 2296 1956 2364 remediis
2005 2318 2390 2374 caecorum,
2445 2310 2508 2364 et
2557 2297 2756 2364 abso-

252 2396 521 2453 utorum
575 2383 848 2453 indiciis
914 2383 1370 2453 declarentur.
1426 2389 1685 2484 Negant
1745 2406 2025 2453 caecum
2077 2384 2576 2463 illuminatum,
2633 2384 2749 2452 scd

220 2471 334 2541 ille
370 2494 503 2541 non
553 2484 754 2562 negat
801 2493 871 2541 se
920 2484 1260 2543 sanatum.
1317 2471 1437 2542 Ille
1486 2472 1692 2542 dicit:
1761 2472 1987 2552 video,
2046 2473 2166 2560 qui
2225 2494 2359 2542 non
2403 2473 2745 2542 videbam.

222 2561 341 2629 Ille
388 2561 589 2630 dicit:
644 2567 894 2630 Caecus
960 2585 1107 2632 esse
1154 2561 1393 2642 desivi,
1447 2573 1511 2631 et
1562 2562 1803 2651 probat
1857 2561 2053 2631 facto,
2141 2561 2259 2632 Isti
2334 2563 2746 2631 beneficium

224 2662 497 2739 negant,
537 2650 656 2737 qui
692 2649 942 2717 sactum
978 2672 1223 2740 negare
1273 2672 1405 2716 non
1447 2662 1758 2738 possunt.
1799 2656 2010 2719 Notus
2045 2652 2251 2719 homo
2289 2664 2411 2730 est,
2453 2651 2752 2741 publicis

217 2761 376 2807 cum
410 2739 658 2808 valeret
694 2739 1125 2828 mancipatus
1173 2739 1546 2825 obsequiis,
1606 2745 1890 2807 Severus
1928 2740 2229 2818 nomine,
2286 2739 2517 2808 lanius
2548 2740 2753 2808 mini-

219 2828 444 2896 sterio.
502 2832 915 2917 Deposuerat
948 2826 1276 2906 officium,
1340 2841 1697 2915 postquam
1753 2827 2085 2896 inciderat
2140 2827 2746 2917 impedimentum.

192 2921 420 2984 .Vocat
468 2916 553 2984 ad
605 2917 1071 2985 testimonium
1115 2916 1452 2995 homineS,
1488 2938 1784 3003 quorum
1813 2927 1968 2984 ante
1993 2916 2508 2985 sustentabatur
2555 2917 2754 2986 obse-

217 3004 423 3091 quiis.
478 3010 605 3073 Eos
655 3005 915 3075 indices
949 3027 1112 3073 suae
1142 3005 1549 3074 visitationis
1578 3006 1890 3083 accersit,
1928 3026 2101 3090 quos
2132 3005 2428 3074 habebat
2459 3018 2658 3074 testes
2689 3017 2753 3074 et

215 3094 509 3162 arbitros
531 3094 899 3163 caecitatis.
946 3093 1225 3167 Clamat.
1254 3094 1414 3179 quia
1452 3094 1832 3184 utcontigit
1869 3093 2217 3162 fimbriam
2249 3094 2333 3161 de
2355 3108 2534 3163 veste
2563 3117 2744 3162 mar-

224 3196 468 3269 tyrum,
516 3205 650 3267 qua
700 3204 933 3250 sacrae
983 3182 1312 3266 reliquiae
1345 3183 1754 3261 vestiuntur,
1811 3182 2150 3250 redditum
2204 3183 2335 3252 sibi
2367 3183 2599 3251 lumen
2637 3183 2747 3252 sit.

303 3274 339 3357 ξ
385 3276 476 3342 8.
530 3277 762 3340 Nonne
827 3270 1051 3339 simile
1115 3270 1285 3339 illud
1337 3286 1479 3351 est„
1514 3283 1716 3358 atque
1765 3271 1963 3349 illud,
2017 3272 2199 3357 quod
2253 3273 2319 3338 in
2386 3270 2752 3361 Evangelio

219 3360 512 3449 legimus
532 3368 558 3426 ’.θ
610 3360 824 3428 Unius
871 3360 1056 3427 enim
1097 3360 1466 3448 potentiam
1506 3360 1873 3430 laudamus
1921 3360 2246 3439 auctoriS,
2303 3382 2425 3428 nec
2467 3360 2751 3429 interest

215 3462 448 3517 utrum
499 3470 671 3538 opus
723 3448 830 3529 sit,
885 3470 969 3515 an
1025 3469 1301 3525 munus,
1342 3470 1497 3517 cum
1542 3462 1606 3517 et
1657 3460 1971 3517 muneret
2011 3449 2078 3516 in
2130 3470 2355 3537 opere,
2409 3461 2473 3517 et
2511 3470 2753 3537 opere-

219 3551 330 3605 tur
364 3538 432 3605 in
468 3557 773 3605 munere.
807 3534 998 3618 Quod
1034 3537 1217 3604 enim
1255 3537 1409 3606 aliis
1443 3536 1835 3605 faciendum
1886 3536 2262 3614 donaverit,
2321 3537 2446 3605 hoc
2478 3537 2547 3604 in
2581 3537 2752 3606 alio-

220 3647 373 3695 rum
423 3646 623 3715 opere
674 3647 920 3694 nomen
953 3626 1051 3693 eis
1088 3636 1443 3714 operatur.
1501 3627 1822 3715 Legimus
1871 3648 2030 3715 ergo
2080 3625 2149 3693 in
2185 3625 2572 3714 EvangeliO,
2625 3631 2754 3694 Ju-

217 3714 420 3784 daeos
473 3737 631 3784 cum
692 3713 997 3783 viderent
1046 3714 1113 3781 in
1154 3714 1269 3784 illo
1307 3736 1508 3782 caeco
1557 3714 1872 3783 sanitatis
1916 3714 2321 3793 remedium,
2380 3714 2753 3800 requisisse

219 3816 577 3889 parentum
633 3803 1125 3873 testimonium.
1180 3803 1724 3892 Interrogabant,
1779 3802 2136 3884 Quomodo
2175 3802 2356 3870 videt
2403 3802 2591 3871 filius
2645 3824 2752 3870 ve-

220 3894 400 3959 ster?
437 3915 595 3960 cum
647 3890 761 3960 ille
818 3892 1112 3961 diceret:
1158 3897 1412 3961 Caecus
1460 3915 1621 3960 cum
1670 3914 1918 3970 essem,
1977 3891 2176 3960 modo
2228 3892 2443 3960 video.
2501 3896 2638 3961 Hoc
2689 3903 2753 3958 et

220 3977 346 4045 iste
376 3979 582 4048 dicit:
644 3985 898 4051 Caecus
947 3978 1069 4061 fui,
1113 3994 1177 4049 et
1228 3981 1428 4049 modo
1480 3981 1693 4049 video.
1749 3985 2012 4048 Interro
2063 3994 2168 4048 ate
2216 3980 2411 4060 alios,
2467 3981 2525 4048 si
2577 3980 2750 4048 mihi

223 4088 356 4136 non
406 4069 706 4138 creditis:
760 4071 1169 4159 interrogate
1201 4083 1577 4150 extraneos,
1622 4092 1704 4137 ne
1751 4068 2029 4157 adstipu
2064 4069 2165 4137 ari
2221 4069 2389 4136 mihi
2434 4083 2751 4157 parentes

222 4156 493 4244 putetis.
547 4158 1015 4228 Detestabilior
1062 4159 1377 4238 istorum,
1444 4180 1653 4245 quam
1711 4157 2128 4226 Judaeorum
2186 4157 2581 4245 pertinacia.
2639 4155 2749 4226 Illi

215 4265 378 4313 cum
426 4244 838 4328 dubitarent,
895 4247 995 4317 vel
1046 4259 1360 4348 parentes
1393 4246 1931 4337 interrogabant.
1979 4246 2098 4316 Isti
2146 4246 2410 4315 occulte
2458 4246 2748 4314 interro-

217 4343 406 4425 gant,
463 4332 687 4421 palam
737 4347 1011 4427 negant,
1042 4358 1189 4426 Jam
1242 4358 1377 4406 non
1425 4336 1616 4426 operi
1649 4334 2016 4416 increduli,
2058 4335 2172 4405 sed
2209 4333 2470 4404 auctori
2511 4334 2568 4401 ⁴⁸.

267 4460 293 4485 ¹·
310 4458 481 4500 Divinn
499 4458 724 4502 miracula
742 4461 1074 4512 denegantium
1092 4463 1320 4505 hodierna
1337 4472 1424 4506 ceu
1444 4461 1744 4513 antiquorum
1762 4459 2067 4512 impudentia.
