3357 4995
669 349 800 413 486
1264 366 1341 411 mc
1389 365 1574 413 oeno
1625 366 1680 424 s,
1737 365 1989 413 Panum
2034 365 2181 414 Not.
2231 364 2427 414 nerse.
2768 345 2988 415 JUNII
3035 351 3123 417 22

583 472 718 520 non
771 450 904 521 sibi
951 460 1244 529 tanturn,
1301 450 1417 520 sed
1473 451 1677 521 etiam
1730 451 1954 531 nobiS,
2010 452 2131 539 qui
2213 451 2470 521 uotidie
2531 463 2680 521 orat
2720 475 2843 543 pro
2892 454 3117 523 nobiS.

585 544 888 609 Lucerna
917 539 1047 608 fuit
1093 539 1344 608 ardens
1373 539 1442 608 in
1476 539 1682 610 domo
1730 540 1870 621 Dei,
1908 561 2043 608 non
2094 563 2178 610 su
2275 540 2504 611 modio
2538 541 2782 631 posita,
2837 542 2955 611 sed
3007 565 3125 612 su·

584 650 709 718 pra
753 627 1247 697 candelabrum
1309 629 1703 709 constituta,
1769 629 1863 698 ita
1911 640 1987 697 ut
2047 628 2251 698 etiam
2319 630 2574 701 multas
2624 629 2945 702 lucernas
2994 653 3124 701 suo

584 716 934 807 praeclaro
981 717 1247 786 lumine
1274 716 1588 786 redderet
1635 717 2043 786 luminosas,
2100 719 2342 788 Suavis
2380 720 2566 787 enim
2614 730 2680 789 et
2728 719 2915 789 mitis
2962 719 3117 802 suit,

583 805 786 874 etiam
824 828 981 875 cum
1034 805 1103 873 in
1140 805 1468 894 superbia
1497 806 1717 875 seculi
1750 819 2157 876 versaretur.
2200 811 2365 876 Cum
2399 820 2626 877 autem
2654 807 2739 877 ad
2775 808 3123 878 Christum

580 916 953 964 conversus
1008 907 1133 975 est,
1188 895 1459 983 aperuit
1508 895 1753 964 horrea
1802 917 1928 964 sua
2003 896 2451 986 pauperibuS,
2527 897 2897 986 apothecas
2958 919 3125 966 suas

582 982 1105 1052 advenientibus
1141 982 1475 1071 patefecit.
1529 989 1697 1053 Nam
1758 1006 2004 1073 parum
2035 984 2097 1052 ei
2144 997 2286 1054 erat
2337 985 2683 1075 proximos
2724 986 2928 1065 alere,
2985 987 3123 1056 nisi
3208 1014 3216 1022 ·

580 1071 782 1141 etiam
834 1071 1143 1158 undique
1202 1082 1548 1145 evocaret.
1604 1093 1778 1158 quos
1847 1085 2151 1162 pasceret
2196 1085 2400 1160 atque
2466 1075 2760 1145 vestiret.
2816 1079 3123 1158 Quantos

582 1161 817 1247 inique
864 1183 904 1229 o
962 1182 1230 1249 pressos
1269 1161 1847 1246 erexit?quantos
1895 1161 2198 1250 captivos
2232 1161 2559 1231 redemit?
2583 1176 2876 1250 quantos
2924 1164 3122 1232 intri-

581 1262 844 1318 catores
941 1249 1127 1327 ebiti,
1168 1271 1208 1317 a
1240 1249 1699 1318 creditoribus
1749 1250 1897 1318 suis
1946 1249 2211 1318 reddita
2252 1253 2546 1340 pecunia
2585 1251 2943 1321 liberavit?
2973 1256 3123 1322 Una

581 1337 841 1407 scilicet
875 1337 1332 1428 negotiatione
1364 1350 1429 1406 et
1476 1337 1762 1428 planctu
1808 1338 2149 1409 debitores
2181 1338 2434 1409 multos
2465 1340 2761 1422 extersit,
2799 1353 2864 1410 et
2897 1341 3121 1411 credi-

582 1439 806 1495 torum
840 1427 1094 1516 gaudia
1146 1426 1511 1517 reparavit.

669 1522 706 1594 ἓ
754 1520 840 1586 5.
896 1521 1060 1585 Cum
1095 1528 1321 1585 autem
1357 1514 1439 1584 ad
1478 1537 1835 1584 summum
1869 1515 2230 1585 sacerdotii
2268 1516 2562 1607 gradum
2596 1531 2956 1608 provectus
2986 1532 3114 1600 est,

582 1604 804 1673 noluit
851 1627 923 1673 se
988 1604 1188 1672 talem
1240 1603 1560 1673 exhibere
1614 1605 2055 1694 Episcopum,
2109 1605 2228 1692 qui
2289 1606 2375 1674 ab
2424 1605 2653 1693 aliquo
2713 1606 3113 1677 timeretur:
3207 1693 3213 1698 ‚

581 1692 694 1761 sed
730 1692 934 1762 talem
967 1714 1037 1762 se
1071 1689 1369 1761 reddidit
1402 1693 1849 1774 sacerdotem,
1889 1694 2009 1779 qui
2043 1693 2129 1762 ab
2168 1695 2494 1766 omnibus
2529 1708 2897 1765 amaretur.
2929 1702 3119 1766 Nun-

579 1803 784 1867 quam
838 1782 937 1851 sic
987 1782 1202 1850 iratus
1256 1793 1379 1861 est,
1432 1795 1510 1850 ut
1560 1804 1694 1851 non
1747 1782 1815 1849 in
1866 1782 1969 1850 ira
2028 1783 2542 1852 misericordiae
2593 1806 2856 1853 memor
2901 1798 3110 1854 esset.

580 1875 807 1957 Neque
855 1869 1040 1939 enim
1090 1882 1352 1960 poterat
1390 1870 1493 1939 vir
1538 1869 1655 1938 ille
1705 1871 1934 1950 irasci,
1990 1871 2111 1958 qui
2159 1872 2615 1941 contumelias
2668 1872 3109 1962 despiciebat,

578 1969 643 2027 et
690 1959 848 2028 odia
880 1959 1156 2028 vitabat.
1205 1965 1571 2045 Nunquam
1615 1959 1684 2027 in
1710 1959 1978 2048 judicio
2009 1960 2156 2029 sine
2185 1960 2659 2030 misericordia
2705 1961 2912 2030 sedit:
2947 1964 3114 2048 quia

579 2061 857 2117 noverat
884 2048 1428 2117 misericordiam
1462 2046 1812 2117 meliorem
1839 2070 2009 2128 esse,
2041 2070 2246 2134 quam
2274 2050 2692 2118 sacrificium
2714 2050 2853 2139 (Os.
2883 2073 2969 2130 vx,
3013 2051 3106 2139 6),

579 2136 1010 2206 vestiendum
1061 2159 1208 2206 esse
1256 2158 1461 2205 omne
1509 2136 2051 2206 Christianorum
2093 2136 2466 2226 judicium,
2523 2138 2790 2207 dicente
2839 2160 3114 2208 venera-

579 2224 701 2293 bili
766 2227 1144 2316 scriptura:
1220 2226 1746 2294 Misericordiam
1812 2237 1874 2293 et
1936 2227 2280 2315 judicium
2346 2229 2623 2296 cantabo
2677 2228 2800 2295 tibi
2845 2230 3114 2298 Domine

578 2314 717 2417 (Pa.
749 2314 925 2403 100).
957 2320 993 2383 J
1005 2314 1306 2383 ustitiam
1343 2335 1616 2401 quoque
1646 2314 2194 2405 benignioribuS,
2226 2315 2360 2384 reis
2382 2337 2538 2385 vero
2570 2316 3115 2388 misericordiam

579 2403 759 2471 iecit.
795 2404 1089 2492 Spiritus
1123 2408 1411 2471 Sanctus
1452 2415 1789 2489 quantum
1827 2403 2152 2489 aequitati
2178 2417 2244 2472 et
2263 2404 2573 2491 justitiae
2611 2403 2810 2485 favet,
2848 2419 3113 2476 tanturn

581 2491 726 2562 suis
760 2492 1049 2583 gratiam
1106 2492 1397 2583 pietatis,
1437 2491 1557 2579 qui
1604 2491 1950 2583 benignus
1980 2506 2103 2573 est,
2158 2492 2492 2594 indulget.
2547 2497 2624 2562 Et
2663 2493 2816 2563 ideo
2850 2495 3117 2565 tenebat

581 2581 876 2672 rigorem
912 2582 981 2650 in
1017 2582 1519 2650 examinatione
1557 2581 1891 2670 justitiae,
1953 2581 2497 2651 misericordiam
2548 2593 2777 2652 autem
2822 2584 2889 2653 in
2944 2585 3116 2654 defi-

578 2670 838 2739 nitione
887 2670 1261 2739 sententiae
1310 2669 1718 2769 proferebat.

667 2761 703 2845 §
751 2764 844 2830 6.
899 2763 949 2829 O
999 2758 1478 2828 admirabilem
1529 2758 1796 2838 virum,
1875 2770 2078 2845 atque
2126 2760 2438 2828 omnium
2508 2760 2835 2829 virtutum
2909 2758 3117 2829 laude

577 2847 1028 2916 censendum.
1074 2847 1199 2915 Hic
1239 2847 1489 2916 etenim
1542 2847 1854 2915 omnium
1908 2848 2459 2917 Patriarcharum
2492 2847 2801 2937 exempla
2832 2862 3116 2921 secutus

578 2936 730 3016 suit,
786 2935 1011 3005 fidelis
1047 2935 1358 3004 videlicet
1403 2948 1479 3004 ut
1512 2934 1878 3013 Abraham,
1933 2935 2261 3006 credulus
2294 2949 2370 3005 ut
2408 2941 2620 3017 Isaac,
2655 2936 2998 3025 benignus
3037 2950 3119 3007 ut

575 3025 819 3104 Jacob,
878 3025 1253 3093 munificus
1294 3036 1366 3092 ut
1416 3023 1935 3105 Melchidesech‚
1992 3024 2319 3114 providus
2352 3038 2429 3094 ut
2462 3024 2745 3113 Joseph,
2794 3046 3004 3114 rapax
3038 3039 3118 3096 ut

580 3111 961 3182 Beniamin.
1017 3114 1268 3201 Rapuit
1297 3113 1482 3181 enirn
1529 3113 1883 3193 divitibus,
1937 3124 2002 3182 et
2051 3136 2186 3204 pau
2240 3114 2475 3183 eribus
2512 3112 2844 3202 erogavit:
2898 3127 2963 3183 et
3011 3127 3118 3183 ta-

578 3222 732 3268 men
772 3201 930 3290 plus
970 3202 1298 3270 divitibus
1327 3224 1533 3289 quam
1580 3202 2007 3291 pauperibus
2044 3225 2168 3302 pro
2204 3204 2385 3272 uisse
2433 3225 2513 3272 co
2566 3202 2911 3273 noscitur:
2948 3204 3116 3291 quia

581 3291 1003 3380 pauperibus
1054 3291 1121 3359 in
1184 3290 1309 3358 hoe
1359 3290 1590 3359 seculo
1640 3290 1936 3378 profuit,
1990 3290 2319 3361 divitibus
2380 3292 2450 3360 in
2531 3305 2734 3361 uturo
2785 3290 3107 3381 providit.

579 3384 779 3469 ErgO,
833 3392 909 3447 ut
955 3378 1181 3448 dicere
1220 3401 1601 3469 coeperam,
1641 3379 1772 3448 fuit
1801 3393 2203 3450 mansuetus
2232 3392 2309 3449 ut
2333 3386 2620 3469 Moyses,
2671 3379 3115 3452 sacerdotalis

577 3480 653 3537 ut
692 3472 931 3550 Aaron,
980 3469 1312 3536 innocens
1366 3481 1441 3537 ut
1490 3467 1787 3544 Samuel,
1851 3469 2240 3539 misericors
2288 3481 2364 3538 ut
2425 3469 2657 3547 David,
2713 3469 2989 3559 sapiens
3035 3482 3112 3538 ut

580 3555 923 3639 Salomon,
977 3556 1404 3646 Apostolicus
1434 3570 1508 3626 ut
1560 3562 1818 3637 Petrus,
1871 3557 2193 3627 amabilis
2227 3571 2303 3626 ut
2346 3563 2670 3639 Joannes,
2733 3569 2980 3627 cautus
3035 3571 3114 3628 ut

578 3644 895 3726 Thomas,
953 3645 1187 3715 doctor
1213 3660 1287 3715 ut
1313 3645 1591 3726 PauluS,
1625 3645 1865 3714 videns
1899 3659 1972 3715 ut
2005 3646 2415 3736 Stephanus,
2454 3645 2719 3716 fervens
2746 3660 2822 3715 ut
2848 3646 3107 3736 ApollO.

578 3737 667 3801 De
711 3734 1149 3804 solicitudine
1197 3747 1424 3803 autem
1474 3748 1538 3802 et
1586 3738 1753 3803 cura
1801 3734 2263 3805 Ecclesiarum
2298 3735 2366 3802 in
2415 3734 2551 3804 fide
2598 3736 2929 3805 charitate
2967 3758 3115 3805 om-

578 3843 701 3893 nes
730 3823 1080 3913 Apostolos
1111 3835 1174 3893 et
1208 3824 1579 3913 Episcopos
1614 3823 1923 3894 imitatus
1969 3839 2092 3895 est.
2148 3828 2327 3893 Haec
2361 3825 2597 3894 omnia
2629 3824 2698 3892 in
2737 3846 2810 3893 se
2840 3824 3107 3902 habuit,

580 3909 749 3980 haec
797 3933 837 3980 a
887 3924 1189 4001 tempore
1220 3911 1687 3981 conversionis
1715 3934 1880 3981 suae
1911 3912 2203 3981 fideliter
2235 3912 2624 3982 custodivit.
2658 3918 2734 3981 Et
2767 3912 2920 3981 ideo
2950 3935 3111 3981 cum

575 3998 659 4067 de
708 3999 835 4070 hoc
886 4022 1169 4091 corpore
1217 4001 1300 4069 ad
1343 4000 1630 4070 coeleste
1654 4000 2128 4070 habitaculum
2181 4014 2560 4081 vocaretur,
2613 4002 2793 4071 sicut
2825 4000 3113 4072 inferius

575 4087 796 4157 doluit
837 4102 1038 4170 terra,
1107 4089 1200 4158 ita
1248 4089 1571 4178 superius
1637 4089 1963 4159 laetatum
2012 4102 2113 4160 est
2158 4088 2468 4158 coelum:
2523 4091 2706 4158 flevit
2754 4111 2938 4169 caro,
2993 4090 3112 4159 sed

573 4177 859 4266 spiritus
889 4177 1245 4269 gloriatur.
1283 4178 1583 4267 Denique
1613 4199 1747 4246 non
1785 4179 2009 4247 solum
2046 4177 2435 4254 Christiani.
2473 4177 2592 4247 sed
2619 4180 2825 4248 etiam
2860 4179 3112 4247 Judaei

570 4278 774 4354 atque
806 4267 1112 4358 pagani*
1153 4267 1220 4335 in
1258 4267 1443 4348 fletu,
1498 4267 1736 4338 scissis
1775 4267 1979 4336 etiam
2032 4265 2355 4346 vestibus,
2409 4265 2494 4336 ad
2538 4265 2805 4335 domini
2833 4266 3111 4337 Paulini

620 4424 646 4450 ¹·
676 4425 795 4465 Nota
824 4426 1045 4466 Sanctum
1076 4426 1133 4465 ab
1160 4426 1356 4467 audaeus
1374 4426 1493 4476 ipsis
1514 4426 1561 4466 et
1579 4423 1777 4475 Psganis
1798 4424 2109 4475 deploratum,
2126 4433 2269 4475 quem
2285 4425 2412 4466 iun-⁸
2429 4425 2604 4475 optime
2624 4425 2850 4467 describit
2869 4427 3035 4467 auctor
3056 4428 3118 4467 de

567 4478 783 4520 omnibus
802 4477 1157 4521 benemeritum.
