3357 4995
187 335 397 401 JUNII
436 338 474 400 5
850 352 929 399 nn
976 354 1031 400 s.
1086 352 1421 403 commem
1468 352 1667 402 Erisc.
1725 354 1799 401 ετ
1848 354 2040 402 mur.
2508 339 2635 405 ⁴23
2683 329 2702 348 ’

188 438 607 514 subjaceamus,
636 439 940 516 congruit
982 445 1188 501 tamen
1216 489 1232 513 ,
1296 447 1364 501 ut
1425 438 1699 502 sacerdos
1744 454 1867 500 non
1913 440 2028 501 nisi
2077 454 2183 518 pro
2223 442 2484 504 mortuis
2525 443 2727 505 catho-

192 515 317 578 licis
370 519 734 580 memoriam
801 519 977 580 faciat
1039 526 1099 579 et
1165 520 1513 581 intercedat.
1567 517 1700 588 Non
1749 518 1919 581 enim
1968 534 2077 598 pro
2139 520 2382 599 impiis,
2447 524 2726 601 quamvis
2818 525 2836 550 ⁸

193 598 490 660 christiani
523 599 780 671 fuerint,
830 597 943 660 tale
969 596 1114 676 quid
1159 614 1342 677 agere
1385 598 1611 660 licebit.

261 676 366 738 Eos
405 679 625 751 etiam,
669 679 774 757 qui
818 694 882 740 se
923 677 1204 740 dubitant
1249 679 1429 740 tuisse
1473 675 1825 755 baptizatoS,
1858 676 1951 738 vel
1987 680 2087 756 qui
2132 695 2164 740 a
2210 678 2558 757 presbytero
2587 680 2723 741 Jovi

188 765 499 831 mactante,
529 766 591 820 et
640 756 1051 819 immolatitias
1090 773 1302 820 carnes
1346 765 1624 819 vescente
1675 755 1954 835 baptizati
1998 766 2177 831 sunt,
2231 766 2302 819 ut
2345 757 2725 837 baptizentur

183 838 590 915 praecipimus.
635 836 999 914 Progeniem
1027 854 1199 898 suam
1233 852 1743 915 unumquemque
1774 852 1965 913 usque
1998 837 2070 900 ad
2115 837 2436 915 septimam
2469 854 2723 913 genera-

182 917 401 978 tionem
447 916 777 981 observare
818 915 1234 977 decernimus:
1282 923 1339 976 et
1383 918 1430 976 si
1480 917 1764 986 valueriS,
1811 917 2208 978 devitandum
2253 918 2436 988 doce,
2482 934 2561 979 ne
2618 919 2720 979 cui

180 1011 316 1056 uxor
356 996 611 1068 obierit,
655 995 916 1074 amplius
942 1011 1122 1073 quam
1153 994 1388 1057 duabus
1416 994 1630 1056 debeat
1658 994 1947 1074 copulari.
2006 996 2086 1056 De
2139 997 2230 1057 his
2279 1011 2449 1067 vem,
2480 997 2582 1075 qui
2629 1012 2727 1074 pa-

175 1081 317 1135 trem
353 1075 454 1137 vet
489 1085 748 1137 matrem
780 1074 873 1136 vel
905 1073 1153 1136 fratrem
1175 1082 1280 1136 aut
1310 1090 1583 1136 sororem
1615 1074 1970 1143 occiderint,
1993 1074 2280 1147 dicimus,
2314 1087 2380 1136 ut.
2414 1083 2534 1136 toto
2566 1078 2725 1139 vitae

169 1171 302 1216 snae
335 1162 612 1232 tempore
641 1170 857 1232 corpus
891 1154 1278 1215 Dominicum
1311 1170 1428 1215 non
1460 1155 1812 1233 suscipiant,
1849 1155 1962 1215 nisi
2013 1155 2072 1215 in
2121 1171 2234 1216 suo
2263 1157 2431 1218 exitu
2464 1171 2570 1233 pro
2600 1157 2724 1217 via-

170 1236 315 1295 tico:
349 1235 701 1296 abstineant
744 1236 922 1295 etiam
953 1250 1015 1295 se
1043 1250 1072 1295 a
1106 1234 1308 1296 carnis
1335 1236 1770 1296 comessatione
1800 1241 1858 1295 et
1888 1245 2034 1310 potu
2068 1235 2222 1307 vini,
2251 1234 2444 1296 donec
2478 1235 2724 1297 advixe-

165 1313 307 1375 rint:
336 1315 621 1390 jejunent
648 1313 932 1385 secunda,
963 1324 1176 1392 quarta
1201 1323 1259 1375 et
1288 1321 1448 1375 sexta
1483 1313 1652 1385 teria,
1691 1323 1752 1374 ut
1779 1317 1861 1374 sic
1892 1313 2206 1385 deflentes,
2239 1314 2723 1393 possintdiluere

167 1394 563 1455 commissum
590 1392 804 1455 scelnS.
853 1393 974 1454 Hoc
1015 1408 1266 1470 quoque
1296 1394 1458 1454 inter
1486 1392 1597 1454 alia
1631 1393 1884 1454 crimina
1929 1394 2026 1468 agi
2066 1393 2129 1454 in
2160 1393 2433 1471 partibus
2478 1393 2592 1454 illis
2635 1395 2724 1454 di-

166 1473 322 1533 xisti.
356 1473 524 1550 quod
556 1473 807 1552 quidam
850 1489 920 1533 ex
965 1472 1241 1534 fidelibus
1288 1472 1359 1534 ad
1414 1471 1854 1532 immolandum
1904 1473 2152 1550 paganis
2200 1491 2306 1535 sua
2360 1472 2724 1536 venundent

166 1553 494 1629 mancipia.
526 1550 696 1624 Quod
729 1559 793 1612 ut
837 1567 1205 1628 magnopere
1235 1552 1543 1628 corrigere
1566 1550 1805 1624 debeaS,
1836 1552 2042 1625 frater,
2087 1568 2555 1618 commonemus,
2611 1569 2722 1615 nec

165 1632 320 1694 sinas
352 1633 493 1693 lieri
528 1633 705 1693 ultra.
737 1630 941 1692 Scelus
969 1632 1136 1693 enim
1163 1637 1254 1690 est
1282 1637 1343 1692 et
1374 1632 1670 1709 impietas,
1707 1630 1809 1691 Eis
1844 1645 1991 1709 ergo
2034 1633 2136 1710 qui
2185 1632 2297 1692 hoc
2342 1639 2720 1710 perpetrave-

166 1720 327 1782 runt,
359 1709 636 1772 similem
669 1710 1000 1773 homicidae
1033 1709 1263 1770 indices
1307 1711 1763 1787 poenitentiam.
1814 1710 1890 1770 At
1918 1712 2160 1787 quoties
2187 1711 2546 1790 Episcopum
2577 1728 2723 1772 cou-

163 1793 520 1861 secraveriS,
565 1790 685 1851 duo
736 1789 829 1850 vel
876 1799 996 1851 tres
1038 1791 1406 1850 conveniant
1458 1797 1660 1851 tecum
1715 1790 2012 1868 Episcopi,
2050 1799 2113 1851 ut
2165 1790 2285 1852 Deo
2330 1793 2405 1853 sit
2450 1799 2718 1866 gratnm,

165 1871 323 1947 quod
371 1872 651 1947 geritur:
683 1875 745 1930 et
786 1870 870 1930 eis
898 1868 1403 1931 convenientibus
1435 1869 1700 1946 ipsisque
1735 1870 2153 1947 praesentibus
2183 1886 2517 1931 consecres.
2565 1870 2721 1932 Haec

166 1956 219 2010 te
261 1951 459 2011 frater
490 1949 842 2011 charissime
870 1950 1196 2026 diligenter
1243 1947 1566 2009 observare
1610 1947 1920 2021 volumuS,
1951 1958 2010 2009 et
2052 1949 2254 2010 studio
2303 1951 2542 2028 pietatis
2590 1967 2723 2012 coe·

166 2040 329 2106 ptum
370 2031 695 2106 negotium
726 2028 937 2090 salutis
963 2029 1206 2104 exequi,
1239 2035 1306 2087 ut
1336 2029 1409 2088 ile
1439 2029 1611 2089 lucro
1640 2038 1954 2104 apportato
1985 2029 2184 2090 valeas
2230 2046 2259 2090 a
2311 2029 2568 2106 Domino
2599 2029 2723 2092 Deo

164 2118 365 2169 nostro
407 2109 755 2170 mercedem
785 2105 1093 2186 percipere
1142 2107 1203 2167 in
1230 2116 1475 2168 aeterna
1512 2107 1905 2168 beatitudine.
1944 2108 2340 2184 privilegium
2378 2127 2525 2173 vero
2551 2109 2718 2183 juxta

159 2188 312 2263 quod
366 2190 597 2267 petisti,
645 2188 974 2261 facienteS,
1023 2188 1113 2246 liis
1149 2187 1433 2264 junctum
1476 2187 1847 2259 direximuS,
1892 2195 2169 2264 optantes
2230 2198 2283 2248 te
2330 2189 2568 2249 Domini
2614 2189 2719 2250 Dei

162 2270 354 2328 nostri
409 2267 705 2346 praesidio
741 2266 813 2328 de
843 2268 1237 2328 conversione
1280 2268 1620 2328 errantium
1658 2266 2081 2343 plenissimum
2110 2275 2420 2344 apportare
2453 2268 2717 2331 lucrum.

163 2345 322 2408 Deus
371 2356 433 2409 te
481 2346 857 2408 incolumem
901 2345 1217 2418 custodiat,
1261 2346 1763 2408 reverentissime
1808 2346 2014 2408 frater.

245 2471 282 2557 ἓ
336 2474 509 2542 20.
566 2469 949 2540 Redeuntes
1009 2469 1220 2559 igitur
1289 2469 1577 2548 nuncii,
1631 2481 1698 2539 et
1753 2469 2096 2541 Praesulis
2155 2470 2518 2560 Apostolici
2571 2483 2718 2540 tum

164 2561 448 2648 scripta,
506 2572 651 2627 tum
703 2579 991 2627 munera
1038 2570 1266 2647 optata
1317 2570 1763 2648 reportantes,
1835 2560 2094 2649 ingenti
2146 2571 2461 2628 sanctum
2517 2560 2719 2627 Boni-

166 2647 423 2717 facium
477 2647 733 2737 gaudio
792 2646 1123 2715 afficiunt.
1182 2652 1415 2733 Itaque
1465 2646 1643 2717 sicut
1693 2670 1818 2735 par
1863 2659 2028 2726 erat,
2085 2652 2215 2715 Deo
2276 2646 2513 2715 laudes
2564 2669 2721 2735 gra-

170 2749 402 2823 tesque
454 2757 691 2826 agens,
725 2757 878 2805 mox
926 2736 1103 2804 duas
1130 2735 1456 2805 ecclesias
1481 2737 1899 2814 construxit,
1936 2736 2218 2805 alteram
2320 2735 2549 2804 uidem
2581 2736 2722 2805 Fri-

168 2825 436 2905 slariae‚
482 2826 549 2891 in
590 2824 915 2893 honorem
955 2829 1020 2892 S.
1056 2824 1227 2893 Petri
1279 2823 1755 2914 Apostolorum
1809 2824 2188 2914 principis:
2245 2846 2280 2892 a
2320 2837 2525 2893 teram
2569 2845 2722 2892 vero

172 2913 563 2982 Amanabur
616 2913 659 2993 i,
717 2913 782 2981 in
836 2912 1162 2981 honorem
1216 2917 1280 2981 S.
1338 2911 1688 2982 Michaelis
1753 2912 2184 3002 Archangeli.
2246 2917 2385 2980 Duo
2449 2934 2746 3000 quoque„

173 3004 585 3073 monasterio
615 3024 655 3069 a
694 3000 970 3070 duabus
1002 3000 1317 3089 adjunxit
1363 3000 1696 3079 ecclesiiS‚
1737 3024 1873 3070 non
1919 3001 2209 3070 minima
2244 2999 2386 3070 illic
2419 3001 2724 3070 adunata

172 3091 293 3158 Deo
329 3090 793 3160 servientium
843 3090 1406 3179 congregatione:
1444 3089 1565 3158 ubi
1595 3091 1800 3159 etiam
1841 3090 2175 3159 hactenus
2217 3089 2445 3159 laudis
2477 3102 2542 3158 et
2573 3090 2723 3159 cul-

173 3189 272 3246 tus
336 3180 560 3247 divini
622 3177 849 3247 officia
919 3192 1364 3268 peraguntur.
1433 3178 1553 3246 His
1625 3180 1716 3247 ita
1765 3176 2133 3258 confectiS‚
2190 3183 2255 3248 S.
2336 3178 2723 3248 Bonifacius

176 3268 637 3355 Bajoariorum
692 3267 1025 3356 regiones,
1072 3268 1330 3354 quibus
1381 3288 1501 3356 per
1549 3266 1617 3335 id
1669 3278 1945 3356 tempus
1993 3267 2484 3336 dominabatur
2531 3272 2721 3358 Hug-

174 3352 400 3424 bertus
454 3361 620 3434 Dux,
679 3355 934 3431 invisit,
1006 3356 1671 3445 praedicationisque
1711 3378 1968 3426 munus
2016 3356 2197 3445 apud
2255 3355 2411 3424 illos
2461 3356 2722 3425 studio-

178 3444 442 3513 sissime
472 3465 820 3524 exercen3‚
878 3444 1318 3514 Ermwolfum
1374 3443 1794 3513 haereticum
1834 3444 2289 3534 pestilentem,
2332 3465 2583 3533 magno
2618 3443 2724 3512 di-

180 3532 367 3602 vinae
397 3532 891 3601 aemulationis
917 3532 1178 3602 fervore
1207 3534 1558 3610 incensus,
1589 3554 1669 3602 ex
1697 3536 2047 3602 Canonum
2079 3532 2500 3632 praescripto
2528 3531 2724 3600 dam·
2765 3596 2770 3609 ,

182 3622 353 3689 navit
400 3633 466 3690 et
498 3623 588 3690 ab
622 3620 909 3690 ecclesia
958 3621 1180 3707 ejecit,
1236 3644 1312 3691 ac
1370 3620 1622 3689 deinde
1671 3621 1757 3689 ad
1809 3643 1976 3690 suae
2023 3620 2357 3691 dioecesis
2410 3620 2723 3689 homines

181 3728 509 3790 reversum
551 3710 784 3778 omnia
814 3709 1249 3790 circumibat,
1287 3711 1689 3781 instaurans
1717 3731 1820 3789 ea,
1859 3731 2036 3797 quae
2069 3709 2516 3779 ecclesiarum
2554 3730 2722 3777 cura

182 3815 449 3881 poscere
490 3798 873 3868 videbatur.
944 3803 1034 3867 Eo
1073 3800 1279 3867 etiam
1345 3812 1475 3868 tem
1534 3821 1650 3867 ore
1718 3804 2002 3867 Romam
2053 3798 2155 3867 ire
2200 3797 2521 3877 decrevit,
2576 3811 2724 3867 tum

181 3898 247 3952 ut
296 3886 648 3956 pontificis
696 3887 1086 4042 Apostolich
1120 3908 1323 3973 quem
1354 3909 1434 3956 ex
1488 3888 1634 3956 acie
1689 3886 1979 3956 necdum
2018 3900 2317 3967 noverat,
2348 3898 2725 3976 conspectu

177 3970 509 4045 frueretur
555 3988 620 4043 et
667 3974 1049 4062 coloquio:
1098 3988 1241 4046 tum
1284 3988 1361 4045 ut
1393 3981 1436 4043 Α
1493 3974 1870 4046 ostolorum
1919 3987 1985 4044 et
2019 3975 2319 4045 aliorum
2356 3974 2498 4044 illic
2527 3975 2726 4060 quie-

181 4064 512 4132 scentium
566 4076 964 4132 sanctorum
1018 4086 1089 4134 se
1138 4086 1208 4133 se
1250 3998 1573 4152 precissus
1622 4064 2161 4134 commendaret.
2218 4069 2454 4151 Itaque
2515 4062 2728 4152 prosi-

183 4149 443 4220 ciscens
486 4151 702 4220 multa
752 4152 1046 4241 stipatus
1082 4152 1283 4222 turba
1335 4157 1778 4231 Francorum,
1834 4153 2301 4243 Bajoariorum
2359 4165 2425 4221 et
2459 4153 2726 4221 Britan-

186 4250 450 4319 norum,
491 4240 612 4309 ubi
664 4245 946 4309 Romam
1000 4240 1203 4320 venit,
1245 4263 1285 4309 a
1326 4240 1652 4310 Pontifice
1685 4241 1971 4311 comiter
1995 4254 2320 4331 acceptus
2351 4251 2487 4310 est:
2526 4259 2726 4329 porro

184 4328 465 4396 Romani
515 4349 756 4399 omnes
807 4341 991 4398 tanta
1030 4352 1191 4398 eum
1243 4329 1678 4399 veneratione
1728 4331 2072 4420 prosecuti
2123 4342 2308 4410 sunt,
2363 4342 2440 4398 ut
2486 4328 2574 4397 ad
2619 4349 2727 4398 sa·

186 4410 469 4483 lutarem
548 4418 700 4506 ejus
773 4416 1223 4487 hauriendam
1298 4418 1682 4487 doctrinam
1758 4440 1894 4488 non
1976 4419 2181 4508 pauci
2241 4417 2721 4493 confluerent,
