3357 4995
641 315 768 378 252
1374 329 1451 374 ne
1499 329 1556 375 s.
1609 326 1900 374 mamea
1950 323 2264 371 Aros‘roLo
2401 365 2410 372 .
2748 307 2964 372 JUNII
3019 310 3044 372 ‘l
3066 312 3090 374 ,1

551 437 855 506 operam,
911 428 986 483 ut
1034 412 1293 499 aliquid
1349 413 1418 481 in
1470 412 1642 482 urbe
1690 409 2115 498 Jerosolyma
2167 409 2568 499 possideret.
2628 413 2793 479 Cum
2830 431 2987 478 vero
3030 411 3101 479 in

552 504 955 603 Cypriorum
1009 502 1288 590 regione
1323 513 1527 570 natus
1559 512 1761 578 esset,
1793 513 1858 567 et
1889 511 2204 588 parentes
2236 497 2616 587 elegantem
2656 518 2947 587 puerum
3000 501 3102 567 vi-

551 593 834 672 dissent,
890 591 1118 659 statim
1167 591 1423 679 Josepli
1468 611 1624 658 eum
1678 588 2150 666 nominarunt,
2209 607 2501 675 puerum
2561 609 2766 657 suum
2803 587 3099 658 Patriar-

551 682 720 749 chae
791 680 981 747 illius
1038 702 1078 746 a
1134 678 1499 768 pellatione
1564 678 2000 746 honorantes,
2072 681 2347 744 Factum
2412 697 2568 743 vero
2619 688 2760 756 est,
2815 689 2879 744 et
2936 699 3096 746 cum

551 768 852 838 nominis
900 701 1385 857 appellatione,
1446 767 1958 834 morum‘etiam
2013 764 2336 832 nobilitas
2386 764 2803 844 conveniret,
2841 764 2898 833 si
2941 767 3101 850 quis

549 860 733 927 enim
787 878 1019 926 vocem
1071 856 1273 934 hanc,
1336 853 1617 943 Joseph,
1672 855 2180 942 interpretetur,
2236 854 2536 921 inveniet
2599 854 2780 921 idem
2851 853 3097 936 valere,

549 946 732 1033 quod
791 945 901 1013 Dei
953 942 1538 1012 additamentum:
1576 941 1853 1011 additus
1888 942 2074 1011 enim
2123 942 2327 1011 suita
2382 946 2511 1010 Deo
2553 943 2788 1029 justus
2839 941 2949 1010 hic
3005 945 3106 1011 vir

552 1033 1026 1125 Apostolorum
1079 1033 1325 1110 coetui,
1364 1044 1430 1100 et
1476 1053 1671 1099 sacro
1724 1036 2129 1100 Sanctorum
2182 1030 2549 1100 consortio.
2594 1030 2685 1098 Ad
2719 1031 2883 1098 haec
2919 1053 3107 1099 eam-

550 1125 704 1193 dem
742 1143 1002 1199 vocem,
1066 1123 1179 1189 Dei
1227 1120 1520 1211 gloriam
1571 1119 2008 1209 interpretari
2064 1141 2460 1207 possumus.

638 1217 674 1299 ξ
720 1217 807 1282 5.
863 1216 1031 1278 Cum
1069 1231 1223 1278 vero
1273 1209 1620 1279 Barnabas
1663 1209 1809 1297 ipse
1844 1207 2273 1285 adolevisset,
2331 1207 2529 1276 illum
2584 1209 2651 1276 in
2705 1209 3096 1278 urbem'Je-

552 1300 970 1384 rosolymam
1023 1307 1338 1386 parentes
1375 1297 1867 1384 perduxerunt,
1899 1312 1962 1364 et
2014 1296 2371 1365 Gamalieli
2423 1296 2481 1366 le
2532 1318 2639 1364 em
2692 1319 2770 1364 ac.
2807 1298 3101 1384 Prophe-

552 1404 654 1460 tas
690 1373 1054 1477 diligenter
1102 1386 1529 1455 edocendum
1583 1385 2037 1460 tradiderunt,
2092 1386 2212 1470 qui
2244 1396 2308 1453 et
2354 1390 2496 1454 Pau
2528 1407 2672 1463 urn,
2732 1398 2894 1454 tunc
2929 1391 3099 1454 Sau-

553 1481 697 1547 lum
751 1475 1198 1564 appellatum,
1235 1474 1541 1546 condisci
1600 1473 1795 1543 ulum
1835 1474 2151 1544 habebat.
2211 1474 2526 1555 Quotidie
2560 1495 2712 1542 vero
2750 1475 3096 1544 Barnabas

554 1567 775 1655 magis
825 1564 1245 1654 proficiebat,
1311 1578 1457 1632 tum
1576 1565 1862 1642 octrinfi,
1935 1575 2108 1636 tum,
2154 1563 2343 1631 omni
2412 1563 2708 1643 virtute;
2785 1563 3098 1633 nondum

555 1668 780 1724 tamen
842 1653 926 1721 ad
990 1654 1374 1722 Levitarum
1423 1653 1740 1720 ordinem
1807 1675 1845 1720 a
1898 1661 2220 1740 gregatus
2280 1650 2531 1728 fuerat,
2586 1674 2664 1719 eo
2722 1651 2903 1737 quod
2962 1676 3093 1720 non

553 1758 696 1812 erat
731 1754 943 1810 aetate
979 1741 1096 1808 illa
1143 1763 1349 1827 quam
1384 1762 1463 1808 ea
1497 1763 1603 1809 res
1656 1674 2088 1828 postulabat:
2124 1739 2354 1808 adhuc
2386 1741 2568 1808 enim
2605 1763 2762 1808 cum
2806 1741 3092 1829 ephebis

555 1833 1077 1900 numerabatur.
1147 1835 1288 1898 Non
1340 1842 1564 1897 tamen
1616 1852 1654 1896 a
1707 1829 1960 1917 templo
2010 1828 2425 1906 discedebat,
2484 1851 2641 1897 cum
2694 1829 2763 1896 in
2806 1829 3095 1918 jejuniis

554 1944 630 1990 ac
684 1921 1004 2010 precibus
1053 1918 1165 1986 die
1191 1941 1269 1986 ac
1319 1931 1513 1987 nocte
1549 1931 1953 1986 versaretur.
2015 1923 2109 1986 lta
2145 1940 2299 1986 vero
2350 1918 2533 2007 leges
2581 1930 2644 1985 et
2687 1917 2953 2003 reliqua
2995 1919 3102 1986 di-

554 2011 710 2076 vina
764 2009 1019 2096 scripta
1069 2007 1459 2076 memoriter
1515 2006 2051 2096 pronunciabat,
2119 2020 2192 2074 ut
2244 2005 2597 2074 literarum
2652 2007 3098 2078 monimentis

556 2120 690 2166 non
743 2096 1101 2184 indigeret,
1146 2096 1585 2181 quietemque
1619 2097 1842 2184 ipsam
1877 2108 2011 2172 tam
2051 2096 2333 2164 charam
2372 2094 2685 2174 habebat,
2722 2108 2799 2164 ut
2840 2108 3099 2186 tempe-

556 2187 817 2255 rantiae
868 2199 1154 2253 matrem
1225 2185 1415 2252 illam
1465 2205 1611 2252 esse
1666 2184 1967 2252 duceret.
2034 2183 2460 2252 Perniciosas
2518 2206 2672 2251 vero
2727 2183 3094 2252 hominum

554 2272 1091 2344 consuetudines
1139 2272 1608 2354 execrabatur,
1647 2295 1726 2340 ac
1776 2274 2210 2344 vehementer
2260 2273 2586 2361 fugiebat,
2636 2294 2891 2361 purum
2943 2287 3006 2343 et
3055 2298 3091 2341 a

552 2365 736 2432 vitiis
801 2363 1130 2431 intactum
1184 2363 1489 2451 seipsum
1538 2361 1630 2446 ita
1690 2383 2126 2440 conservans,
2195 2374 2270 2430 ut
2328 2363 2598 2429 virtutis
2643 2374 2820 2431 esset
2880 2365 3098 2450 speci-

556 2476 711 2522 men
763 2452 1141 2538 quoddam.
1195 2450 1650 2533 Quamobrem
1708 2451 1891 2539 apud
1943 2472 2183 2520 omnes
2230 2450 2731 2520 existimatione
2781 2463 2844 2520 et
2880 2451 3097 2541 gloria

561 2543 869 2610 florebat.

648 2637 683 2715 ξ
733 2636 826 2701 6.
884 2629 1142 2698 Accidit
1183 2641 1437 2707 autem,
1482 2640 1559 2697 ut
1601 2641 1901 2717 tempore
1951 2628 2068 2696 illo
2145 2629 2474 2697 Dominus
2528 2630 2739 2697 Jesus
2797 2628 3107 2699 Christus

555 2719 1057 2806 Jerosolymam
1093 2719 1371 2796 veniret,
1412 2730 1476 2785 et
1519 2717 1975 2806 paralyticum
2019 2718 2086 2784 in
2173 2718 2471 2786 robatica
2510 2719 2777 2806 piscina
2802 2732 3098 2797 sanaret,

555 2808 831 2892 aliaque
873 2809 1073 2896 signa
1116 2806 1330 2874 multa
1370 2820 1434 2874 et
1484 2805 1800 2896 prodigia
1833 2807 1901 2873 in
1941 2738 2195 2894 temppo
2229 2806 2479 2874 ederet.
2520 2806 2641 2874 Illa
2678 2808 2913 2874 omnia
2938 2830 3103 2876 cum

559 2897 904 2964 Barnabas
963 2894 1265 2973 vidisset,
1324 2895 1707 2983 obstupuit,
1764 2908 1827 2962 et
1876 2895 2101 2964 statim
2168 2895 2252 2961 ad
2305 2895 2549 2962 Christi
2601 2894 2806 2983 pedes
2855 2918 2925 2963 se
2980 2897 3104 2964 ab-

546 2986 733 3074 jecit,
790 3006 1087 3069 eumque
1140 2996 1459 3072 precatus
1507 2996 1630 3059 est,
1687 2996 1762 3053 ut
1812 2981 1908 3049 illi
1970 2984 2419 3051 benediceret.
2482 2984 2790 3052 Christus
2841 2997 3094 3065 autem,

556 3074 672 3158 qui
710 3095 827 3139 cor
861 3072 1225 3140 hominum
1268 3084 1332 3139 et
1380 3072 1649 3141 animos
1684 3071 1985 3160 inspicit,
2020 3072 2370 3140 Barnabae
2404 3072 2609 3140 fidem
2663 3084 2923 3161 gratam
2977 3073 3102 3140 ha-

559 3163 752 3235 bens,
808 3159 1132 3229 benevole
1183 3161 1410 3249 ipsum
1462 3160 1749 3249 accepit,
1785 3173 1848 3228 et
1897 3160 2114 3228 divini
2164 3161 2273 3229 sui
2322 3182 2737 3249 congressus
2778 3160 3102 3229 eumdem

559 3249 960 3339 participem
1006 3249 1196 3318 fecit:
1236 3271 1372 3334 qua
1419 3270 1488 3315 re
1537 3249 1621 3316 ad
1675 3249 2374 3322 Christicharitatem
2429 3249 2647 3339 magis
2679 3249 3103 3317 accendeba-

561 3354 695 3408 tur.
753 3343 967 3418 Quam
1021 3337 1325 3426 primum
1389 3359 1546 3405 vero
1613 3338 1783 3405 adiit
1846 3337 2129 3406 domum
2191 3338 2435 3405 Mariae
2505 3339 2742 3406 matris
2813 3340 3102 3406 Joannis

559 3429 682 3513 qui
733 3432 1000 3495 Marcus
1055 3438 1288 3515 postea
1343 3426 1571 3495 dictus
1632 3440 1767 3494 est:
1824 3448 1998 3511 quae
2044 3428 2252 3494 Maria
2288 3430 2312 3453 ⁸
2349 3428 2497 3515 ejus
2550 3438 2909 3495 matertera
2957 3450 3107 3496 esse

558 3515 938 3593 dicebatur,
993 3515 1442 3601 quamobrem
1491 3528 1555 3582 et
1605 3520 1908 3584 Marcum
1942 3516 2292 3584 Barnabae
2332 3514 2828 3584 oon-sobrinum
2863 3516 3099 3604 appel—

559 3605 815 3675 labant.
873 3603 1072 3671 Illam
1138 3626 1299 3672 cum
1349 3603 1665 3673 adiisset:
1724 3609 1878 3693 Age,
1945 3604 2202 3690 inquit,
2261 3604 2532 3685 mulier,
2612 3604 2760 3672 veni
2826 3618 2889 3672 et
2949 3604 3098 3671 vide

556 3717 730 3779 quae
785 3706 1008 3780 patres
1063 3693 1272 3762 nostri
1336 3691 1564 3761 videre
1613 3692 2198 3782 concupiverunt:
2254 3715 2409 3761 ecee
2458 3694 2641 3761 enim
2696 3700 2897 3761 ,lesus
2946 3694 3101 3778 qui-

557 3783 715 3850 dam
761 3782 1091 3870 propheta
1131 3803 1167 3849 e
1201 3782 1526 3850 Nazareth
1561 3781 1902 3850 Galilaeae
1939 3782 2008 3849 in
2042 3782 2297 3869 templo
2326 3795 2448 3860 est,
2489 3782 2857 3870 magnifica
2894 3804 3105 3866 quae—

561 3871 723 3939 dam
761 3870 971 3940 edens
1005 3869 1365 3950 miracula,
1409 3872 1530 3957 qui
1569 3870 1804 3939 multis
1838 3870 2102 3939 videtur
2140 3870 2417 3940 Messias
2451 3892 2598 3938 esse
2626 3870 2744 3955 qui
2775 3883 3105 3938 venturus

558 3971 703 4028 erat
715 4013 848 4026 .....

649 4051 683 4133 ξ
731 4052 806 4117 ἵ.
864 4052 1050 4115 Tunc
1101 4070 1255 4117 vero
1305 4049 1654 4117 Barnabas
1697 4060 1976 4117 secutus
2016 4060 2115 4116 est
2166 4047 2534 4116 Dominum
2574 4060 3014 4116 revertentem
3069 4070 3108 4114 a

555 4135 1011 4223 Jerosotymis
1052 4136 1123 4204 in
1184 4136 1580 4206 Galilaeam.
1638 4141 1805 4205 Cum
1856 4148 2083 4205 autem
2137 4136 2335 4205 multi
2374 4136 2685 4223 undique
2735 4136 2818 4203 ad
2874 4137 3103 4203 Domi·

559 4248 728 4295 num
764 4226 1226 4303 convenirent,
1272 4236 1336 4293 et
1384 4226 1532 4314 eJus
1582 4224 1790 4293 fidem
1824 4237 2295 4311 sequerentur,
2336 4224 2506 4293 dixit
2537 4224 2901 4313 discipulis
2929 4224 3099 4294 suis:

559 4316 783 4385 Messc's
855 4316 1122 4403 quidem
1178 4317 1420 4392 multa,
1482 4317 1785 4404 operarii
1839 4326 2065 4383 (tutem
2118 4317 2346 4403 pauci.
2433 4319 2667 4399 Itaque
2717 4312 3101 4401 designavit

614 4445 638 4469 ‘¹¹
670 4443 723 4481 In
742 4437 988 4489 Μαι-ὑπαὶ
1014 4442 1301 4482 memoratur
1324 4449 1445 4481 xxxx
1467 4441 1566 4488 huj.
