3357 4995
717 329 845 394 642
1283 345 1363 392 ns
1409 345 1499 393 ss.
1553 343 1891 394 Arosrous
1937 342 2137 394 rssrno
2182 341 2261 394 nr
2308 345 2510 394 muno
2810 329 3031 396 JUNII
3082 330 3173 394 29

626 442 868 501 omnes
920 429 1041 519 qui
1088 429 1172 499 ad
1223 430 1455 519 ipsum
1514 429 1876 499 veniebant
1920 430 2067 501 exci
2125 430 2294 513 iens,
2345 443 2414 501 et
2472 431 2587 501 Dei
2635 435 2951 522 Regnum
2999 454 3171 502 cum

624 519 816 591 omni
848 518 1103 590 fiducia
1138 517 1543 607 praedicans
1573 519 1834 607 absque
1872 519 2056 609 impe
2109 519 2392 589 imento.
2431 523 2643 607 Atque
2676 520 2846 590 haec
2878 519 3172 607 quidem

625 608 989 696 hucusque
1042 606 1342 707 narravit
1391 611 1606 676 Lucas
1644 607 1715 676 in
1752 607 2030 680 Actibus
2058 608 2561 698 Apostolorum,
2613 609 2735 697 qui
2784 608 3045 680 librum
3088 630 3175 678 eo

627 709 762 767 tem
773 719 932 787 pore
956 705 1366 786 composult.

711 788 751 874 ἓ
801 790 945 860 ²1.
999 783 1338 855 Eusebius
1379 795 1637 866 autem,
1689 784 1810 870 qui
1859 783 2167 856 secundo
2214 784 2395 856 libro
2442 785 2768 856 historiae
2827 784 3174 857 Ecclesia-

624 875 835 945 sticae
899 873 1065 944 haec
1113 885 1214 944 est
1274 883 1589 943 accurate
1638 885 2134 961 perscrutatus,
2195 872 2366 945 dicit
2412 873 2729 955 Paulum,
2783 896 2946 944 cum
3001 886 3173 944 tunc

623 962 905 1052 quidem
951 984 1235 1033 causam
1285 961 1567 1032 dixisset
1611 961 1799 1051 apud
1848 966 2205 1044 Neronem,
2237 962 2452 1033 fuisse
2484 961 2906 1044 absolutum,
2950 975 3018 1033 et
3049 963 3171 1032 Dei

624 1051 936 1131 verbum,
997 1073 1155 1122 cum
1206 1062 1384 1121 esset
1430 1049 1795 1131 relaxatus,
1849 1054 2122 1121 Romae.
2160 1063 2477 1142 agentem
2528 1051 2962 1141 praedicasse
3012 1052 3174 1123 totis

626 1140 863 1211 decem
904 1139 1129 1210 annis,
1166 1139 1201 1172 ¹*
1244 1143 1320 1209 In
1348 1138 1608 1227 quibus
1634 1136 1891 1209 dicitur
1917 1142 2199 1230 peregre
2250 1140 2594 1229 profectus
2624 1140 2692 1209 in
2729 1139 3167 1231 Hispaniam,

626 1228 919 1300 Galliam
949 1240 1014 1299 et
1055 1227 1349 1307 Italiam,
1394 1225 1642 1297 Christi
1672 1249 1920 1318 praeco
1950 1228 2232 1299 verbum
2263 1228 2780 1309 disseminasse,
2812 1241 2879 1298 et
2905 1227 3169 1299 multos

628 1332 669 1388 a
715 1317 852 1387 diis
893 1316 1134 1407 patriis
1186 1315 1542 1399 evulsisse,
1593 1328 1660 1385 et
1705 1337 1867 1388 cum
1915 1339 2120 1408 grege
2168 1317 2439 1387 Domini
2488 1317 2954 1407 conjunxisse.
3006 1318 3166 1387 lam

624 1427 783 1477 vero
815 1428 978 1477 cum
1014 1417 1192 1475 esset
1252 1405 1321 1473 in
1363 1404 1721 1495 Hispania,
1789 1404 1920 1475 tale
1985 1404 2152 1492 quid
2211 1405 2455 1475 dicunt
2501 1404 2862 1477 accidisse.
2918 1405 3170 1476 Mulier

625 1493 965 1583 quaedam
995 1506 1060 1565 et
1105 1514 1375 1584 genere,
1403 1504 1469 1563 et
1499 1493 1773 1583 opibus»,
1819 1505 1885 1564 et
1923 1493 2234 1564 doctrina
2265 1494 2587 1584 insignia„
2619 1515 2780 1565 cum
2805 1495 2956 1584 jam
2990 1493 3166 1563 olim

624 1583 1049 1655 auditionem
1098 1582 1471 1672 accepisset
1516 1581 1997 1672 Apostolicam‚
2038 1582 2363 1672 cupiebat
2388 1583 2561 1672 ipsis
2597 1604 2875 1670 quoque
2906 1583 3167 1653 intueri

625 1671 846 1742 oculis
938 1692 1293 1740 raeconem
1342 1670 1664 1751 veritatiS,
1706 1683 1772 1740 et
1818 1670 1989 1773 ipsis
2037 1671 2328 1742 auribus
2369 1670 2636 1742 institui
2671 1672 2743 1740 in
2771 1693 2963 1741 verae
3010 1673 3191 1761 pie-‘

626 1760 785 1831 tatis
908 1760 1324 1851 ogmatibus.
1379 1763 1545 1831 Cum
1593 1780 1757 1849 ergo
1804 1781 1865 1830 e1
1915 1760 2137 1829 visum
2189 1770 2367 1830 esset
2412 1760 2650 1829 divina
2696 1760 2994 1847 quadam
3051 1760 3169 1829 in-

626 1872 660 1919 s
714 1849 1001 1918 iratione
1049 1848 1117 1917 in
1170 1847 1392 1919 forum
1432 1848 1803 1938 proficisci,
1848 1869 1986 1936 quo
2035 1861 2344 1938 tempore
2387 1848 2506 1936 qui
2539 1847 2750 1918 velex
2803 1848 2948 1919 sola
2979 1847 3172 1918 fama

625 1871 714 2007 ap)
745 1958 824 2006 ea
870 1936 1310 2027 diligebatur,
1365 1958 1487 2027 per
1533 1936 1841 2007 medium
1875 1937 2023 2024 ejus
2063 1936 2421 2017 transibat,
2456 1937 2715 2008 dicitur
2760 1950 2824 2007 et
2848 1959 3009 2007 eum
3057 1938 3168 2006 vi-

624 2026 809 2097 disse
857 2024 1096 2096 leniter
1141 2038 1207 2095 et
1255 2024 1524 2116 placide
1576 2025 2118 2116 ingredientem:
2172 2037 2250 2097 ut
2293 2026 2417 2113 qui
2474 2048 2610 2096 non
2674 2025 2901 2096 solum
2937 2026 3165 2116 gratia

629 2114 870 2206 plenos
900 2135 1124 2185 mores
1144 2114 1425 2184 haberet
1461 2124 1786 2195 caeterOS‚
1830 2114 1949 2184 sed
1981 2114 2189 2184 etiam
2229 2115 2459 2205 ipsum
2505 2114 2880 2194 incessum,
2917 2127 2986 2183 et
3015 2135 3166 2184 ma-

626 2204 757 2274 rito
805 2225 931 2272 suo
982 2203 1426 2293 persuasisse,
1461 2204 1574 2272 cui
1626 2224 1874 2273 nomen
1924 2215 2069 2274 erat
2114 2203 2377 2273 Probus
2419 2202 2693 2291 (eorum
2751 2215 2983 2272 autem
3036 2205 3164 2289 qui

628 2292 773 2363 illic
802 2304 1019 2371 erant,
1052 2304 1197 2362 erat
1241 2290 1442 2361 facile
1483 2291 1838 2382 princeps)
1882 2304 1959 2361 ut
1996 2293 2177 2361 intra
2216 2291 2421 2361 aedes
2455 2313 2618 2363 suas
2666 2291 2793 2361 hos
2845 2291 3009 2361 item
3044 2312 3164 2362 ex-

625 2381 902 2471 ciperet.
974 2385 1341 2468 Postquam
1390 2401 1548 2449 vero
1585 2379 1717 2450 fuit
1756 2382 2154 2460 aocet-sitm,
2205 2392 2269 2449 et
2301 2379 2431 2450 fuit
2481 2400 2690 2471 prope
2747 2379 2930 2461 ilos,
2978 2380 3164 2469 ejus-

629 2468 817 2540 modi
866 2468 1143 2627 αἰίῗυοά
1168 2467 1581 2539 miraculum
1624 2468 1960 2541 accidisse
1986 2467 2303 2541 mulieri:
2337 2490 2586 2560 nempe
2619 2469 2873 2560 apertis
2909 2470 3163 2541 mentis

626 2581 792 2629 suae
839 2581 970 2629 ocu
1002 2558 1083 2639 is,
1139 2558 1391 2628 vidisse
1423 2558 1493 2626 in
1542 2557 1765 2629 fronte
1793 2558 1970 2646 ejus,
2031 2559 2153 2646 qui
2186 2558 2410 2630 fuerat
2456 2558 2757 2648 hospitio
2804 2571 3156 2649 acceptus,

627 2646 860 2718 literas
892 2669 1160 2730 aureas»,
1194 2667 1371 2734 quae
1402 2645 1744 2730 dicebant,
1780 2646 2035 2717 Paulus
2074 2647 2322 2719 Christi
2373 2668 2641 2737 praeco.
2697 2646 2898 2717 Illam
2931 2660 3167 2717 autem

677 2749 907 2827 ropter
974 2736 1306 2806 visionem
1378 2736 1798 2826 insperatam
1846 2735 2099 2805 invasit
2142 2748 2209 2805 et
2254 2735 2615 2826 voluptas,
2667 2748 2734 2805 et
2799 2735 3046 2806 timor:
3100 2749 3164 2805 et

654 2825 952 2915 acrymis
982 2824 1187 2915 plena
1226 2823 1518 2913 procidit
1549 2824 1636 2894 ad
1676 2824 1887 2915 pedes
1910 2824 2233 2927 Apostoli,
2270 2836 2337 2894 et
2364 2823 2700 2894 catechesi
2733 2822 2820 2894 ab
2851 2844 2930 2893 eo
2965 2824 3164 2896 insti-

625 2925 792 2997 tuta,
825 2912 1127 3003 primum
1155 2912 1438 3000 quidem
1475 2912 1768 3004 suscipit
1796 2912 2244 3004 baptismum,
2273 2912 2616 3004 appellata
2645 2911 3059 3003 Xanthippe:
3095 2911 3166 2947 ⁴*

625 3008 864 3073 Postea
911 3014 1139 3072 autem
1189 3003 1451 3072 Probus
1485 3002 1638 3092 ejus
1682 3002 1994 3083 maritus,
2019 3002 2141 3089 qui
2169 3014 2315 3071 erat
2340 3014 2545 3072 notus
2569 3002 2853 3071 Neroni:
2911 3000 3166 3070 deinde

623 3091 828 3161 etiam
880 3090 1279 3162 Philotheus
1314 3089 1733 3181 praefectus:
1777 3103 1844 3162 et
1888 3089 2214 3180 deinceps
2244 3112 2508 3171 omneS,
2544 3091 2666 3179 qui
2714 3089 2905 3159 illam
2952 3089 3160 3158 habi-

630 3179 867 3250 tabant
907 3180 1280 3270 regionem.
1346 3179 1538 3263 Quod
1587 3192 1817 3249 autem
1854 3177 1922 3248 in
1952 3177 2285 3270 Hispania
2332 3177 2828 3270 praedicaverit
2872 3176 3151 3259 Paulus,

630 3268 763 3339 hoc
811 3280 1043 3359 aperte
1107 3267 1277 3336 dicit
1330 3268 1400 3336 in
1449 3267 1747 3358 Epistola
1798 3266 1883 3337 ad
1933 3272 2303 3349 Romanos,
2359 3268 2460 3338 sic
2508 3269 2856 3339 scribens:
2889 3289 2923 3333 «
2956 3269 3160 3336 Nunc

625 3370 856 3429 autem
907 3378 1043 3426 non
1091 3356 1395 3447 amplius
1442 3356 1704 3428 habens
1744 3355 1970 3427 locum
2006 3356 2079 3425 in
2130 3356 2240 3427 his
2278 3357 2700 3447 regionibuS,
2735 3353 3157 3427 desiderium

625 3459 855 3518 autem
904 3446 1168 3516 habens
1217 3445 1534 3516 veniendi
1582 3445 1669 3516 ad
1720 3467 1839 3515 vos
1882 3467 1924 3515 a
1980 3444 2218 3517 multis
2269 3445 2494 3527 annis,
2547 3467 2707 3516 cum
2759 3441 3164 3536 proficiscar

625 3536 698 3606 in
748 3535 1181 3626 Hispaniam,
1235 3535 1504 3605 veniam
1545 3535 1631 3604 ad
1683 3555 1840 3604 vos:
1879 3557 1910 3605 s
1962 3555 2078 3603 ero
2108 3534 2294 3603 enim
2331 3534 2673 3606 transiens
2704 3556 2822 3604 vos
2857 3531 3159 3602 videre.»

626 3625 961 3709 Quoniam
1009 3646 1172 3714 ergo
1223 3623 1426 3694 etiam
1477 3625 1845 3711 antequam
1920 3623 2135 3694 uisset
2174 3627 2429 3693 Romae
2494 3624 2566 3693 in
2614 3623 2849 3693 animo
2913 3620 3163 3691 habuit

629 3713 1026 3804 praedicare
1070 3713 1139 3782 in
1189 3712 1544 3803 Hispania,
1601 3734 1760 3783 cum
1802 3711 1864 3780 ei
1912 3711 2200 3782 feliciter
2246 3712 2710 3793 successisset,
2763 3724 2842 3782 ut
2882 3709 2967 3779 ad
3015 3710 3163 3867 Fri-

626 3824 811 3872 mam
849 3801 1107 3872 veniret
1134 3823 1211 3871 ex
1249 3801 1662 3883 civitatibus,
1703 3821 1840 3871 non
1875 3800 2173 3892 neglexit
2201 3822 2283 3870 ea
2309 3821 2488 3889 quae
2511 3802 2575 3871 ei
2615 3801 2808 3891 prius
2837 3799 2983 3869 visa
3044 3821 3166 3869 ue-

624 3903 781 4052 falnt
810 3890 1159 4050 {beliamsi
1231 3894 1518 3961 Romam
1588 3912 1833 3961 rursus
1902 3910 2217 3960 reversus
2249 3944 2264 3972 ,
2317 3890 2391 3959 in
2453 3911 2532 3960 ea
2579 3900 2800 3961 cessat
2832 3910 2874 3957 a
2931 3886 3166 3979 longis

655 4004 693 4051 a
745 4003 851 4052 orr
898 4003 1005 4052 us.

714 4073 751 4158 ἓ
801 4075 961 4142 ²².
1015 4073 1184 4140 Cum
1223 4069 1308 4138 ad
1358 4068 1703 4140 insaniam
1753 4089 2100 4141 summam
2133 4067 2577 4158 processisset
2598 4071 2788 4145 Nero,
2850 4065 3163 4155 primum

627 4157 910 4249 quidem
980 4157 1259 4229 sustulit
1306 4157 1754 4249 Agrippinam
1824 4169 2109 4229 matrem
2169 4157 2551 4248 propriam:
2603 4165 2951 4246 praeterea
3002 4176 3165 4226 vero

681 4357 708 4384 ⁴·
736 4356 965 4406 suspecta
990 4363 1108 4404 quae
1137 4355 1401 4404 sequuntur
1430 4355 1480 4395 tn
1507 4353 1595 4395 hoc
1622 4355 1645 4408 3
1674 4356 1802 4403 sunt,
1830 4364 1882 4396 u
1908 4355 1967 4398 de
1994 4365 2081 4399 nuo
2109 4365 2137 4397 ι
2161 4354 2391 4406 netupha
2409 4353 2578 4395 additu.
2600 4354 2656 4393 ln
2684 4350 2887 4394 Eusebio
2915 4354 3051 4394 certe
3069 4362 3167 4395 non

627 4408 1237 4511 ‚egffiflmffiog
1257 4418 1365 4503 232·
1382 4407 1629 4513 12:133,
1649 4471 1775 4506 m„
1796 4462 1923 4512 μμ.
