3357 4995
658 300 784 366 344
1185 317 1264 364 nn
1310 318 1402 365 ss,
1455 316 1620 378 vrro,
1672 316 2054 367 canscnnm
2100 318 2174 365 m
2221 316 2502 366 uonnsro
2762 299 2799 362 J
2810 299 2982 365 UNII
3036 300 3119 365 ⁴5

566 406 804 472 Iesum
855 406 1063 470 Deum
1117 411 1425 471 nostrum
1456 402 1680 473 colere
1726 414 1791 471 et
1821 401 2132 471 adorare.
2172 406 2409 488 Itaque
2461 402 2731 472 vocavit
2759 401 2846 471 ad
2878 423 2950 469 se
3004 403 3124 492 pa‘·

565 501 738 561 trem
785 488 1194 559 venerabilis
1243 490 1483 580 pueri,
1538 490 1849 579 dixitque
1880 491 1991 560 ei:
2032 490 2262 574 «Quid
2316 490 2544 559 isthuc
2586 490 2687 559 rei
2734 503 2878 568 est.
2930 489 3123 578 quod

564 579 771 650 audio
811 578 1034 648 filium
1083 588 1281 648 tuum
1320 579 1543 650 colere
1593 585 1806 651 Deum
1842 579 2070 661 illum,
2106 600 2313 667 quem
2368 578 2741 649 Christiani
2791 578 3127 658 adorant?

568 667 632 739 Si
667 689 830 759 ergo
863 668 964 737 vis
1009 688 1171 736 eum
1221 668 1475 739 habere
1507 691 1755 738 sanum
1805 681 1870 738 et
1922 667 2372 747 incolumem,
2420 667 2511 737 da
2559 689 2599 737 o
2653 690 2866 749 eram,
2911 680 2990 737 ut
3036 667 3127 736 ab

564 757 696 827 hac
737 755 1025 827 stultitia
1049 768 1465 826 revocetur.»
1504 758 1626 828 His
1656 757 1937 840 auditis,
1978 756 2191 847 Hylas
2222 757 2393 826 dixit
2425 757 2571 826 Vito
2648 757 2737 827 lio
2768 779 2916 828 suo:
2952 755 3126 825 «Fili

566 844 993 925 dulcissime,
1049 844 1213 914 audi
1245 846 1459 935 patris
1493 846 1593 915 tui
1625 846 1794 917 utile
1818 858 1882 916 et
1911 847 2209 917 salutare
2248 845 2648 927 consilium,
2698 857 2763 914 et
2810 868 2850 914 a
2891 844 3128 915 cultus

566 934 781 1025 hujus
812 933 1124 1010 stultitia,
1163 955 1370 1020 quem
1411 946 1508 1009 tu.
1569 936 1800 1018 nescio
1851 956 2056 1022 quem
2100 948 2452 1004 mortuum
2507 935 2854 1005 hominem
2922 954 3127 1003 vene-

569 1023 811 1104 rando,
845 1022 1036 1092 inani
1070 1022 1303 1092 labore
1351 1023 1656 1104 sectariS,
1696 1023 1995 1104 discede,
2043 1045 2127 1092 ne
2159 1024 2483 1124 princeps
2523 1024 2764 1103 iratus,
2802 1044 2925 1113 pro
2957 1044 3127 1092 suae

572 1111 922 1203 potestatis
962 1110 1192 1180 furore
1240 1112 1498 1180 saeviat
1554 1112 1623 1181 in
1674 1125 1737 1182 te
1785 1113 1868 1182 ad
1914 1113 2286 1203 perniciem
2353 1112 2476 1192 tui,
2550 1124 2616 1180 et
2670 1123 3127 1200 augmentum

575 1200 833 1272 doloris
894 1199 1097 1269 mei.»
1154 1205 1399 1269 Beatus
1449 1200 1638 1270 Vitus
1685 1223 1859 1291 puer
1932 1223 2039 1270 res
2091 1200 2333 1271 ondit:
2390 1224 2426 1267 «
2464 1201 2734 1270 Utinam
2787 1200 2882 1267 mi
2932 1213 3128 1291 pater

575 1311 987 1380 cognoscere
1038 1286 1270 1370 velles,
1323 1289 1550 1376 qualis
1577 1303 1641 1359 et
1678 1300 1980 1377 quantus
2011 1289 2030 1357 i
2065 1290 2125 1359 le
2156 1290 2265 1368 sit,
2311 1311 2515 1379 quem
2564 1301 2634 1359 tu
2673 1288 3128 1378 contemptim

574 1391 926 1448 mortuum
974 1376 1325 1446 hominem
1377 1377 1713 1469 appellas,
1753 1400 1999 1469 nempe
2041 1378 2351 1448 Christus
2401 1377 2590 1447 filius
2629 1378 2744 1447 Dei
2793 1377 2951 1457 vivi,
2993 1377 3130 1446 mi-

574 1466 784 1553 hique
834 1467 898 1533 in
951 1467 1102 1555 ejus
1148 1465 1340 1535 cultu
1389 1480 1455 1536 et
1483 1469 1915 1538 veneratione
1962 1489 2320 1538 assensum
2376 1467 2758 1623 praeberes.
2814 1470 2970 1556 Ipse
3017 1469 3129 1535 es't

572 1556 756 1625 enim
787 1558 1016 1644 Agnus
1044 1555 1182 1637 Dei,
1234 1556 1356 1643 qui
1397 1556 1568 1626 tollit
1604 1568 1879 1647 peccata
1922 1556 2239 1625 mundi.»
2271 1561 2370 1645 Hy
2402 1577 2478 1624 as
2517 1555 2713 1624 dixit:
2756 1559 2841 1622 «E
2893 1576 2933 1623 o
2967 1575 3130 1623 vero

492 1650 498 1656 ’
575 1643 717 1713 scio
755 1643 1098 1713 Christum
1139 1645 1351 1726 hunc,
1395 1666 1607 1732 quem
1661 1660 1735 1716 tu
1768 1651 1978 1715 Deum
2020 1645 2217 1724 dicis,
2264 1646 2474 1735 jussu
2522 1644 2717 1714 Pilati
2754 1644 2820 1712 in
2907 1643 3131 1712 udaea
3180 1686 3185 1690 -

573 1733 664 1801 fla
716 1732 869 1802 ellis
901 1752 1178 1802 caesum
1228 1746 1291 1803 et
1337 1734 1526 1803 cruci
1560 1734 2059 1823 adjudicatum.
2115 1747 2318 1822 atque
2367 1734 2433 1802 in
2487 1733 2710 1823 ipsam
2766 1754 3045 1802 crucem
3089 1754 3132 1800 a

572 1756 855 1891 suffaeis
903 1835 967 1891 et
999 1821 1196 1890 Pilati
1238 1822 1575 1892 ministris
1612 1822 2015 1893 suffixum.»
2066 1826 2361 1893 Sanctus
2405 1822 2601 1891 Vltus
2650 1822 2782 1890 ait:
2830 1845 2853 1884 ι
2891 1826 2973 1890 Ut
3021 1842 3133 1889 as-

576 1911 776 1991 seriS,
828 1922 1043 1999 pater,
1098 1911 1190 1980 ita
1237 1922 1359 1981 est:
1415 1911 1528 1981 sed
1567 1912 1776 2002 hujus
1825 1911 1920 1981 rei
1956 1932 2286 2001 magnum
2337 1922 2439 1980 est
2470 1923 2536 1979 et
2569 1909 2981 1979 admirabile
3016 1932 3133 1978 sa-

577 2020 917 2085 crumque
965 1999 1444 2099 mysterium.»
1494 1999 1706 2090 Hylas
1735 2000 1927 2070 dixit:
1983 2005 2384 2083 «Quantum
2434 1998 2519 2069 ad
2564 2000 2784 2090 ipsam
2839 2019 2980 2068 rem
3026 2010 3132 2069 at-

576 2087 769 2169 tinet,
823 2087 1241 2178 supplicium
1281 2088 1534 2160 rectius
1560 2089 1837 2170 dixeriS,
1868 2110 2075 2176 quam
2121 2088 2598 2178 mysterium.»
2646 2092 2709 2156 S.
2765 2087 2958 2157 Vitus
2987 2087 3124 2156 ait:

585 2199 613 2240 ι
659 2176 995 2245 Patienter
1032 2176 1191 2246 audi
1231 2190 1443 2266 pater,
1495 2190 1560 2247 et
1606 2179 1908 2248 veritatis
1962 2178 2235 2268 suscipe
2286 2177 2643 2247 rationem.
2702 2175 3003 2245 Traditio
3062 2188 3132 2245 et

581 2265 937 2335 crucifixio
989 2270 1156 2334 Jesu
1207 2266 1455 2336 Christi
1504 2267 1772 2337 Domini
1824 2267 2060 2347 nostri,
2120 2265 2498 2356 redemptio
2545 2278 2611 2335 et
2656 2265 2846 2335 salus
2895 2278 3130 2334 nostra

579 2365 702 2422 est.
748 2357 794 2422 A
843 2353 1044 2444 cujus
1113 2353 1467 2436 charitate,
1523 2355 1705 2443 quod
1762 2367 1825 2424 te
1861 2355 2324 2425 certissimum
2376 2354 2628 2424 habere
2674 2353 2869 2433 volo,
2922 2374 3130 2422 nemo

579 2463 690 2512 me
730 2464 1035 2530 unquam
1073 2464 1511 2533 quacumque
1539 2444 1906 2516 afflictione
1957 2443 2199 2536 poterit
2247 2465 2631 2535 separare.»

668 2533 716 2695 ἱ
755 2537 843 2603 2.
899 2532 1090 2603 Multi
1141 2554 1294 2602 vero
1341 2535 1524 2603 caeci
1574 2556 1697 2625 per
1746 2536 2018 2605 beatum
2043 2534 2267 2603 Vitum
2318 2533 2555 2603 divina
2601 2532 2823 2622 gratia
2862 2531 3130 2600 illumi-

579 2641 667 2689 na
721 2633 948 2701 antur,
995 2620 1194 2690 multi
1245 2621 1675 2692 sanabantur
1708 2623 2004 2714 aegroti:
2044 2622 2159 2691 sed
2192 2634 2257 2691 et
2290 2622 2506 2692 multa
2562 2620 2925 2691 daemonia
2967 2641 3133 2690 voce

578 2708 862 2799 publica
908 2708 1101 2778 illius
1149 2709 1456 2800 preclara
1489 2712 1731 2780 merita
1760 2711 2170 2780 fatebantur.
2211 2711 2338 2781 Ubi
2388 2711 2556 2781 haec
2607 2708 2883 2780 rescivit
2929 2708 3127 2777 Vale-

577 2797 820 2868 rianus
866 2803 1167 2879 PraeseS‚
1222 2798 1468 2869 sedens
1517 2822 1642 2889 pro
1691 2799 2047 2880 tribunali,
2102 2811 2361 2890 patrem
2418 2799 2596 2871 beati
2645 2798 2777 2868 Viti
2823 2796 2933 2866 his
2976 2818 3151 2867 ver--

578 2886 689 2955 bis
736 2907 964 2956 coram
1003 2886 1330 2956 omnibus
1371 2888 1775 2979 compellat:
1829 2894 2033 2959 «Jam
2067 2889 2270 2958 certis
2300 2889 2383 2957 ad
2429 2909 2537 2957 me
2586 2886 2864 2957 nunciis
2900 2885 3132 2955 adfer-

581 2986 718 3055 tur,
773 2975 942 3064 Hyla
991 2975 1096 3043 vir
1129 2975 1619 3059 illustrissime,
1674 3000 1716 3047 a
1754 2976 1897 3048 filio
1937 2989 2054 3047 tuo
2093 2976 2500 3051 crucifixum
2538 2976 2762 3056 illum,
2815 2996 3020 3063 quem
3054 2975 3130 3043 in

580 3063 848 3133 Judaea
881 3085 1189 3155 passum,
1229 3064 1573 3135 Christum
1608 3067 1760 3157 ejus
1791 3065 2090 3137 cultores
2129 3066 2515 3146 nominant,
2563 3075 2698 3134 tota
2749 3064 2966 3134 animi
3013 3062 3134 3132 de-

582 3153 853 3222 votione
903 3152 1033 3222 coli
1081 3164 1148 3222 et
1178 3152 1474 3235 adorari,
1515 3154 1814 3241 deosque
1841 3168 2107 3225 nostros
2153 3154 2530 3223 contemni.
2563 3159 2799 3241 Itaque
2829 3153 3129 3244 dignum

579 3239 906 3311 ducimus
939 3240 1138 3310 illum
1174 3242 1424 3313 nostris
1469 3244 1954 3333 conspectibus
1999 3242 2331 3312 exhiberi.
2373 3267 2398 3305 ιι
2423 3248 2790 3331 Postquam
2827 3263 2991 3331 ergo
3021 3263 3131 3310 ve-

581 3329 912 3400 nerabilis
952 3352 1125 3420 puer
1157 3330 1347 3402 Vitus
1394 3332 1482 3401 ad
1531 3332 1835 3402 tribunal
1869 3329 2210 3402 Praesidis
2256 3331 2598 3402 adductus
2645 3344 2766 3411 est,
2821 3330 2995 3399 dixit
3039 3329 3129 3399 ad

578 3439 738 3488 eum
789 3417 1214 3489 Valerianus:
1246 3424 1523 3503 «Quare
1548 3420 1685 3491 diis
1710 3419 2224 3491 immortalibus
2259 3442 2394 3490 non
2431 3419 2837 3490 sacrificas?
2874 3423 2970 3488 An
2996 3440 3130 3487 ne-

584 3506 723 3577 scis
769 3507 1122 3597 principes
1151 3521 1418 3580 nostros
1446 3509 1766 3600 jussisse,
1798 3520 1873 3579 ut
1921 3510 1976 3579 si
2011 3509 2171 3596 quis
2212 3522 2520 3601 repertus
2561 3509 2651 3579 sit
2688 3507 3131 3577 cultorillius

574 3596 890 3666 Crucifixi
927 3652 942 3677 ,
995 3596 1283 3669 diversis
1328 3598 1567 3687 poenis
1613 3599 2201 3669 interficianturt»
2233 3605 2478 3670 Beatus
2521 3599 2711 3669 Vitus
2746 3653 2761 3680 ‚
2818 3596 3129 3687 repletus

578 3685 840 3774 Spiritu
888 3690 1159 3769 Sancto,
1214 3707 1339 3756 nec
1387 3687 1758 3777 quicquam
1796 3688 2171 3789 trepidam,
2226 3710 2474 3776 neque,
2499 3698 2576 3757 ut
2622 3699 2723 3757 est
2776 3685 2879 3755 illi
2927 3684 3133 3754 aetati

577 3772 943 3855 familiare,
982 3773 1128 3844 ulla
1180 3772 1271 3859 de,
1313 3797 1392 3845 se
1450 3775 1715 3847 timoris
1762 3777 2020 3847 indicia
2085 3778 2444 3867 praebenS,
2497 3797 2657 3847 cum
2713 3774 2956 3844 Christi
3000 3773 3135 3843 filii

577 3861 696 3931 Dei
728 3862 1008 3953 signum
1059 3863 1522 3955 expressisset,
1561 3866 1655 3936 ita
1704 3866 2081 3956 respondit:
2120 3889 2157 3932 «
2186 3870 2326 3958 Ego
2365 3864 2822 3936 daemonibus
2854 3884 2991 3932 non
3022 3883 3137 3931 as-

576 3950 856 4032 sentior,
905 3973 1123 4039 neque
1171 3953 1618 4044 sculptilibus
1665 3955 1881 4025 ullam
1935 3955 2439 4024 venerationem
2491 3953 2842 4043 impendo.
2897 3951 3134 4022 Habeo

572 4039 759 4109 enim
802 4041 914 4111 Dei
966 4040 1214 4111 Filium
1259 4048 1470 4113 Deum
1513 4042 1771 4125 vivum,
1826 4044 1940 4114 cui
1997 4043 2295 4114 fideliter
2343 4044 2550 4114 servit
2602 4042 2840 4112 anima
2883 4062 3062 4129 mea.
3101 4065 3131 4101 π

575 4132 767 4199 Tunc
816 4129 1028 4220 Hylas
1074 4143 1269 4221 pater
1313 4132 1464 4222 ejus
1493 4131 1788 4224 ejulanS,
1830 4154 2083 4225 magna
2115 4153 2277 4204 voce
2316 4132 2487 4203 dixit
2520 4131 2605 4202 ad
2641 4131 2903 4202 amicos
2941 4151 3133 4199 suos:

576 4239 613 4283 «
643 4218 952 4309 Plangite
971 4240 1227 4306 quaeso
1259 4242 1555 4303 mecum,
1582 4221 1746 4309 quia
1773 4221 1968 4292 video
1999 4221 2222 4312 perire
2245 4221 2534 4292 unicum
2566 4219 2791 4301 fitium
2815 4239 3127 4288 meum.»

578 4309 649 4375 S.
702 4307 893 4378 vitus
931 4308 1139 4378 dixit:
1195 4333 1230 4376 «
1281 4315 1423 4379 Non
1459 4331 1659 4400 pereo
1691 4332 1879 4393 sane,
1934 4310 1993 4380 si
2041 4309 2111 4378 in
2147 4309 2747 4402 congregationem
2773 4307 3132 4399 justorum

576 4392 780 4467 liceat
826 4395 1171 4488 ingredi.»
1212 4397 1617 4470 Valerianus
1651 4398 1787 4469 ait:
1840 4421 1877 4466 «
1906 4397 2237 4472 Nobilitas
2269 4399 2542 4492 generis
2570 4398 2669 4471 tui
2715 4409 2782 4468 et
2818 4395 3130 4467 amicitia
