3357 4995
204 360 429 429 JUNII
476 361 564 427 26
783 378 863 426 nn
908 377 1003 426 ss.
1051 376 1317 438 sommi,
1370 377 1571 427 muro
1619 378 1695 429 nr
1740 378 1982 427 came.
2036 379 2150 427 uu.
2531 362 2649 428 58⁴

209 462 526 556 exemplo
573 463 895 535 docentes
939 463 1296 534 verissime
1341 464 1595 535 dixisse
1640 465 2062 555 Apostolum,
2117 466 2598 556 Quitempcum
2629 469 2758 537 Dei

208 555 591 634 violaverit,
626 552 960 643 disperdet
987 555 1188 623 illum
1218 556 1533 623 Dominus
1560 554 1656 655 (l.
1697 558 1844 625 Cor.
1882 553 2009 644 ιιι).
2065 553 2319 624 Deinde
2352 574 2488 622 non
2525 553 2751 624 solum

209 641 543 711 ecclesiae
573 653 638 711 et
665 641 1059 713 monasterii
1090 641 1380 733 ejusque
1411 642 1847 714 officinarum
1878 642 2190 713 omnium
2220 643 2463 711 ruinae
2492 643 2756 712 instau-

209 742 398 800 ratae
444 742 630 812 sunt,
666 729 787 800 sed
834 730 1036 800 etiam
1080 729 1372 820 collapsi
1419 752 1667 809 mores,
1721 743 1788 801 et
1833 731 2123 802 fratrum
2156 744 2361 819 atque
2396 730 2755 822 religionis

212 840 512 910 magnus
542 818 872 901 defectuS,
931 820 1219 890 Domino
1267 819 1553 902 favente,
1590 820 1661 889 in
1716 820 1965 890 melius
2014 819 2384 890 reformata
2431 832 2615 890 sunt.

1160 1119 1815 1201 MARTYRIUM

891 1346 1029 1449 SS.
1088 1346 1519 1448 JOANNlS
1585 1347 1710 1447 ΕΤ
1777 1344 2091 1447 PAULI

692 1566 1058 1646 ITEMQUE
1106 1566 1530 1633 GALLICANI
1578 1566 1755 1632 VIRI
1805 1565 2270 1632 CLARISSIMI

218 1784 261 1830 Α
308 1781 700 1831 TERRNHANO
746 1781 1197 1832 consculptum.
1251 1782 1680 1832 consumtum
1734 1782 2184 1840 Annoulssma
2230 1781 2710 1831 MARTYROLOGIA
2737 1783 2766 1828 :·

303 1889 427 1939 Ano
473 1888 811 1939 EPISCOPUS
858 1890 1149 1938 numm
1196 1890 1345 1939 mus
1393 1887 1639 1937 PARTEM
1688 1890 1847 1938 mm:
1884 1891 1966 1936 An
2003 1890 2255 1938 vunnu!
2285 1890 2488 1939 naum·
2527 1891 2592 1939 IN
2633 1888 2753 1938 SUO

300 1996 802 2045 MARTYROLOGIO.
853 1996 973 2045 Nos
1020 1996 1291 2054 ALIQUOT
1335 1995 1495 2059 Loca
1543 1996 1853 2046 NONmmL
1898 1975 2351 2044 szAvlszff

1287 2212 1486 2270 Auno
1527 2214 1671 2268 362.

315 2413 352 2501 §
398 2418 476 2484 1.
532 2412 673 2481 Sub
721 2412 1161 2483 Constantino
1208 2416 1534 2505 AugustO,
1566 2424 1632 2481 et
1665 2411 2017 2482 Gallicano
2058 2416 2238 2481 Duce
2259 2411 2549 2481 Romani
2570 2433 2756 2480 exer-

222 2500 423 2581 citus,
480 2505 839 2571 Persarum
890 2523 1060 2592 gens
1095 2523 1274 2589 quae
1324 2502 1592 2592 Syriam
1642 2502 2008 2583 invaserat,
2060 2501 2237 2570 victa
2281 2513 2348 2570 et
2447 2500 2759 2591 rofligata

218 2601 360 2661 cst:
413 2611 712 2679 cumque
742 2589 921 2660 idem
958 2590 1355 2661 Gallicanus
1414 2589 1961 2681 triumphalibus
2012 2589 2252 2659 infulis
2304 2522 2747 2671 sublimatus

219 2691 543 2769 acceptus
588 2691 766 2749 esset
812 2682 1115 2770 Augusto
1163 2679 1606 2749 Constantino
1651 2692 1718 2749 et
1762 2679 2042 2757 charus,
2080 2677 2294 2748 filiam
2327 2679 2478 2769 ejus
2526 2700 2757 2749 sacra-

215 2766 555 2838 tissimam
589 2768 926 2858 virginem
970 2767 1432 2837 Constantiam
1482 2767 1614 2838 sibi
1646 2768 1968 2858 poscebat
2003 2789 2326 2837 uxorem:
2373 2765 2582 2854 idque
2614 2788 2753 2836 non

216 2855 546 2925 mediocri
581 2855 906 2926 instantia
957 2869 1099 2926 tum
1129 2855 1571 2948 efflagitabat,
1598 2878 1759 2927 cum
1801 2878 1970 2947 gens
1998 2856 2316 2947 Scythica
2338 2877 2516 2944 quae
2545 2855 2756 2925 Thra-

219 2943 398 3014 ciam
433 2957 907 3035 occupaverat,
960 2944 1353 3015 immineret
1389 2944 1480 3014 *⁴5
1516 2950 1594 3014 Et
1623 2945 1790 3033 quia
1842 2966 2092 3035 magna
2138 2956 2282 3014 erat
2320 2944 2748 3025 auctoritate,

221 3032 512 3103 Comites
539 3053 780 3104 omnes
824 3044 890 3103 et
936 3033 1260 3104 Praefecti
1308 3055 1467 3103 cum
1519 3034 1843 3104 universo
1889 3033 2146 3124 populo
2181 3039 2511 3114 Romano,
2551 3045 2627 3103 ut
2683 3031 2753 3102 id

218 3120 433 3203 fieret,
468 3122 930 3213 postulabant.
967 3123 1455 3193 Constantinus
1477 3144 1630 3192 vero
1653 3127 2000 3214 Augustus
2020 3143 2271 3212 magno
2287 3123 2511 3212 coepit
2535 3120 2755 3191 animi

216 3208 452 3281 dolore
484 3210 692 3291 affici,
728 3210 909 3299 quod
946 3211 1152 3282 sciret
1181 3210 1394 3280 filiam
1446 3233 1642 3281 suam
1694 3212 1765 3281 in
1815 3222 2055 3281 sancto
2088 3211 2437 3301 proposito
2467 3230 2754 3281 manen-

219 3310 381 3381 tem,
435 3299 709 3370 facilius
738 3298 960 3370 occidi
1010 3321 1232 3391 posse,
1274 3321 1482 3387 quam
1537 3300 1743 3370 vinci.
1780 3304 1967 3382 Quae
1998 3321 2157 3369 cum
2199 3299 2413 3390 patris
2446 3299 2754 3369 solicitu-

219 3386 452 3457 dinem
505 3389 734 3459 studio
763 3389 1142 3459 sanctitatis
1174 3400 1539 3459 conaretur
1581 3388 1968 3471 excludere,
2021 3387 2191 3458 dixit
2237 3387 2323 3457 ad
2373 3409 2568 3458 eum:
2618 3410 2653 3454 «
2684 3387 2756 3457 Si

214 3476 678 3547 certissimum
729 3499 862 3547 non
913 3476 1263 3559 haberem,
1323 3476 1508 3566 quod
1561 3500 1670 3549 me
1720 3478 2155 3548 nondeserat
2203 3480 2404 3558 Deus,
2462 3488 2641 3546 recte
2688 3487 2756 3544 et

213 3563 570 3635 formidini
618 3586 832 3645 meae,
883 3578 951 3636 et
996 3565 1423 3638 solicitudini
1470 3579 1627 3636 tuae
1675 3566 1873 3637 locus
1918 3565 2174 3654 aliquis
2220 3564 2525 3635 daretur.
2579 3567 2749 3634 Cum

214 3675 371 3724 vero
418 3665 601 3725 certa
628 3654 756 3724 sim
786 3653 869 3725 de
899 3659 1030 3724 Deo
1056 3676 1230 3736 meo,
1269 3677 1445 3746 pone
1482 3667 1677 3746 pater
1704 3676 1982 3726 ornnem
2017 3654 2196 3724 hanc
2235 3652 2753 3725 solicitudinem

217 3754 429 3824 tuam,
484 3754 683 3830 teque
729 3763 839 3812 me
879 3742 981 3812 illi
1017 3744 1384 3834 conjugem
1433 3742 1762 3814 daturum
1814 3743 2156 3834 promitte,
2208 3764 2289 3812 ea
2329 3740 2748 3821 conditione,

214 3843 293 3899 ut
336 3831 396 3900 si
447 3830 854 3921 Scytharum
904 3844 1170 3923 gentem
1222 3834 1669 3924 superaverit,
1722 3853 1832 3902 me
1878 3832 2090 3901 victor
2137 3830 2448 3901 simulet
2495 3830 2752 3900 Consul

218 3919 549 4010 accipiat:
590 3941 794 4011 porro
832 3920 1227 4012 sponsionis
1254 3920 1468 4012 hujus
1504 3922 1729 4013 gratia
1773 3920 1950 3991 duas
1997 3919 2178 3992 filias
2210 3919 2535 4010 virgineS,
2572 3939 2756 4007 quas

217 4026 296 4075 ex
325 4008 579 4079 amissa
624 4008 922 4101 conjuge
953 4009 1279 4101 suscepit,
1331 4032 1552 4098 usque
1599 4009 1686 4079 ad
1727 4010 2129 4101 nuptiarum
2178 4007 2361 4078 diem
2410 4006 2598 4099 apud
2647 4028 2756 4107 me

216 4115 368 4195 esse
418 4096 638 4168 sinat:
705 4112 909 4186 atque
980 4098 1128 4189 ipse
1185 4099 1530 4169 Joannem
1587 4104 1754 4170 Prae
1805 4099 2060 4170 ositum
2121 4109 2188 4168 et
2248 4097 2538 4168 Paulum
2608 4099 2759 4165 Pri-

223 4183 581 4254 micerium
645 4208 876 4258 meum
926 4186 1113 4278 apud
1174 4209 1248 4258 sc
1310 4186 1596 4258 comiter
1658 4187 1749 4257 ha
1796 4199 1947 4258 cat:
2005 4199 2084 4258 ut
2139 4198 2207 4256 et
2263 4186 2413 4278 ipse
2461 4206 2571 4256 me
2636 4205 2760 4275 per

269 4383 297 4410 ⁰
325 4380 466 4442 rnlsq
482 4382 705 4425 dicuntur
720 4393 807 4436 per
824 4385 1161 4427 'ravennatum
1181 4385 1359 4436 script·
1374 4385 1489 4427 Act·
1507 4386 1638 4431 huc.
1655 4385 1739 4427 ned
1756 4385 1956 4428 dicendo
1982 4385 2096 4428 sunt
2125 4384 2410 4427 Terentiano
2439 4384 2687 4429 resonate.
2714 4383 2768 4425 et

219 4436 276 4478 ab
294 4436 516 4485 imperito
537 4436 874 4487 interpolatore
893 4436 1068 4479 tradit·
1084 4436 1274 4479 littei-tn.

270 4489 326 4518 *Φ
355 4492 489 4530 Anno
512 4489 681 4531 mcum
699 4491 956 4533 sarmatica
975 4501 1061 4534 nou
1081 4492 1300 4542 seyme:
1314 4491 1519 4543 irrupt-to
1538 4500 1765 4534 cccxxxix.
