3357 4995
678 312 806 375 388
1298 327 1374 373 ns
1423 327 1476 372 s.
1534 325 1821 373 annnam:
1868 324 2161 373 misnensi
2211 325 2404 371 EPISC.
2779 306 2996 371 JUNIl
3052 309 3142 371 46

576 414 1011 496 vehementer
1058 411 1530 488 collaudatus,
1577 412 1740 479 etin
1793 410 2170 478 amicitiam
2223 432 2359 478 non
2411 408 2764 498 vulgarem
2817 422 3142 498 receptus

575 516 698 573 est.
743 507 992 570 Ferunt
1022 513 1375 569 constante
1402 499 1630 568 adhuc
1664 498 1871 575 fama,
1913 499 2273 568 abeuntem
2307 497 2535 567 claves
2567 497 2900 568 ecelesiae
2934 499 3140 569 Miss-

577 591 813 660 nensis
877 589 1150 660 duobus
1204 589 1634 658 commisisse
1684 588 2015 657 fratribus
2074 587 2224 658 suis
2276 587 2676 668 Canonicis,
2713 599 2786 656 ut
2844 587 2904 655 si
2952 593 3143 677 Rege

579 679 1191 758 excommunicatO,
1245 677 1319 745 hi
1366 678 1486 763 qui
1523 699 1810 748 suarum
1869 676 2165 776 partium
2216 690 2440 745 essent
2498 673 2598 746 ab
2634 675 2964 746 ecclesiae
3027 676 3142 744 in-

628 790 822 838 ressu
872 789 1008 836 non
1060 780 1191 835 tem
1249 780 1539 844 erarent,
1596 768 1931 836 obseratis
1971 765 2232 853 januis,
2286 787 2401 834 eas
2442 766 2511 832 in
2563 763 2781 833 Albim
2835 764 3141 834 fluvium

629 857 974 947 ejicerent.
1029 861 1175 937 Quo
1248 867 1335 924 et
1384 855 1639 924 sactum
1689 867 1810 924 est.
1869 860 2032 923 Nam
2085 855 2153 922 in
2191 854 2372 923 dicto
2423 853 2723 923 Concilio
2786 859 2923 923 Rex
2975 875 3143 943 pro-

577 959 728 1036 pter
774 945 1281 1014 contumaciam
1325 966 1520 1012 suam
1565 965 1725 1013 eum
1762 943 2089 1011 omnibus
2119 942 2580 1032 complicibus
2659 942 2796 1010 ravi
2849 943 3138 1012 anathe-

578 1049 760 1104 mate
812 1054 1185 1124 percussus
1235 1046 1358 1101 est:
1412 1044 1476 1100 et
1536 1031 1959 1120 synodaliter
1998 1031 2394 1111 decretum,
2461 1053 2541 1099 ne
2639 1031 2921 1121 einceps
3001 1029 3135 1100 ulli

580 1124 942 1192 hominum
1019 1122 1246 1190 liceret
1296 1122 1584 1189 vendere
1632 1122 1732 1188 vel
1784 1142 2010 1189 emere
2079 1142 2558 1208 quascumque
2628 1119 3140 1190 ecclesiasticas

580 1213 989 1301 dignitates:
1044 1211 1165 1297 qui
1215 1210 1497 1278 morbus
1545 1222 1711 1278 tunc
1763 1209 2142 1298 plurimum
2193 1209 2582 1298 irrepserat,
2626 1230 2758 1277 non
2816 1221 2972 1277 tam·
3007 1214 3141 1277 Re—

580 1303 685 1390 gis
735 1302 957 1390 ipsius
991 1299 1419 1387 magnanimi
1453 1298 1736 1383 alioqui,
1773 1311 1837 1366 et
1868 1298 2057 1366 omni
2101 1298 2536 1387 imperatoria
2567 1296 2811 1365 virtute
2842 1297 3145 1388 praediti

583 1391 735 1470 viri,
789 1409 998 1475 quam
1050 1388 1437 1456 aulicorum
1490 1410 1776 1456 suorum
1827 1387 2158 1462 avaritia,
2213 1399 2275 1454 et
2316 1386 2846 1455 candidatorum
2911 1385 3143 1456 ambi-

587 1479 793 1547 tione.
840 1478 906 1546 Id
961 1476 1141 1561 quod
1186 1498 1262 1543 ex
1315 1476 1622 1562 sequenti
1674 1476 1897 1564 capite
1944 1476 2109 1543 satis
2142 1497 2487 1565 superque
2526 1474 2932 1544 ostenditur.

673 1573 709 1652 ξ
763 1572 913 1638 25.
974 1565 1416 1635 Beatissimus
1467 1578 1697 1632 noster
1735 1577 1924 1654 pater
1972 1569 2235 1643 Benno,
2290 1563 2622 1652 expeditis
2671 1563 2851 1652 apud
2907 1564 3143 1631 Ponti—

589 1656 791 1724 ficem
835 1654 1176 1722 Ecclesiae
1224 1675 1389 1722 suae
1431 1654 1743 1742 negotiiS,
1802 1652 2033 1722 relicta
2067 1652 2342 1721 tandem
2396 1656 2633 1731 Roma,
2689 1673 2811 1741 per
2847 1650 3140 1719 declivia
3179 1680 3184 1684 ·

588 1743 1125 1833 ApenniniJ'uga
1154 1797 1168 1821 ,
1216 1764 1336 1832 per
1382 1764 1670 1811 amoena
1723 1740 2097 1809 Flaminiae
2135 1763 2319 1821 rura,
2380 1763 2496 1830 per
2544 1752 2875 1830 angustas
2912 1740 3143 1808 Rhae-

587 1833 879 1901 ticarum
937 1831 1203 1920 Alpium
1243 1832 1497 1908 i'auceS,
1536 1828 1924 1899 Vindelicos
1963 1830 2379 1916 Noricosque
2436 1831 2800 1908 transiens,
2847 1827 2928 1896 ad
2966 1828 3141 1895 civi—

585 1934 789 1989 tatem
848 1942 1043 1988 suam
1102 1920 1544 1990 Missnensem
1619 1919 2135 2008 pretiosissimis
2206 1918 2518 2005 reliquiis
2570 1931 2633 1987 et
2683 1917 3141 2007 indulgentiis

586 2022 878 2079 onustus
927 2008 1216 2077 feliciter
1264 2008 1593 2098 pervenit.
1660 2013 1751 2075 Ne
1798 2020 2024 2075 autem
2078 2007 2210 2076 sub
2261 2009 2565 2096 primum
2616 2006 2838 2096 ipsius
2887 2006 3144 2074 adven-

587 2113 733 2167 tum
784 2098 1023 2166 civitas
1053 2109 1620 2172 commoveretur,
1664 2118 1831 2165 neve
1864 2095 1965 2163 illi
1997 2094 2239 2164 Clerus·
2278 2117 2435 2165 cum
2487 2094 2686 2164 solita
2717 2094 3138 2163 ferculorum

585 2209 839 2277 pompa
891 2187 960 2255 in
1011 2207 1375 2255 occursum
1483 2184 1846 2264 rocederet,
1902 2185 2033 2254 sub
2085 2185 2425 2274 peregrini
2478 2185 2702 2273 specie
2765 2183 2847 2252 ad
2901 2183 3143 2273 hospi-

586 2277 759 2344 tium
819 2274 1181 2366 publicum
1233 2208 1561 2342 omniiius
1639 2273 1918 2361 ignotus
1967 2272 2272 2342 divertit..
2319 2279 2693 2341 Memorant
2738 2272 3002 2341 incolae
3069 2272 3143 2341 in

590 2363 1003 2433 hodiernum
1063 2385 1283 2448 usque
1317 2362 1526 2443 diem,
1569 2362 1942 2450 hospitem,
1999 2360 2164 2430 dum
2219 2362 2564 2451 ingentem
2607 2361 2980 2447 quemdam
3033 2361 3141 2449 pi-

586 2475 768 2523 scem
821 2475 898 2521 ex
950 2452 1095 2522 Albi
1130 2451 1441 2530 flumine,
1498 2449 1736 2519 eadem
1776 2449 1943 2519 forte
1983 2450 2154 2520 liora
2203 2450 2486 2521 allatum
2544 2463 2933 2520 exenterare
2986 2471 3182 2521 coe-2

586 2544 824 2634 pisset‚
867 2542 997 2611 sub
1048 2541 1323 2610 brancis
1364 2541 1504 2610 sive
1535 2540 1781 2629 pennis
1819 2540 2065 2628 ipsiuS,
2110 2539 2365 2608 clavem
2402 2541 2732 2629 reperisse
2780 2538 3136 2615 ecclesiae.

583 2654 794 2718 quam
844 2630 1045 2699 divus
1098 2635 1324 2698 Benno
1351 2642 1501 2719 post
1535 2629 1798 2697 abitum
1849 2650 2053 2699 suum
2104 2629 2172 2696 in
2206 2629 2523 2698 eumdem
2561 2629 2849 2697 fluvium
2895 2629 3143 2718 projici

584 2721 1053 2789 mandaverat.
1103 2719 1309 2806 Cujus
1373 2720 1469 2786 rei
1506 2719 1700 2786 fama
1775 2739 1931 2785 cum
2001 2738 2155 2786 mox
2207 2729 2411 2786 totam
2467 2717 2791 2808 replesset
2845 2718 3089 2787 urbem
3121 2771 3136 2796 ,

586 2810 911 2879 Canonici
960 2808 1339 2897 praefatum
1385 2807 1763 2907 hospitium
1804 2817 2078 2895 repente
2129 2806 2426 2885 irruunt,
2473 2820 2538 2875 et
2566 2807 2876 2895 agnitum
2916 2818 3145 2896 pasto—

586 2921 732 2968 rem
784 2917 1014 2976 suum‚
1066 2895 1365 2964 maximo
1416 2908 1625 2964 totius
1664 2894 1864 2965 urbis
1891 2893 2163 2983 plausu,
2202 2895 2289 2962 ad
2339 2895 2696 2965 ecclesiam
2752 2916 2950 2964 suam
2977 2915 3143 2981 con-

486 3024 492 3031 ·
585 2982 1061 3066 ducunt.''Qui
1108 3007 1192 3073 po
1247 2983 1363 3053 ulo
1411 2985 1494 3052 de
1544 3005 1733 3052 more
1784 2983 2220 3063 benedicenS,
2275 3006 2314 3051 a
2364 2983 2565 3052 turba
2605 2983 2927 3069 usquein
2971 2981 3144 3051 alte-

585 3096 740 3144 rum
792 3074 974 3142 diem
1031 3074 1138 3141 vix
1221 3094 1452 3142 emum
1490 3093 1560 3141 se
1611 3072 1834 3161 potuit
1865 3071 2177 3140 avellere.
2252 3078 2444 3141 Mane
2496 3094 2648 3140 vero
2683 3071 2873 3139 nulla
2915 3084 3144 3139 tantae

583 3164 733 3231 viae
781 3161 1189 3232 lassitudine
1236 3161 1570 3240 obstante,
1630 3161 1790 3229 ilico
1860 3160 2205 3249 pastorale
2255 3161 2411 3229 fecit
2460 3160 2799 3238 officium,
2853 3172 2918 3228 et
2964 3159 3147 3229 inter

585 3250 1122 3323 sacrificandum
1166 3272 1290 3341 pro
1337 3251 1667 3319 concione
1717 3249 1980 3338 populo
2028 3249 2482 3339 Apostolicam
2527 3249 2880 3318 nunciavit
2933 3247 3146 3317 bene-

584 3340 958 3409 dictionem
1006 3351 1071 3407 et
1186 3340 1476 3408 ratiam:
1531 3359 1783 3423 eosque
1834 3340 1968 3423 qui
2016 3338 2102 3407 ob
2150 3338 2500 3407 vitandam
2553 3338 2759 3428 Regis
2811 3336 2961 3405 indi
3017 3360 3145 3406 na-

586 3430 865 3507 tionem,
920 3427 1020 3497 vel
1055 3363 1199 3496 solia
1233 3427 1758 3518 participatione
1791 3426 2118 3513 colloquii
2157 3426 2641 3499 ecclesiasticis
2689 3425 2969 3515 subjace
3021 3440 3145 3494 ant

585 3518 925 3597 censuriS,
983 3515 1190 3585 simul
1244 3538 1484 3585 omnes
1531 3537 1859 3585 concessa
1891 3516 2024 3586 sibi
2059 3528 2388 3607 potestate
2434 3515 2746 3596 absolvit,
2800 3527 2864 3583 et
2912 3514 3145 3584 Eccle-

586 3608 726 3677 siae
767 3604 1255 3674 reconciliavit.
2173 3670 2190 3687 ‚

674 3698 711 3782 ξ
762 3699 923 3766 ⁷18.
980 3699 1202 3775 Quare
1243 3692 1351 3762 vix
1403 3693 1540 3763 dici
1591 3706 1833 3780 queat,
1887 3703 2189 3779 quantus
2239 3693 2425 3764 brevi
2474 3692 2695 3763 sactus
2729 3692 2816 3762 sit
2846 3691 2929 3760 ad
2980 3714 3158 3763 eum·

585 3805 975 3854 concursus
1023 3804 1059 3851 e
1093 3782 1338 3851 vicinis
1387 3782 1663 3872 oppidis
1713 3804 1792 3850 ac
1844 3781 2147 3872 populis,
2200 3782 2321 3869 qui
2369 3804 2609 3852 omnes
2658 3803 2800 3851 uno
2833 3803 2949 3849 ore
3001 3780 3144 3850 cla—

586 3872 870 3941 mabant
906 3895 921 3936 2
956 3871 1297 3941 Advenisti
1329 3869 1835 3950 desiderabiliS,
1876 3892 2083 3957 quem
2118 3871 2649 3961 expectabamus
2690 3869 2760 3938 in
2812 3870 3138 3955 tenebriS,

585 3972 663 4031 ut
709 3960 1036 4031 educeres
1082 3960 1466 4029 vinculatos
1505 3959 1591 4028 de
1638 3958 1984 4029 claustris.
2021 3964 2176 4028 Erat
2224 3959 2409 4028 enim
2448 3980 2688 4029 eorum
2731 3981 2892 4050 pars
2928 3957 3144 4028 multo

585 4050 888 4119 maxima
921 4049 1658 4206 {communicationis
1710 4047 1987 4117 vinculo
2033 4046 2315 4128 irretita,
2372 4070 2546 4134 quos
2597 4047 2753 4137 pius
2803 4061 2997 4139 pater
3047 4046 3145 4117 fe-

590 4139 771 4207 stino
819 4138 900 4206 ad
1006 4137 1327 4207 eclesiam
1365 4159 1561 4206 suam
1615 4136 1874 4227 gaudio
1925 4136 2263 4205 reducens
2311 4135 2664 4224 suscepit:
2714 4149 2780 4206 et
2813 4149 3141 4223 tanquam
3199 4145 3205 4149 ’

589 4227 735 4297 filio
784 4227 951 4296 olim
1003 4226 1271 4327 perdito
1322 4225 1613 4296 vitulum
1666 4226 2103 4316 saginatum,
2156 4222 2287 4294 hoc
2347 4236 2449 4293 est
2498 4224 2828 4314 pinguem
2895 4223 3148 4294 Christi

589 4338 838 4408 panem
887 4316 1231 4416 (injuncta
1315 4315 1459 4384 rius
1496 4313 1946 4405 poenitentia)
1991 4311 2580 4383 sacramentaliter
2624 4312 2974 4384 exhibuit:
3008 4313 3146 4381 sic-

586 4427 721 4495 que
767 4404 1170 4497 perditionis
1221 4337 1400 4474 filios
1448 4404 1518 4472 in
1570 4402 1923 4475 electionis
1956 4423 2118 4473 vasa
2163 4400 2453 4473 feliciter
2516 4401 2870 4472 convertit.
2942 4401 3142 4472 Dedit
