<?xml version="1.0" encoding="UTF-8"?>
<!DOCTYPE html PUBLIC "-//W3C//DTD XHTML 1.0 Transitional//EN"
    "http://www.w3.org/TR/xhtml1/DTD/xhtml1-transitional.dtd">
<html xmlns="http://www.w3.org/1999/xhtml" xml:lang="en" lang="en">
 <head>
  <title>
</title>
<meta http-equiv="Content-Type" content="text/html;charset=utf-8" />
  <meta name='ocr-system' content='tesseract 3.04.00' />
  <meta name='ocr-capabilities' content='ocr_page ocr_carea ocr_par ocr_line ocrx_word'/>
</head>
<body>
  <div class='ocr_page' id='page_1' title='image "./historiaeseuvit02lippgoog_0278.png"; bbox 0 0 3357 4995; ppageno 0'>
   <div class='ocr_carea' id='block_1_1' title="bbox 591 269 3039 368">
    <p class='ocr_par' dir='ltr' id='par_1_1' title="bbox 591 269 3039 368">
     <span class='ocr_line' id='line_1_1' title="bbox 591 269 3039 368; baseline -0.002 0"><span class='ocrx_word' id='word_1_1' title='bbox 591 302 722 368; x_wconf 74' lang='lat'><strong>262</strong></span> <span class='ocrx_word' id='word_1_2' title='bbox 1330 320 1408 366; x_wconf 78' lang='lat' dir='ltr'><strong>nr.</strong></span> <span class='ocrx_word' id='word_1_3' title='bbox 1456 319 1512 367; x_wconf 90' lang='lat' dir='ltr'><strong>s.</strong></span> <span class='ocrx_word' id='word_1_4' title='bbox 1566 318 1859 368; x_wconf 72' lang='lat' dir='ltr'><strong>BARNABA</strong></span> <span class='ocrx_word' id='word_1_5' title='bbox 1906 316 2223 366; x_wconf 70' lang='lat' dir='ltr'><strong>Arosrono</strong></span> <span class='ocrx_word' id='word_1_6' title='bbox 2695 299 2916 365; x_wconf 82' lang='lat' dir='ltr'>JUNII</span> <span class='ocrx_word' id='word_1_7' title='bbox 2967 269 3039 364; x_wconf 73' lang='grc' dir='ltr'><strong><em>Π</em></strong></span> 
     </span>
    </p>
   </div>
   <div class='ocr_carea' id='block_1_2' title="bbox 505 397 3141 4398">
    <p class='ocr_par' dir='ltr' id='par_1_2' title="bbox 505 397 3059 1201">
     <span class='ocr_line' id='line_1_2' title="bbox 505 397 3049 491; baseline 0 -23"><span class='ocrx_word' id='word_1_8' title='bbox 505 400 656 491; x_wconf 90' lang='lat' dir='ltr'><strong>ipse</strong></span> <span class='ocrx_word' id='word_1_9' title='bbox 713 401 783 470; x_wconf 91' lang='lat' dir='ltr'><strong>in</strong></span> <span class='ocrx_word' id='word_1_10' title='bbox 826 400 976 471; x_wconf 91' lang='lat' dir='ltr'><strong>loco</strong></span> <span class='ocrx_word' id='word_1_11' title='bbox 1017 398 1134 469; x_wconf 90' lang='lat' dir='ltr'><strong>illo</strong></span> <span class='ocrx_word' id='word_1_12' title='bbox 1171 399 1509 469; x_wconf 88' lang='lat' dir='ltr'><strong>miracula</strong></span> <span class='ocrx_word' id='word_1_13' title='bbox 1554 399 1813 488; x_wconf 86' lang='lat' dir='ltr'><strong>efficit),</strong></span> <span class='ocrx_word' id='word_1_14' title='bbox 1840 412 1905 468; x_wconf 90' lang='lat' dir='ltr'><strong>et</strong></span> <span class='ocrx_word' id='word_1_15' title='bbox 1943 399 2075 469; x_wconf 92' lang='lat' dir='ltr'><strong>sub</strong></span> <span class='ocrx_word' id='word_1_16' title='bbox 2124 397 2368 468; x_wconf 86' lang='lat' dir='ltr'><strong>arbore</strong></span> <span class='ocrx_word' id='word_1_17' title='bbox 2417 397 2674 485; x_wconf 84' lang='lat' dir='ltr'><strong>Siliqua</strong></span> <span class='ocrx_word' id='word_1_18' title='bbox 2726 397 3049 469; x_wconf 67' lang='lat' dir='ltr'><strong>effidias:</strong></span> 
     </span>
     <span class='ocr_line' id='line_1_3' title="bbox 509 485 3051 580; baseline -0.002 -20"><span class='ocrx_word' id='word_1_19' title='bbox 509 490 909 580; x_wconf 89' lang='lat' dir='ltr'><strong>speluncam</strong></span> <span class='ocrx_word' id='word_1_20' title='bbox 952 489 1137 557; x_wconf 89' lang='lat' dir='ltr'><strong>enim</strong></span> <span class='ocrx_word' id='word_1_21' title='bbox 1172 499 1373 575; x_wconf 89' lang='lat' dir='ltr'><strong>atque</strong></span> <span class='ocrx_word' id='word_1_22' title='bbox 1406 510 1639 558; x_wconf 89' lang='lat' dir='ltr'><strong>arcam</strong></span> <span class='ocrx_word' id='word_1_23' title='bbox 1692 488 2023 569; x_wconf 89' lang='lat' dir='ltr'><strong>invenies,</strong></span> <span class='ocrx_word' id='word_1_24' title='bbox 2060 487 2394 576; x_wconf 91' lang='lat' dir='ltr'><strong>quoniam</strong></span> <span class='ocrx_word' id='word_1_25' title='bbox 2441 485 2588 556; x_wconf 90' lang='lat' dir='ltr'><strong>illic</strong></span> <span class='ocrx_word' id='word_1_26' title='bbox 2628 498 2845 558; x_wconf 87' lang='lat' dir='ltr'><strong>toturn</strong></span> <span class='ocrx_word' id='word_1_27' title='bbox 2897 508 3051 556; x_wconf 93' lang='lat' dir='ltr'><strong>cor-</strong></span> 
     </span>
     <span class='ocr_line' id='line_1_4' title="bbox 509 575 3049 669; baseline -0.002 -21"><span class='ocrx_word' id='word_1_28' title='bbox 509 601 643 669; x_wconf 92' lang='lat' dir='ltr'><strong>pus</strong></span> <span class='ocrx_word' id='word_1_29' title='bbox 693 598 925 648; x_wconf 90' lang='lat' dir='ltr'><strong>meum</strong></span> <span class='ocrx_word' id='word_1_30' title='bbox 974 576 1334 647; x_wconf 90' lang='lat' dir='ltr'><strong>conditum</strong></span> <span class='ocrx_word' id='word_1_31' title='bbox 1372 586 1498 657; x_wconf 88' lang='lat' dir='ltr'><strong>est,</strong></span> <span class='ocrx_word' id='word_1_32' title='bbox 1535 591 1601 646; x_wconf 88' lang='lat' dir='ltr'><strong>et</strong></span> <span class='ocrx_word' id='word_1_33' title='bbox 1629 581 1812 646; x_wconf 91' lang='lat' dir='ltr'><strong>Evan</strong></span> <span class='ocrx_word' id='word_1_34' title='bbox 1905 576 2079 646; x_wconf 89' lang='lat' dir='ltr'><strong>lium</strong></span> <span class='ocrx_word' id='word_1_35' title='bbox 2117 598 2331 645; x_wconf 90' lang='lat' dir='ltr'><strong>manu</strong></span> <span class='ocrx_word' id='word_1_36' title='bbox 2368 575 2651 666; x_wconf 86' lang='lat' dir='ltr'><strong>propria</strong></span> <span class='ocrx_word' id='word_1_37' title='bbox 2685 576 3049 666; x_wconf 85' lang='lat' dir='ltr'><strong>scripturn,</strong></span> 
     </span>
     <span class='ocr_line' id='line_1_5' title="bbox 507 664 3054 757; baseline -0.001 -21"><span class='ocrx_word' id='word_1_38' title='bbox 507 667 693 754; x_wconf 91' lang='lat' dir='ltr'><strong>quod</strong></span> <span class='ocrx_word' id='word_1_39' title='bbox 742 690 782 737; x_wconf 90' lang='lat' dir='ltr'><strong>a</strong></span> <span class='ocrx_word' id='word_1_40' title='bbox 830 677 1066 736; x_wconf 91' lang='lat' dir='ltr'><strong>sancto</strong></span> <span class='ocrx_word' id='word_1_41' title='bbox 1099 664 1417 757; x_wconf 88' lang='lat' dir='ltr'><strong>Apostolo</strong></span> <span class='ocrx_word' id='word_1_42' title='bbox 1463 679 1527 736; x_wconf 91' lang='lat' dir='ltr'><strong>et</strong></span> <span class='ocrx_word' id='word_1_43' title='bbox 1575 670 1846 755; x_wconf 83' lang='lat' dir='ltr'><strong>Evange</strong></span> <span class='ocrx_word' id='word_1_44' title='bbox 1879 665 2006 734; x_wconf 88' lang='lat' dir='ltr'><strong>ista</strong></span> <span class='ocrx_word' id='word_1_45' title='bbox 2055 664 2388 735; x_wconf 85' lang='lat' dir='ltr'><strong>Matthaeo</strong></span> <span class='ocrx_word' id='word_1_46' title='bbox 2413 665 2672 755; x_wconf 80' lang='lat' dir='ltr'>excepi.</span> <span class='ocrx_word' id='word_1_47' title='bbox 2710 664 3054 748; x_wconf 79' lang='lat' dir='ltr'><strong>Quoniam</strong></span> 
     </span>
     <span class='ocr_line' id='line_1_6' title="bbox 508 753 3059 844; baseline -0 -21"><span class='ocrx_word' id='word_1_48' title='bbox 508 778 669 825; x_wconf 86' lang='lat' dir='ltr'><strong>vero</strong></span> <span class='ocrx_word' id='word_1_49' title='bbox 717 754 1095 826; x_wconf 90' lang='lat' dir='ltr'><strong>adversarii</strong></span> <span class='ocrx_word' id='word_1_50' title='bbox 1143 754 1245 825; x_wconf 87' lang='lat' dir='ltr'><strong>tui</strong></span> <span class='ocrx_word' id='word_1_51' title='bbox 1275 776 1555 825; x_wconf 88' lang='lat' dir='ltr'><strong>sursum</strong></span> <span class='ocrx_word' id='word_1_52' title='bbox 1605 767 1670 825; x_wconf 90' lang='lat' dir='ltr'><strong>et</strong></span> <span class='ocrx_word' id='word_1_53' title='bbox 1717 754 2040 824; x_wconf 88' lang='lat' dir='ltr'><strong>deorsum</strong></span> <span class='ocrx_word' id='word_1_54' title='bbox 2094 755 2460 825; x_wconf 84' lang='lat' dir='ltr'><strong>miscentes</strong></span> <span class='ocrx_word' id='word_1_55' title='bbox 2488 753 2748 834; x_wconf 91' lang='lat' dir='ltr'><strong>omnia,</strong></span> <span class='ocrx_word' id='word_1_56' title='bbox 2789 765 2856 824; x_wconf 92' lang='lat' dir='ltr'><strong>et</strong></span> <span class='ocrx_word' id='word_1_57' title='bbox 2890 753 3059 844; x_wconf 90' lang='lat' dir='ltr'><strong>jura</strong></span> 
     </span>
     <span class='ocr_line' id='line_1_7' title="bbox 507 841 3058 934; baseline -0.001 -20"><span class='ocrx_word' id='word_1_58' title='bbox 507 845 849 931; x_wconf 82' lang='lat' dir='ltr'>quaedam</span> <span class='ocrx_word' id='word_1_59' title='bbox 890 843 1315 934; x_wconf 81' lang='lat' dir='ltr'><strong>objicienteS,</strong></span> <span class='ocrx_word' id='word_1_60' title='bbox 1352 856 1577 914; x_wconf 90' lang='lat' dir='ltr'><strong>tecum</strong></span> <span class='ocrx_word' id='word_1_61' title='bbox 1628 843 2039 933; x_wconf 89' lang='lat' dir='ltr'><strong>disceptant,</strong></span> <span class='ocrx_word' id='word_1_62' title='bbox 2088 841 2484 913; x_wconf 87' lang='lat' dir='ltr'><strong>Antiochiae</strong></span> <span class='ocrx_word' id='word_1_63' title='bbox 2514 841 2747 912; x_wconf 89' lang='lat' dir='ltr'><strong>sedem</strong></span> <span class='ocrx_word' id='word_1_64' title='bbox 2777 847 3058 933; x_wconf 92' lang='lat' dir='ltr'><strong>Aposto-</strong></span> 
     </span>
     <span class='ocr_line' id='line_1_8' title="bbox 510 931 3059 1023; baseline -0.001 -20"><span class='ocrx_word' id='word_1_65' title='bbox 510 933 714 1003; x_wconf 90' lang='lat' dir='ltr'><strong>licam</strong></span> <span class='ocrx_word' id='word_1_66' title='bbox 765 954 916 1003; x_wconf 90' lang='lat' dir='ltr'><strong>esse</strong></span> <span class='ocrx_word' id='word_1_67' title='bbox 948 931 1464 1012; x_wconf 83' lang='lat' dir='ltr'><strong>contendentes,</strong></span> <span class='ocrx_word' id='word_1_68' title='bbox 1503 942 1570 1003; x_wconf 91' lang='lat' dir='ltr'><strong>et</strong></span> <span class='ocrx_word' id='word_1_69' title='bbox 1608 944 1685 1002; x_wconf 91' lang='lat' dir='ltr'><strong>tu</strong></span> <span class='ocrx_word' id='word_1_70' title='bbox 1731 944 1969 1002; x_wconf 91' lang='lat' dir='ltr'><strong>contra</strong></span> <span class='ocrx_word' id='word_1_71' title='bbox 1999 932 2121 1023; x_wconf 89' lang='lat' dir='ltr'><strong>jus</strong></span> <span class='ocrx_word' id='word_1_72' title='bbox 2167 944 2369 1001; x_wconf 91' lang='lat' dir='ltr'><strong>tuum</strong></span> <span class='ocrx_word' id='word_1_73' title='bbox 2419 931 2559 1001; x_wconf 91' lang='lat' dir='ltr'><strong>illis</strong></span> <span class='ocrx_word' id='word_1_74' title='bbox 2605 952 2942 1022; x_wconf 86' lang='lat' dir='ltr'><strong>opponas:</strong></span> <span class='ocrx_word' id='word_1_75' title='bbox 2979 936 3059 1000; x_wconf 89' lang='lat' dir='ltr'><strong>Et</strong></span> 
     </span>
     <span class='ocr_line' id='line_1_9' title="bbox 511 1019 3056 1111; baseline -0 -20"><span class='ocrx_word' id='word_1_76' title='bbox 511 1045 690 1104; x_wconf 90' lang='lat' dir='ltr'><strong>mea,</strong></span> <span class='ocrx_word' id='word_1_77' title='bbox 746 1022 1093 1108; x_wconf 90' lang='lat' dir='ltr'><strong>inquiens,</strong></span> <span class='ocrx_word' id='word_1_78' title='bbox 1151 1020 1358 1092; x_wconf 87' lang='lat' dir='ltr'><strong>Sedes</strong></span> <span class='ocrx_word' id='word_1_79' title='bbox 1404 1020 1791 1111; x_wconf 91' lang='lat' dir='ltr'><strong>Apostolica</strong></span> <span class='ocrx_word' id='word_1_80' title='bbox 1849 1034 1986 1092; x_wconf 89' lang='lat' dir='ltr'><strong>est:</strong></span> <span class='ocrx_word' id='word_1_81' title='bbox 2040 1042 2200 1092; x_wconf 89' lang='lat' dir='ltr'><strong>nam</strong></span> <span class='ocrx_word' id='word_1_82' title='bbox 2257 1033 2322 1090; x_wconf 91' lang='lat' dir='ltr'><strong>et</strong></span> <span class='ocrx_word' id='word_1_83' title='bbox 2382 1019 2784 1111; x_wconf 85' lang='lat' dir='ltr'><strong>Apostolum</strong></span> <span class='ocrx_word' id='word_1_84' title='bbox 2832 1020 3056 1091; x_wconf 90' lang='lat' dir='ltr'><strong>habeo</strong></span> 
     </span>
     <span class='ocr_line' id='line_1_10' title="bbox 511 1108 2292 1201; baseline -0.001 -22"><span class='ocrx_word' id='word_1_85' title='bbox 511 1113 580 1180; x_wconf 94' lang='lat' dir='ltr'><strong>in</strong></span> <span class='ocrx_word' id='word_1_86' title='bbox 618 1111 841 1201; x_wconf 90' lang='lat' dir='ltr'><strong>patria</strong></span> <span class='ocrx_word' id='word_1_87' title='bbox 891 1132 1066 1180; x_wconf 89' lang='lat' dir='ltr'><strong>mea.</strong></span> <span class='ocrx_word' id='word_1_88' title='bbox 1111 1110 1233 1179; x_wconf 87' lang='lat' dir='ltr'><strong>His</strong></span> <span class='ocrx_word' id='word_1_89' title='bbox 1282 1109 1508 1192; x_wconf 81' lang='lat' dir='ltr'><strong>dictis,</strong></span> <span class='ocrx_word' id='word_1_90' title='bbox 1554 1109 1906 1180; x_wconf 81' lang='lat' dir='ltr'><strong>Barnabas</strong></span> <span class='ocrx_word' id='word_1_91' title='bbox 1954 1108 2292 1179; x_wconf 82' lang='lat' dir='ltr'><strong>discessit.</strong></span> 
     </span>
    </p>

    <p class='ocr_par' dir='ltr' id='par_1_3' title="bbox 509 1196 3069 3136">
     <span class='ocr_line' id='line_1_11' title="bbox 597 1196 3057 1290; baseline -0.002 -17"><span class='ocrx_word' id='word_1_92' title='bbox 597 1203 634 1288; x_wconf 69' lang='grc' dir='ltr'><strong>ξ</strong></span> <span class='ocrx_word' id='word_1_93' title='bbox 685 1204 830 1272; x_wconf 67' lang='lat'><strong>22.</strong></span> <span class='ocrx_word' id='word_1_94' title='bbox 885 1200 1266 1290; x_wconf 87' lang='lat' dir='ltr'><strong>Episcopus</strong></span> <span class='ocrx_word' id='word_1_95' title='bbox 1323 1220 1484 1269; x_wconf 85' lang='lat' dir='ltr'><strong>vero</strong></span> <span class='ocrx_word' id='word_1_96' title='bbox 1543 1213 2019 1290; x_wconf 81' lang='lat' dir='ltr'><strong>experrectus,</strong></span> <span class='ocrx_word' id='word_1_97' title='bbox 2076 1203 2289 1267; x_wconf 90' lang='lat' dir='ltr'><strong>Deum</strong></span> <span class='ocrx_word' id='word_1_98' title='bbox 2354 1196 2706 1279; x_wconf 91' lang='lat' dir='ltr'><strong>adoravit,</strong></span> <span class='ocrx_word' id='word_1_99' title='bbox 2781 1209 3057 1285; x_wconf 87' lang='lat' dir='ltr'><strong>totoque</strong></span> 
     </span>
     <span class='ocr_line' id='line_1_12' title="bbox 509 1285 3057 1379; baseline -0.002 -20"><span class='ocrx_word' id='word_1_100' title='bbox 509 1289 695 1359; x_wconf 89' lang='lat' dir='ltr'><strong>clero</strong></span> <span class='ocrx_word' id='word_1_101' title='bbox 728 1302 794 1357; x_wconf 88' lang='lat' dir='ltr'><strong>et</strong></span> <span class='ocrx_word' id='word_1_102' title='bbox 842 1287 1100 1379; x_wconf 93' lang='lat' dir='ltr'><strong>populo</strong></span> <span class='ocrx_word' id='word_1_103' title='bbox 1134 1286 1381 1357; x_wconf 87' lang='lat' dir='ltr'><strong>Christi</strong></span> <span class='ocrx_word' id='word_1_104' title='bbox 1428 1288 1909 1358; x_wconf 89' lang='lat' dir='ltr'><strong>amantissimo</strong></span> <span class='ocrx_word' id='word_1_105' title='bbox 1957 1299 2394 1377; x_wconf 86' lang='lat' dir='ltr'><strong>congregato,</strong></span> <span class='ocrx_word' id='word_1_106' title='bbox 2429 1287 2593 1356; x_wconf 82' lang='lat' dir='ltr'><strong>exiit</strong></span> <span class='ocrx_word' id='word_1_107' title='bbox 2638 1287 2709 1354; x_wconf 91' lang='lat' dir='ltr'><strong>in</strong></span> <span class='ocrx_word' id='word_1_108' title='bbox 2743 1308 2904 1356; x_wconf 91' lang='lat' dir='ltr'><strong>eum</strong></span> <span class='ocrx_word' id='word_1_109' title='bbox 2956 1285 3057 1355; x_wconf 89' lang='lat' dir='ltr'><strong>lo-</strong></span> 
     </span>
     <span class='ocr_line' id='line_1_13' title="bbox 509 1375 3059 1466; baseline -0.002 -17"><span class='ocrx_word' id='word_1_110' title='bbox 509 1400 699 1460; x_wconf 89' lang='lat' dir='ltr'><strong>cum,</strong></span> <span class='ocrx_word' id='word_1_111' title='bbox 753 1400 959 1464; x_wconf 87' lang='lat' dir='ltr'><strong>quem</strong></span> <span class='ocrx_word' id='word_1_112' title='bbox 1004 1398 1125 1466; x_wconf 89' lang='lat' dir='ltr'><strong>per</strong></span> <span class='ocrx_word' id='word_1_113' title='bbox 1162 1375 1644 1447; x_wconf 85' lang='lat' dir='ltr'><strong>revelationem</strong></span> <span class='ocrx_word' id='word_1_114' title='bbox 1681 1376 2037 1457; x_wconf 87' lang='lat' dir='ltr'><strong>didicerat,</strong></span> <span class='ocrx_word' id='word_1_115' title='bbox 2074 1375 2293 1445; x_wconf 83' lang='lat' dir='ltr'><strong>inulto</strong></span> <span class='ocrx_word' id='word_1_116' title='bbox 2326 1387 2688 1466; x_wconf 90' lang='lat' dir='ltr'><strong>apparatu,</strong></span> <span class='ocrx_word' id='word_1_117' title='bbox 2742 1387 2806 1444; x_wconf 88' lang='lat' dir='ltr'><strong>et</strong></span> <span class='ocrx_word' id='word_1_118' title='bbox 2852 1395 3059 1444; x_wconf 89' lang='lat' dir='ltr'><strong>cruce</strong></span> 
     </span>
     <span class='ocr_line' id='line_1_14' title="bbox 509 1461 3061 1558; baseline -0.002 -22"><span class='ocrx_word' id='word_1_119' title='bbox 509 1468 664 1558; x_wconf 88' lang='lat' dir='ltr'><strong>ipsa</strong></span> <span class='ocrx_word' id='word_1_120' title='bbox 695 1465 1020 1557; x_wconf 89' lang='lat' dir='ltr'><strong>praelata.</strong></span> <span class='ocrx_word' id='word_1_121' title='bbox 1073 1469 1380 1552; x_wconf 88' lang='lat' dir='ltr'><strong>Cumque</strong></span> <span class='ocrx_word' id='word_1_122' title='bbox 1427 1487 1675 1555; x_wconf 55' lang='lat' dir='ltr'><strong>preces*</strong></span> <span class='ocrx_word' id='word_1_123' title='bbox 1706 1465 1790 1534; x_wconf 88' lang='lat' dir='ltr'><strong>ad</strong></span> <span class='ocrx_word' id='word_1_124' title='bbox 1828 1471 2038 1535; x_wconf 90' lang='lat' dir='ltr'><strong>Deum</strong></span> <span class='ocrx_word' id='word_1_125' title='bbox 2082 1463 2404 1546; x_wconf 90' lang='lat' dir='ltr'><strong>misisset,</strong></span> <span class='ocrx_word' id='word_1_126' title='bbox 2424 1464 2656 1555; x_wconf 75' lang='lat' dir='ltr'><strong>:jussit</strong></span> <span class='ocrx_word' id='word_1_127' title='bbox 2702 1461 2933 1533; x_wconf 90' lang='lat' dir='ltr'><strong>locum</strong></span> <span class='ocrx_word' id='word_1_128' title='bbox 2964 1463 3061 1533; x_wconf 86' lang='lat' dir='ltr'><strong>ef-</strong></span> 
     </span>
     <span class='ocr_line' id='line_1_15' title="bbox 510 1552 3058 1645; baseline -0.001 -21"><span class='ocrx_word' id='word_1_129' title='bbox 510 1556 690 1626; x_wconf 87' lang='lat' dir='ltr'><strong>fodi:</strong></span> <span class='ocrx_word' id='word_1_130' title='bbox 745 1563 952 1643; x_wconf 82' lang='lat' dir='ltr'><strong>quem</strong></span> <span class='ocrx_word' id='word_1_131' title='bbox 1014 1566 1375 1645; x_wconf 87' lang='lat' dir='ltr'><strong>postquam</strong></span> <span class='ocrx_word' id='word_1_132' title='bbox 1427 1554 1717 1645; x_wconf 90' lang='lat' dir='ltr'><strong>paulum</strong></span> <span class='ocrx_word' id='word_1_133' title='bbox 1767 1552 2121 1634; x_wconf 83' lang='lat' dir='ltr'><strong>fodissent,</strong></span> <span class='ocrx_word' id='word_1_134' title='bbox 2174 1553 2588 1623; x_wconf 77' lang='lat' dir='ltr'><strong>invenerunt</strong></span> <span class='ocrx_word' id='word_1_135' title='bbox 2649 1552 3058 1643; x_wconf 85' lang='lat' dir='ltr'><strong>speluncam</strong></span> 
     </span>
     <span class='ocr_line' id='line_1_16' title="bbox 512 1641 3051 1734; baseline -0.003 -20"><span class='ocrx_word' id='word_1_136' title='bbox 512 1644 865 1734; x_wconf 90' lang='lat' dir='ltr'><strong>lapidibus</strong></span> <span class='ocrx_word' id='word_1_137' title='bbox 917 1645 1339 1714; x_wconf 86' lang='lat' dir='ltr'><strong>obstructam</strong></span> <span class='ocrx_word' id='word_1_138' title='bbox 1373 1643 1434 1711; x_wconf 70' lang='lat'><strong>⁴⁵.</strong></span> <span class='ocrx_word' id='word_1_139' title='bbox 1474 1643 1622 1714; x_wconf 92' lang='lat' dir='ltr'><strong>Illis</strong></span> <span class='ocrx_word' id='word_1_140' title='bbox 1676 1654 1908 1713; x_wconf 90' lang='lat' dir='ltr'><strong>autem</strong></span> <span class='ocrx_word' id='word_1_141' title='bbox 1956 1641 2273 1721; x_wconf 88' lang='lat' dir='ltr'><strong>sublatis,</strong></span> <span class='ocrx_word' id='word_1_142' title='bbox 2326 1641 2653 1733; x_wconf 87' lang='lat' dir='ltr'><strong>apparuit</strong></span> <span class='ocrx_word' id='word_1_143' title='bbox 2690 1663 2850 1711; x_wconf 87' lang='lat' dir='ltr'><strong>arca</strong></span> <span class='ocrx_word' id='word_1_144' title='bbox 2899 1641 3051 1710; x_wconf 86' lang='lat' dir='ltr'><strong>illa:</strong></span> 
     </span>
     <span class='ocr_line' id='line_1_17' title="bbox 509 1729 3054 1822; baseline -0.002 -19"><span class='ocrx_word' id='word_1_145' title='bbox 509 1755 650 1822; x_wconf 88' lang='lat' dir='ltr'><strong>qua</strong></span> <span class='ocrx_word' id='word_1_146' title='bbox 679 1734 963 1813; x_wconf 89' lang='lat' dir='ltr'><strong>detecta,</strong></span> <span class='ocrx_word' id='word_1_147' title='bbox 1018 1734 1428 1802; x_wconf 89' lang='lat' dir='ltr'><strong>invenerunt</strong></span> <span class='ocrx_word' id='word_1_148' title='bbox 1473 1731 1902 1803; x_wconf 80' lang='lat' dir='ltr'><strong>venerandas</strong></span> <span class='ocrx_word' id='word_1_149' title='bbox 1950 1731 2169 1800; x_wconf 90' lang='lat' dir='ltr'><strong>sancti</strong></span> <span class='ocrx_word' id='word_1_150' title='bbox 2200 1742 2267 1800; x_wconf 90' lang='lat' dir='ltr'><strong>et</strong></span> <span class='ocrx_word' id='word_1_151' title='bbox 2304 1729 2718 1806; x_wconf 87' lang='lat' dir='ltr'><strong>venerabilis</strong></span> <span class='ocrx_word' id='word_1_152' title='bbox 2751 1730 3054 1819; x_wconf 85' lang='lat' dir='ltr'><strong>Apostoli</strong></span> 
     </span>
     <span class='ocr_line' id='line_1_18' title="bbox 510 1819 3048 1911; baseline -0.001 -20"><span class='ocrx_word' id='word_1_153' title='bbox 510 1822 862 1891; x_wconf 86' lang='lat' dir='ltr'><strong>Barnabae</strong></span> <span class='ocrx_word' id='word_1_154' title='bbox 908 1820 1259 1908; x_wconf 81' lang='lat' dir='ltr'><strong>reliquiaS‚</strong></span> <span class='ocrx_word' id='word_1_155' title='bbox 1292 1842 1575 1892; x_wconf 86' lang='lat' dir='ltr'><strong>suavem</strong></span> <span class='ocrx_word' id='word_1_156' title='bbox 1626 1820 1885 1911; x_wconf 87' lang='lat' dir='ltr'><strong>gratiae</strong></span> <span class='ocrx_word' id='word_1_157' title='bbox 1932 1819 2318 1909; x_wconf 89' lang='lat' dir='ltr'><strong>spiritualis</strong></span> <span class='ocrx_word' id='word_1_158' title='bbox 2365 1819 2641 1898; x_wconf 88' lang='lat' dir='ltr'><strong>odorem</strong></span> <span class='ocrx_word' id='word_1_159' title='bbox 2680 1819 3048 1909; x_wconf 80' lang='lat' dir='ltr'><strong>spiranteS,</strong></span> 
     </span>
     <span class='ocr_line' id='line_1_19' title="bbox 511 1908 3047 2000; baseline -0.002 -21"><span class='ocrx_word' id='word_1_160' title='bbox 511 1912 926 1980; x_wconf 84' lang='lat' dir='ltr'><strong>invenerunt</strong></span> <span class='ocrx_word' id='word_1_161' title='bbox 963 1911 1170 1979; x_wconf 89' lang='lat' dir='ltr'><strong>etiam</strong></span> <span class='ocrx_word' id='word_1_162' title='bbox 1211 1909 1657 2000; x_wconf 80' lang='lat' dir='ltr'><strong>Evangeliu‘m</strong></span> <span class='ocrx_word' id='word_1_163' title='bbox 1699 1931 1914 2000; x_wconf 89' lang='lat' dir='ltr'><strong>supra</strong></span> <span class='ocrx_word' id='word_1_164' title='bbox 1960 1909 2311 1979; x_wconf 88' lang='lat' dir='ltr'><strong>Barnabae</strong></span> <span class='ocrx_word' id='word_1_165' title='bbox 2343 1920 2583 1998; x_wconf 80' lang='lat' dir='ltr'><strong>pectus</strong></span> <span class='ocrx_word' id='word_1_166' title='bbox 2614 1908 3047 1997; x_wconf 78' lang='lat' dir='ltr'><strong>impositum.</strong></span> 
     </span>
     <span class='ocr_line' id='line_1_20' title="bbox 513 1997 3064 2089; baseline -0.001 -21"><span class='ocrx_word' id='word_1_167' title='bbox 513 2000 710 2069; x_wconf 89' lang='lat' dir='ltr'><strong>Illam</strong></span> <span class='ocrx_word' id='word_1_168' title='bbox 785 2020 941 2069; x_wconf 87' lang='lat' dir='ltr'><strong>vero</strong></span> <span class='ocrx_word' id='word_1_169' title='bbox 1013 2021 1244 2068; x_wconf 89' lang='lat' dir='ltr'><strong>arcam</strong></span> <span class='ocrx_word' id='word_1_170' title='bbox 1318 1997 1644 2089; x_wconf 88' lang='lat' dir='ltr'><strong>plumbeo</strong></span> <span class='ocrx_word' id='word_1_171' title='bbox 1712 1997 1940 2089; x_wconf 84' lang='lat' dir='ltr'><strong>sigillo</strong></span> <span class='ocrx_word' id='word_1_172' title='bbox 2001 1997 2428 2068; x_wconf 89' lang='lat' dir='ltr'><strong>munierunt.</strong></span> <span class='ocrx_word' id='word_1_173' title='bbox 2485 2001 2793 2083; x_wconf 78' lang='lat' dir='ltr'><strong>Cumque</strong></span> <span class='ocrx_word' id='word_1_174' title='bbox 2834 2001 3064 2080; x_wconf 43' lang='lat' dir='ltr'><strong>,Deum</strong></span> 
     </span>
     <span class='ocr_line' id='line_1_21' title="bbox 515 2079 3061 2189; baseline -0.001 -33"><span class='ocrx_word' id='word_1_175' title='bbox 515 2089 777 2189; x_wconf 88' lang='lat' dir='ltr'><strong>precati</strong></span> <span class='ocrx_word' id='word_1_176' title='bbox 860 2098 1089 2159; x_wconf 85' lang='lat' dir='ltr'><strong>essent</strong></span> <span class='ocrx_word' id='word_1_177' title='bbox 1185 2099 1251 2156; x_wconf 90' lang='lat' dir='ltr'><strong>et</strong></span> <span class='ocrx_word' id='word_1_178' title='bbox 1332 2087 1779 2167; x_wconf 86' lang='lat' dir='ltr'><strong>adorassent,</strong></span> <span class='ocrx_word' id='word_1_179' title='bbox 1862 2086 2380 2168; x_wconf 88' lang='lat' dir='ltr'><strong>discesserunt,</strong></span> <span class='ocrx_word' id='word_1_180' title='bbox 2463 2086 2630 2156; x_wconf 91' lang='lat' dir='ltr'><strong>viris</strong></span> <span class='ocrx_word' id='word_1_181' title='bbox 2714 2079 3061 2178; x_wconf 80' lang='lat' dir='ltr'><strong>religiosis</strong></span> 
     </span>
     <span class='ocr_line' id='line_1_22' title="bbox 513 2173 3067 2266; baseline -0.001 -21"><span class='ocrx_word' id='word_1_182' title='bbox 513 2199 585 2246; x_wconf 76' lang='lat' dir='ltr'><strong>ln</strong></span> <span class='ocrx_word' id='word_1_183' title='bbox 619 2177 766 2246; x_wconf 90' lang='lat' dir='ltr'><strong>loco</strong></span> <span class='ocrx_word' id='word_1_184' title='bbox 795 2176 913 2246; x_wconf 93' lang='lat' dir='ltr'><strong>illo</strong></span> <span class='ocrx_word' id='word_1_185' title='bbox 959 2177 1045 2246; x_wconf 90' lang='lat' dir='ltr'><strong>ab</strong></span> <span class='ocrx_word' id='word_1_186' title='bbox 1093 2177 1244 2266; x_wconf 92' lang='lat' dir='ltr'><strong>ipso</strong></span> <span class='ocrx_word' id='word_1_187' title='bbox 1274 2181 1323 2244; x_wconf 87' lang='lat' dir='ltr'>E</span> <span class='ocrx_word' id='word_1_188' title='bbox 1377 2177 1610 2266; x_wconf 90' lang='lat' dir='ltr'><strong>iscopo</strong></span> <span class='ocrx_word' id='word_1_189' title='bbox 1640 2176 2054 2255; x_wconf 90' lang='lat' dir='ltr'><strong>constitutis,</strong></span> <span class='ocrx_word' id='word_1_190' title='bbox 2082 2175 2216 2262; x_wconf 69' lang='lat' dir='ltr'><strong>‘qui</strong></span> <span class='ocrx_word' id='word_1_191' title='bbox 2248 2174 2655 2265; x_wconf 84' lang='lat' dir='ltr'><strong>vespertinis</strong></span> <span class='ocrx_word' id='word_1_192' title='bbox 2687 2186 2754 2244; x_wconf 90' lang='lat' dir='ltr'><strong>et</strong></span> <span class='ocrx_word' id='word_1_193' title='bbox 2786 2173 3067 2250; x_wconf 80' lang='lat' dir='ltr'><strong>matuti-</strong></span> 
     </span>
     <span class='ocr_line' id='line_1_23' title="bbox 515 2262 3066 2356; baseline -0.002 -21"><span class='ocrx_word' id='word_1_194' title='bbox 515 2267 626 2335; x_wconf 91' lang='lat' dir='ltr'><strong>nis</strong></span> <span class='ocrx_word' id='word_1_195' title='bbox 674 2266 957 2356; x_wconf 83' lang='lat' dir='ltr'><strong>hymnis</strong></span> <span class='ocrx_word' id='word_1_196' title='bbox 990 2271 1204 2334; x_wconf 92' lang='lat' dir='ltr'><strong>Deum</strong></span> <span class='ocrx_word' id='word_1_197' title='bbox 1238 2287 1319 2334; x_wconf 94' lang='lat' dir='ltr'><strong>co</strong></span> <span class='ocrx_word' id='word_1_198' title='bbox 1351 2264 1735 2334; x_wconf 84' lang='lat' dir='ltr'><strong>laudarent.</strong></span> <span class='ocrx_word' id='word_1_199' title='bbox 1790 2265 1913 2334; x_wconf 92' lang='lat' dir='ltr'><strong>Ille</strong></span> <span class='ocrx_word' id='word_1_200' title='bbox 1962 2264 2175 2355; x_wconf 86' lang='lat' dir='ltr'><strong>igitur</strong></span> <span class='ocrx_word' id='word_1_201' title='bbox 2222 2263 2640 2355; x_wconf 86' lang='lat' dir='ltr'><strong>insigniores</strong></span> <span class='ocrx_word' id='word_1_202' title='bbox 2687 2262 3066 2353; x_wconf 76' lang='lat' dir='ltr'><strong>Episcopos</strong></span> 
     </span>
     <span class='ocr_line' id='line_1_24' title="bbox 515 2350 3061 2444; baseline -0.002 -20"><span class='ocrx_word' id='word_1_203' title='bbox 515 2377 750 2425; x_wconf 89' lang='lat' dir='ltr'><strong>secum</strong></span> <span class='ocrx_word' id='word_1_204' title='bbox 803 2354 1088 2435; x_wconf 77' lang='lat' dir='ltr'><strong>habenS,</strong></span> <span class='ocrx_word' id='word_1_205' title='bbox 1150 2355 1336 2423; x_wconf 90' lang='lat' dir='ltr'><strong>venit</strong></span> <span class='ocrx_word' id='word_1_206' title='bbox 1388 2354 1460 2422; x_wconf 90' lang='lat' dir='ltr'><strong>in</strong></span> <span class='ocrx_word' id='word_1_207' title='bbox 1508 2353 1752 2423; x_wconf 88' lang='lat' dir='ltr'><strong>urbem</strong></span> <span class='ocrx_word' id='word_1_208' title='bbox 1802 2352 2067 2444; x_wconf 85' lang='lat' dir='ltr'><strong>regiam</strong></span> <span class='ocrx_word' id='word_1_209' title='bbox 2116 2350 2808 2442; x_wconf 84' lang='lat' dir='ltr'><strong>Constantinopolim,</strong></span> <span class='ocrx_word' id='word_1_210' title='bbox 2859 2364 2928 2421; x_wconf 89' lang='lat' dir='ltr'><strong>et</strong></span> <span class='ocrx_word' id='word_1_211' title='bbox 2973 2350 3061 2420; x_wconf 90' lang='lat' dir='ltr'><strong>ad</strong></span> 
     </span>
     <span class='ocr_line' id='line_1_25' title="bbox 514 2441 3061 2514; baseline -0.002 0"><span class='ocrx_word' id='word_1_212' title='bbox 514 2444 947 2514; x_wconf 86' lang='lat' dir='ltr'><strong>Patriarchae</strong></span> <span class='ocrx_word' id='word_1_213' title='bbox 1002 2443 1288 2513; x_wconf 91' lang='lat' dir='ltr'><strong>domum</strong></span> <span class='ocrx_word' id='word_1_214' title='bbox 1338 2441 1678 2514; x_wconf 90' lang='lat' dir='ltr'><strong>deductus</strong></span> <span class='ocrx_word' id='word_1_215' title='bbox 1751 2454 1875 2514; x_wconf 88' lang='lat' dir='ltr'><strong>est.</strong></span> <span class='ocrx_word' id='word_1_216' title='bbox 1951 2447 2041 2512; x_wconf 89' lang='lat' dir='ltr'><strong>De</strong></span> <span class='ocrx_word' id='word_1_217' title='bbox 2089 2442 2292 2513; x_wconf 82' lang='lat' dir='ltr'><strong>cu‘us</strong></span> <span class='ocrx_word' id='word_1_218' title='bbox 2368 2441 2665 2512; x_wconf 89' lang='lat' dir='ltr'><strong>adventu</strong></span> <span class='ocrx_word' id='word_1_219' title='bbox 2705 2460 2871 2511; x_wconf 86' lang='lat' dir='ltr'><strong>cum</strong></span> <span class='ocrx_word' id='word_1_220' title='bbox 2920 2444 3061 2510; x_wconf 91' lang='lat' dir='ltr'><strong>Im-</strong></span> 
     </span>
     <span class='ocr_line' id='line_1_26' title="bbox 517 2528 3061 2624; baseline -0.003 -20"><span class='ocrx_word' id='word_1_221' title='bbox 517 2544 788 2624; x_wconf 83' lang='lat' dir='ltr'><strong>perator</strong></span> <span class='ocrx_word' id='word_1_222' title='bbox 842 2532 1238 2612; x_wconf 88' lang='lat' dir='ltr'><strong>audivisset,</strong></span> <span class='ocrx_word' id='word_1_223' title='bbox 1293 2532 1727 2602; x_wconf 89' lang='lat' dir='ltr'><strong>Patriarchae</strong></span> <span class='ocrx_word' id='word_1_224' title='bbox 1790 2533 1924 2622; x_wconf 91' lang='lat' dir='ltr'><strong>ipsi</strong></span> <span class='ocrx_word' id='word_1_225' title='bbox 1973 2551 2136 2600; x_wconf 91' lang='lat' dir='ltr'><strong>man</strong></span> <span class='ocrx_word' id='word_1_226' title='bbox 2190 2532 2349 2612; x_wconf 88' lang='lat' dir='ltr'><strong>avit,</strong></span> <span class='ocrx_word' id='word_1_227' title='bbox 2417 2543 2493 2601; x_wconf 91' lang='lat' dir='ltr'><strong>ut</strong></span> <span class='ocrx_word' id='word_1_228' title='bbox 2555 2551 2715 2599; x_wconf 90' lang='lat' dir='ltr'><strong>cum</strong></span> <span class='ocrx_word' id='word_1_229' title='bbox 2785 2528 3061 2619; x_wconf 86' lang='lat' dir='ltr'><strong>Synodo</strong></span> 
     </span>
     <span class='ocr_line' id='line_1_27' title="bbox 513 2618 3056 2711; baseline -0.002 -20"><span class='ocrx_word' id='word_1_230' title='bbox 513 2644 689 2709; x_wconf 88' lang='lat' dir='ltr'><strong>quae</strong></span> <span class='ocrx_word' id='word_1_231' title='bbox 739 2620 905 2691; x_wconf 91' lang='lat' dir='ltr'><strong>illuc</strong></span> <span class='ocrx_word' id='word_1_232' title='bbox 953 2633 1385 2701; x_wconf 78' lang='lat' dir='ltr'><strong>convenerat,</strong></span> <span class='ocrx_word' id='word_1_233' title='bbox 1447 2621 1766 2690; x_wconf 90' lang='lat' dir='ltr'><strong>omnium</strong></span> <span class='ocrx_word' id='word_1_234' title='bbox 1808 2621 2110 2711; x_wconf 89' lang='lat' dir='ltr'><strong>partium</strong></span> <span class='ocrx_word' id='word_1_235' title='bbox 2161 2619 2699 2691; x_wconf 89' lang='lat' dir='ltr'><strong>controversiam</strong></span> <span class='ocrx_word' id='word_1_236' title='bbox 2760 2618 3056 2699; x_wconf 89' lang='lat' dir='ltr'><strong>audiret,</strong></span> 
     </span>
     <span class='ocr_line' id='line_1_28' title="bbox 513 2700 3063 2800; baseline -0.002 -19"><span class='ocrx_word' id='word_1_237' title='bbox 513 2714 586 2781; x_wconf 66' lang='lat' dir='ltr'><strong>et&#39;</strong></span> <span class='ocrx_word' id='word_1_238' title='bbox 634 2700 817 2798; x_wconf 62' lang='lat' dir='ltr'><strong>q‘uod</strong></span> <span class='ocrx_word' id='word_1_239' title='bbox 870 2709 970 2778; x_wconf 91' lang='lat' dir='ltr'><strong>illi</strong></span> <span class='ocrx_word' id='word_1_240' title='bbox 1028 2709 1373 2779; x_wconf 89' lang='lat' dir='ltr'><strong>videretur</strong></span> <span class='ocrx_word' id='word_1_241' title='bbox 1420 2710 1835 2780; x_wconf 86' lang='lat' dir='ltr'><strong>decerneret.</strong></span> <span class='ocrx_word' id='word_1_242' title='bbox 1915 2713 2155 2779; x_wconf 86' lang='lat' dir='ltr'><strong>Coacto</strong></span> <span class='ocrx_word' id='word_1_243' title='bbox 2213 2709 2429 2800; x_wconf 86' lang='lat' dir='ltr'><strong>igitur</strong></span> <span class='ocrx_word' id='word_1_244' title='bbox 2489 2706 2788 2777; x_wconf 90' lang='lat' dir='ltr'><strong>Concilio</strong></span> <span class='ocrx_word' id='word_1_245' title='bbox 2820 2762 2835 2787; x_wconf 95' lang='lat'><strong>,</strong></span> <span class='ocrx_word' id='word_1_246' title='bbox 2895 2728 3063 2777; x_wconf 93' lang='lat' dir='ltr'><strong>cum</strong></span> 
     </span>
     <span class='ocr_line' id='line_1_29' title="bbox 515 2796 3066 2888; baseline -0.003 -18"><span class='ocrx_word' id='word_1_247' title='bbox 515 2821 729 2870; x_wconf 89' lang='lat' dir='ltr'><strong>causa</strong></span> <span class='ocrx_word' id='word_1_248' title='bbox 778 2798 897 2867; x_wconf 89' lang='lat' dir='ltr'><strong>illa</strong></span> <span class='ocrx_word' id='word_1_249' title='bbox 946 2799 1803 2879; x_wconf 87' lang='lat' dir='ltr'><strong>tractaretur,·adversarii</strong></span> <span class='ocrx_word' id='word_1_250' title='bbox 1843 2798 2221 2868; x_wconf 82' lang='lat' dir='ltr'><strong>afferebant</strong></span> <span class='ocrx_word' id='word_1_251' title='bbox 2268 2820 2394 2867; x_wconf 88' lang='lat' dir='ltr'><strong>sua</strong></span> <span class='ocrx_word' id='word_1_252' title='bbox 2431 2798 2619 2888; x_wconf 90' lang='lat' dir='ltr'><strong>jura,</strong></span> <span class='ocrx_word' id='word_1_253' title='bbox 2658 2807 2735 2865; x_wconf 91' lang='lat' dir='ltr'><strong>ut</strong></span> <span class='ocrx_word' id='word_1_254' title='bbox 2786 2796 2919 2865; x_wconf 90' lang='lat' dir='ltr'><strong>sibi</strong></span> <span class='ocrx_word' id='word_1_255' title='bbox 2966 2796 3066 2863; x_wconf 90' lang='lat' dir='ltr'><strong>vi-</strong></span> 
     </span>
     <span class='ocr_line' id='line_1_30' title="bbox 515 2884 3066 2977; baseline -0.002 -20"><span class='ocrx_word' id='word_1_256' title='bbox 515 2889 881 2968; x_wconf 89' lang='lat' dir='ltr'><strong>debantur,</strong></span> <span class='ocrx_word' id='word_1_257' title='bbox 934 2886 1119 2974; x_wconf 92' lang='lat' dir='ltr'><strong>quod</strong></span> <span class='ocrx_word' id='word_1_258' title='bbox 1167 2887 1589 2957; x_wconf 89' lang='lat' dir='ltr'><strong>Antiochena</strong></span> <span class='ocrx_word' id='word_1_259' title='bbox 1619 2886 1836 2958; x_wconf 83' lang='lat' dir='ltr'><strong>Sedes</strong></span> <span class='ocrx_word' id='word_1_260' title='bbox 1869 2885 2254 2977; x_wconf 88' lang='lat' dir='ltr'><strong>Apostolica</strong></span> <span class='ocrx_word' id='word_1_261' title='bbox 2301 2900 2367 2955; x_wconf 88' lang='lat' dir='ltr'><strong>et</strong></span> <span class='ocrx_word' id='word_1_262' title='bbox 2424 2884 2893 2955; x_wconf 78' lang='lat' dir='ltr'><strong>patriarchica</strong></span> <span class='ocrx_word' id='word_1_263' title='bbox 2949 2888 3066 2952; x_wconf 91' lang='lat' dir='ltr'><strong>Se-</strong></span> 
     </span>
     <span class='ocr_line' id='line_1_31' title="bbox 514 2972 3069 3065; baseline -0.002 -19"><span class='ocrx_word' id='word_1_264' title='bbox 514 2979 637 3047; x_wconf 92' lang='lat' dir='ltr'><strong>des</strong></span> <span class='ocrx_word' id='word_1_265' title='bbox 685 2990 891 3046; x_wconf 90' lang='lat' dir='ltr'><strong>esset:</strong></span> <span class='ocrx_word' id='word_1_266' title='bbox 937 2975 1024 3046; x_wconf 89' lang='lat' dir='ltr'><strong>ob</strong></span> <span class='ocrx_word' id='word_1_267' title='bbox 1072 2975 1281 3063; x_wconf 89' lang='lat' dir='ltr'><strong>idque</strong></span> <span class='ocrx_word' id='word_1_268' title='bbox 1326 2975 1835 3047; x_wconf 91' lang='lat' dir='ltr'><strong>contendebant</strong></span> <span class='ocrx_word' id='word_1_269' title='bbox 1887 2988 1954 3046; x_wconf 93' lang='lat' dir='ltr'><strong>et</strong></span> <span class='ocrx_word' id='word_1_270' title='bbox 1999 2975 2171 3045; x_wconf 90' lang='lat' dir='ltr'><strong>alias</strong></span> <span class='ocrx_word' id='word_1_271' title='bbox 2205 2975 2597 3065; x_wconf 89' lang='lat' dir='ltr'><strong>provincias</strong></span> <span class='ocrx_word' id='word_1_272' title='bbox 2646 2972 2783 3043; x_wconf 89' lang='lat' dir='ltr'><strong>sibi</strong></span> <span class='ocrx_word' id='word_1_273' title='bbox 2833 2973 3069 3061; x_wconf 88' lang='lat' dir='ltr'><strong>subje-</strong></span> 
     </span>
     <span class='ocr_line' id='line_1_32' title="bbox 516 3064 1588 3136; baseline -0.005 0"><span class='ocrx_word' id='word_1_274' title='bbox 516 3080 661 3136; x_wconf 87' lang='lat' dir='ltr'><strong>ctas</strong></span> <span class='ocrx_word' id='word_1_275' title='bbox 709 3086 857 3135; x_wconf 87' lang='lat' dir='ltr'><strong>esse</strong></span> <span class='ocrx_word' id='word_1_276' title='bbox 905 3064 1176 3134; x_wconf 88' lang='lat' dir='ltr'><strong>debere.</strong></span> <span class='ocrx_word' id='word_1_277' title='bbox 1582 3094 1588 3105; x_wconf 60' lang='grc'><strong><em>’</em></strong></span> 
     </span>
    </p>

    <p class='ocr_par' dir='ltr' id='par_1_4' title="bbox 511 3149 3141 4398">
     <span class='ocr_line' id='line_1_33' title="bbox 605 3149 3071 3243; baseline -0.003 -18"><span class='ocrx_word' id='word_1_278' title='bbox 605 3156 642 3241; x_wconf 67' lang='grc' dir='ltr'><strong>ξ</strong></span> <span class='ocrx_word' id='word_1_279' title='bbox 686 3156 833 3225; x_wconf 66' lang='lat'><strong>²8.</strong></span> <span class='ocrx_word' id='word_1_280' title='bbox 890 3158 1069 3222; x_wconf 90' lang='lat' dir='ltr'><strong>Haec</strong></span> <span class='ocrx_word' id='word_1_281' title='bbox 1117 3175 1275 3223; x_wconf 88' lang='lat' dir='ltr'><strong>cum</strong></span> <span class='ocrx_word' id='word_1_282' title='bbox 1329 3164 1735 3233; x_wconf 88' lang='lat' dir='ltr'><strong>assererent,</strong></span> <span class='ocrx_word' id='word_1_283' title='bbox 1788 3152 1898 3235; x_wconf 86' lang='lat' dir='ltr'><strong>iis,</strong></span> <span class='ocrx_word' id='word_1_284' title='bbox 1933 3152 2057 3240; x_wconf 88' lang='lat' dir='ltr'><strong>qui</strong></span> <span class='ocrx_word' id='word_1_285' title='bbox 2106 3163 2499 3243; x_wconf 85' lang='lat' dir='ltr'><strong>praesentes</strong></span> <span class='ocrx_word' id='word_1_286' title='bbox 2546 3161 2763 3231; x_wconf 90' lang='lat' dir='ltr'><strong>erant,</strong></span> <span class='ocrx_word' id='word_1_287' title='bbox 2818 3149 3071 3220; x_wconf 83' lang='lat' dir='ltr'><strong>rationi</strong></span> 
     </span>
     <span class='ocr_line' id='line_1_34' title="bbox 511 3237 3068 3329; baseline -0.003 -15"><span class='ocrx_word' id='word_1_288' title='bbox 511 3252 972 3314; x_wconf 89' lang='lat' dir='ltr'><strong>consentanea</strong></span> <span class='ocrx_word' id='word_1_289' title='bbox 1034 3241 1261 3312; x_wconf 90' lang='lat' dir='ltr'><strong>dicere</strong></span> <span class='ocrx_word' id='word_1_290' title='bbox 1309 3243 1742 3312; x_wconf 87' lang='lat' dir='ltr'><strong>videbantur.</strong></span> <span class='ocrx_word' id='word_1_291' title='bbox 1820 3247 2066 3312; x_wconf 90' lang='lat' dir='ltr'><strong>Beatus</strong></span> <span class='ocrx_word' id='word_1_292' title='bbox 2114 3262 2271 3311; x_wconf 91' lang='lat' dir='ltr'><strong>vero</strong></span> <span class='ocrx_word' id='word_1_293' title='bbox 2320 3240 2725 3310; x_wconf 84' lang='lat' dir='ltr'><strong>Anthemius</strong></span> <span class='ocrx_word' id='word_1_294' title='bbox 2775 3237 3068 3329; x_wconf 84' lang='lat' dir='ltr'><strong>paulum</strong></span> 
     </span>
     <span class='ocr_line' id='line_1_35' title="bbox 513 3326 3064 3422; baseline -0.002 -21"><span class='ocrx_word' id='word_1_295' title='bbox 513 3344 848 3410; x_wconf 90' lang='lat' dir='ltr'><strong>moratus,</strong></span> <span class='ocrx_word' id='word_1_296' title='bbox 904 3343 1143 3401; x_wconf 89' lang='lat' dir='ltr'><strong>contra</strong></span> <span class='ocrx_word' id='word_1_297' title='bbox 1174 3330 1548 3422; x_wconf 88' lang='lat' dir='ltr'><strong>objiciens:</strong></span> <span class='ocrx_word' id='word_1_298' title='bbox 1604 3335 1681 3400; x_wconf 87' lang='lat' dir='ltr'><strong>Et</strong></span> <span class='ocrx_word' id='word_1_299' title='bbox 1714 3351 1888 3412; x_wconf 89' lang='lat' dir='ltr'><strong>mea,</strong></span> <span class='ocrx_word' id='word_1_300' title='bbox 1928 3330 2176 3418; x_wconf 88' lang='lat' dir='ltr'><strong>inquit,</strong></span> <span class='ocrx_word' id='word_1_301' title='bbox 2234 3328 2440 3399; x_wconf 88' lang='lat' dir='ltr'><strong>Sedes</strong></span> <span class='ocrx_word' id='word_1_302' title='bbox 2478 3327 2864 3419; x_wconf 90' lang='lat' dir='ltr'><strong>Apostolica</strong></span> <span class='ocrx_word' id='word_1_303' title='bbox 2910 3326 3064 3407; x_wconf 85' lang='lat' dir='ltr'><strong>fuit,</strong></span> 
     </span>
     <span class='ocr_line' id='line_1_36' title="bbox 514 3414 3141 3522; baseline -0.002 -32"><span class='ocrx_word' id='word_1_304' title='bbox 514 3419 677 3490; x_wconf 89' lang='lat' dir='ltr'><strong>inde</strong></span> <span class='ocrx_word' id='word_1_305' title='bbox 704 3441 924 3507; x_wconf 87' lang='lat' dir='ltr'><strong>usque</strong></span> <span class='ocrx_word' id='word_1_306' title='bbox 949 3442 990 3489; x_wconf 91' lang='lat' dir='ltr'><strong>a</strong></span> <span class='ocrx_word' id='word_1_307' title='bbox 1029 3420 1372 3522; x_wconf 88' lang='lat' dir='ltr'><strong>principio</strong></span> <span class='ocrx_word' id='word_1_308' title='bbox 1419 3432 1484 3490; x_wconf 90' lang='lat' dir='ltr'><strong>et</strong></span> <span class='ocrx_word' id='word_1_309' title='bbox 1533 3419 1841 3489; x_wconf 87' lang='lat' dir='ltr'><strong>libertate</strong></span> <span class='ocrx_word' id='word_1_310' title='bbox 1868 3419 2223 3499; x_wconf 88' lang='lat' dir='ltr'><strong>honorata,</strong></span> <span class='ocrx_word' id='word_1_311' title='bbox 2254 3419 2377 3506; x_wconf 90' lang='lat' dir='ltr'><strong>qui</strong></span> <span class='ocrx_word' id='word_1_312' title='bbox 2417 3430 2484 3487; x_wconf 89' lang='lat' dir='ltr'><strong>et</strong></span> <span class='ocrx_word' id='word_1_313' title='bbox 2515 3415 2912 3506; x_wconf 89' lang='lat' dir='ltr'><strong>Apostolum</strong></span> <span class='ocrx_word' id='word_1_314' title='bbox 2948 3414 3070 3485; x_wconf 89' lang='lat' dir='ltr'><strong>ha·</strong></span> <span class='ocrx_word' id='word_1_315' title='bbox 3138 3450 3141 3455; x_wconf 79' lang='lat'><strong>.</strong></span> 
     </span>
     <span class='ocr_line' id='line_1_37' title="bbox 512 3504 3072 3609; baseline -0.003 -31"><span class='ocrx_word' id='word_1_316' title='bbox 512 3510 641 3578; x_wconf 92' lang='lat' dir='ltr'><strong>beo</strong></span> <span class='ocrx_word' id='word_1_317' title='bbox 672 3509 743 3577; x_wconf 88' lang='lat' dir='ltr'><strong>in</strong></span> <span class='ocrx_word' id='word_1_318' title='bbox 787 3509 1010 3609; x_wconf 87' lang='lat' dir='ltr'><strong>patria</strong></span> <span class='ocrx_word' id='word_1_319' title='bbox 1051 3531 1203 3579; x_wconf 89' lang='lat' dir='ltr'><strong>mea</strong></span> <span class='ocrx_word' id='word_1_320' title='bbox 1249 3520 1518 3599; x_wconf 82' lang='lat' dir='ltr'><strong>integro</strong></span> <span class='ocrx_word' id='word_1_321' title='bbox 1564 3527 1853 3598; x_wconf 85' lang='lat' dir='ltr'><strong>corpore</strong></span> <span class='ocrx_word' id='word_1_322' title='bbox 1918 3516 2376 3587; x_wconf 89' lang='lat' dir='ltr'><strong>constantem,</strong></span> <span class='ocrx_word' id='word_1_323' title='bbox 2431 3504 2914 3576; x_wconf 90' lang='lat' dir='ltr'><strong>beatissimum</strong></span> <span class='ocrx_word' id='word_1_324' title='bbox 2965 3504 3072 3572; x_wconf 89' lang='lat' dir='ltr'><strong>in-</strong></span> 
     </span>
     <span class='ocr_line' id='line_1_38' title="bbox 517 3592 3074 3696; baseline -0.003 -29"><span class='ocrx_word' id='word_1_325' title='bbox 517 3620 729 3685; x_wconf 90' lang='lat' dir='ltr'><strong>quam</strong></span> <span class='ocrx_word' id='word_1_326' title='bbox 792 3598 992 3667; x_wconf 81' lang='lat' dir='ltr'><strong>illum</strong></span> <span class='ocrx_word' id='word_1_327' title='bbox 1043 3597 1453 3679; x_wconf 88' lang='lat' dir='ltr'><strong>Barnabam,</strong></span> <span class='ocrx_word' id='word_1_328' title='bbox 1509 3609 1908 3668; x_wconf 88' lang='lat' dir='ltr'><strong>sanctarum</strong></span> <span class='ocrx_word' id='word_1_329' title='bbox 1938 3595 2233 3668; x_wconf 89' lang='lat' dir='ltr'><strong>laudum</strong></span> <span class='ocrx_word' id='word_1_330' title='bbox 2269 3594 2656 3696; x_wconf 89' lang='lat' dir='ltr'><strong>praeconiis</strong></span> <span class='ocrx_word' id='word_1_331' title='bbox 2705 3592 3074 3663; x_wconf 90' lang='lat' dir='ltr'><strong>celeberri-</strong></span> 
     </span>
     <span class='ocr_line' id='line_1_39' title="bbox 518 3681 3074 3786; baseline -0.002 -31"><span class='ocrx_word' id='word_1_332' title='bbox 518 3708 739 3757; x_wconf 90' lang='lat' dir='ltr'><strong>mum.</strong></span> <span class='ocrx_word' id='word_1_333' title='bbox 796 3691 935 3756; x_wconf 90' lang='lat' dir='ltr'><strong>Hoc</strong></span> <span class='ocrx_word' id='word_1_334' title='bbox 999 3708 1158 3756; x_wconf 86' lang='lat' dir='ltr'><strong>curn</strong></span> <span class='ocrx_word' id='word_1_335' title='bbox 1210 3685 1615 3757; x_wconf 89' lang='lat' dir='ltr'><strong>Anthemius</strong></span> <span class='ocrx_word' id='word_1_336' title='bbox 1663 3686 2148 3786; x_wconf 88' lang='lat' dir='ltr'><strong>opposuisset,</strong></span> <span class='ocrx_word' id='word_1_337' title='bbox 2215 3683 2390 3755; x_wconf 81' lang='lat' dir='ltr'><strong>nihil</strong></span> <span class='ocrx_word' id='word_1_338' title='bbox 2460 3682 2593 3753; x_wconf 90' lang='lat' dir='ltr'><strong>loci</strong></span> <span class='ocrx_word' id='word_1_339' title='bbox 2657 3681 3074 3752; x_wconf 89' lang='lat' dir='ltr'><strong>adversariis</strong></span> 
     </span>
     <span class='ocr_line' id='line_1_40' title="bbox 517 3769 3074 3866; baseline -0.002 -22"><span class='ocrx_word' id='word_1_340' title='bbox 517 3774 838 3845; x_wconf 87' lang='lat' dir='ltr'><strong>relictum</strong></span> <span class='ocrx_word' id='word_1_341' title='bbox 890 3786 1012 3857; x_wconf 89' lang='lat' dir='ltr'><strong>est,</strong></span> <span class='ocrx_word' id='word_1_342' title='bbox 1052 3797 1214 3846; x_wconf 89' lang='lat' dir='ltr'><strong>cum</strong></span> <span class='ocrx_word' id='word_1_343' title='bbox 1255 3774 1601 3866; x_wconf 89' lang='lat' dir='ltr'><strong>Episcopi,</strong></span> <span class='ocrx_word' id='word_1_344' title='bbox 1653 3795 1777 3863; x_wconf 79' lang='lat' dir='ltr'><strong>qui</strong></span> <span class='ocrx_word' id='word_1_345' title='bbox 1820 3787 2212 3866; x_wconf 76' lang='lat' dir='ltr'><strong>praesentes</strong></span> <span class='ocrx_word' id='word_1_346' title='bbox 2260 3783 2480 3853; x_wconf 90' lang='lat' dir='ltr'><strong>erant,</strong></span> <span class='ocrx_word' id='word_1_347' title='bbox 2510 3771 2785 3844; x_wconf 89' lang='lat' dir='ltr'><strong>silentio</strong></span> <span class='ocrx_word' id='word_1_348' title='bbox 2819 3769 3074 3840; x_wconf 90' lang='lat' dir='ltr'><strong>Anthe-</strong></span> 
     </span>
     <span class='ocr_line' id='line_1_41' title="bbox 523 3857 3069 3953; baseline -0.002 -21"><span class='ocrx_word' id='word_1_349' title='bbox 523 3862 650 3932; x_wconf 89' lang='lat' dir='ltr'><strong>mii</strong></span> <span class='ocrx_word' id='word_1_350' title='bbox 683 3864 1060 3935; x_wconf 90' lang='lat' dir='ltr'><strong>orationem</strong></span> <span class='ocrx_word' id='word_1_351' title='bbox 1086 3863 1636 3934; x_wconf 88' lang='lat' dir='ltr'><strong>confirmassent.</strong></span> <span class='ocrx_word' id='word_1_352' title='bbox 1692 3864 2077 3934; x_wconf 86' lang='lat' dir='ltr'><strong>Adversarii</strong></span> <span class='ocrx_word' id='word_1_353' title='bbox 2110 3884 2268 3932; x_wconf 88' lang='lat' dir='ltr'><strong>vero</strong></span> <span class='ocrx_word' id='word_1_354' title='bbox 2301 3861 2438 3953; x_wconf 76' lang='lat' dir='ltr'><strong>ipsi</strong></span> <span class='ocrx_word' id='word_1_355' title='bbox 2476 3861 2731 3931; x_wconf 81' lang='lat' dir='ltr'><strong>rubore</strong></span> <span class='ocrx_word' id='word_1_356' title='bbox 2779 3857 3069 3949; x_wconf 86' lang='lat' dir='ltr'><strong>perfusi,</strong></span> 
     </span>
     <span class='ocr_line' id='line_1_42' title="bbox 522 3949 3078 4043; baseline -0.002 -22"><span class='ocrx_word' id='word_1_357' title='bbox 522 3953 700 4024; x_wconf 88' lang='lat' dir='ltr'><strong>muti</strong></span> <span class='ocrx_word' id='word_1_358' title='bbox 763 3964 1291 4032; x_wconf 89' lang='lat' dir='ltr'><strong>remanserunt,</strong></span> <span class='ocrx_word' id='word_1_359' title='bbox 1348 3973 1678 4043; x_wconf 89' lang='lat' dir='ltr'><strong>responso</strong></span> <span class='ocrx_word' id='word_1_360' title='bbox 1729 3952 1849 4023; x_wconf 89' lang='lat' dir='ltr'><strong>illo</strong></span> <span class='ocrx_word' id='word_1_361' title='bbox 1896 3965 2036 4023; x_wconf 88' lang='lat' dir='ltr'><strong>tam</strong></span> <span class='ocrx_word' id='word_1_362' title='bbox 2075 3949 2642 4043; x_wconf 25' lang='lat' dir='ltr'><strong>justo-perculsi.</strong></span> <span class='ocrx_word' id='word_1_363' title='bbox 2698 3953 2880 4019; x_wconf 86' lang='lat' dir='ltr'><strong>Haec</strong></span> <span class='ocrx_word' id='word_1_364' title='bbox 2910 3969 3078 4018; x_wconf 90' lang='lat' dir='ltr'><strong>cum</strong></span> 
     </span>
     <span class='ocr_line' id='line_1_43' title="bbox 523 4036 3079 4134; baseline -0.002 -24"><span class='ocrx_word' id='word_1_365' title='bbox 523 4045 909 4131; x_wconf 90' lang='lat' dir='ltr'><strong>Imperator</strong></span> <span class='ocrx_word' id='word_1_366' title='bbox 955 4041 1353 4122; x_wconf 90' lang='lat' dir='ltr'><strong>audivisset,</strong></span> <span class='ocrx_word' id='word_1_367' title='bbox 1407 4042 1654 4134; x_wconf 89' lang='lat' dir='ltr'><strong>Episco</strong></span> <span class='ocrx_word' id='word_1_368' title='bbox 1707 4062 1828 4113; x_wconf 90' lang='lat' dir='ltr'><strong>um</strong></span> <span class='ocrx_word' id='word_1_369' title='bbox 1879 4046 1965 4131; x_wconf 84' lang='lat' dir='ltr'><strong>Cy</strong></span> <span class='ocrx_word' id='word_1_370' title='bbox 2019 4041 2081 4110; x_wconf 92' lang='lat' dir='ltr'><strong>ri</strong></span> <span class='ocrx_word' id='word_1_371' title='bbox 2118 4039 2204 4110; x_wconf 91' lang='lat' dir='ltr'><strong>ad</strong></span> <span class='ocrx_word' id='word_1_372' title='bbox 2239 4061 2312 4112; x_wconf 92' lang='lat' dir='ltr'><strong>se</strong></span> <span class='ocrx_word' id='word_1_373' title='bbox 2358 4036 2680 4110; x_wconf 89' lang='lat' dir='ltr'><strong>accersiri</strong></span> <span class='ocrx_word' id='word_1_374' title='bbox 2722 4037 2960 4128; x_wconf 91' lang='lat' dir='ltr'><strong>jussit,</strong></span> <span class='ocrx_word' id='word_1_375' title='bbox 3011 4048 3079 4106; x_wconf 92' lang='lat' dir='ltr'><strong>et</strong></span> 
     </span>
     <span class='ocr_line' id='line_1_44' title="bbox 522 4125 3083 4221; baseline -0.002 -22"><span class='ocrx_word' id='word_1_376' title='bbox 522 4129 610 4199; x_wconf 91' lang='lat' dir='ltr'><strong>de</strong></span> <span class='ocrx_word' id='word_1_377' title='bbox 674 4130 1084 4201; x_wconf 89' lang='lat' dir='ltr'><strong>revelatione</strong></span> <span class='ocrx_word' id='word_1_378' title='bbox 1130 4129 1351 4200; x_wconf 89' lang='lat' dir='ltr'><strong>sancti</strong></span> <span class='ocrx_word' id='word_1_379' title='bbox 1400 4131 1700 4221; x_wconf 92' lang='lat' dir='ltr'><strong>Apostoi</strong></span> <span class='ocrx_word' id='word_1_380' title='bbox 1751 4135 1971 4200; x_wconf 85' lang='lat' dir='ltr'><strong>Barna</strong></span> <span class='ocrx_word' id='word_1_381' title='bbox 2023 4150 2103 4200; x_wconf 88' lang='lat' dir='ltr'><strong>ae</strong></span> <span class='ocrx_word' id='word_1_382' title='bbox 2132 4127 2501 4218; x_wconf 85' lang='lat' dir='ltr'><strong>diligenter</strong></span> <span class='ocrx_word' id='word_1_383' title='bbox 2538 4126 2627 4197; x_wconf 90' lang='lat' dir='ltr'><strong>ab</strong></span> <span class='ocrx_word' id='word_1_384' title='bbox 2673 4148 2754 4197; x_wconf 90' lang='lat' dir='ltr'><strong>eo</strong></span> <span class='ocrx_word' id='word_1_385' title='bbox 2801 4125 3083 4215; x_wconf 87' lang='lat' dir='ltr'><strong>quaesi-</strong></span> 
     </span>
     <span class='ocr_line' id='line_1_45' title="bbox 527 4214 3083 4308; baseline 0 -23"><span class='ocrx_word' id='word_1_386' title='bbox 527 4217 648 4289; x_wconf 88' lang='lat' dir='ltr'><strong>vit.</strong></span> <span class='ocrx_word' id='word_1_387' title='bbox 695 4218 818 4289; x_wconf 90' lang='lat' dir='ltr'><strong>Ille</strong></span> <span class='ocrx_word' id='word_1_388' title='bbox 850 4217 1026 4288; x_wconf 90' lang='lat' dir='ltr'><strong>nihil</strong></span> <span class='ocrx_word' id='word_1_389' title='bbox 1077 4240 1158 4289; x_wconf 88' lang='lat' dir='ltr'><strong>ex</strong></span> <span class='ocrx_word' id='word_1_390' title='bbox 1198 4217 1308 4289; x_wconf 91' lang='lat' dir='ltr'><strong>his</strong></span> <span class='ocrx_word' id='word_1_391' title='bbox 1354 4241 1533 4308; x_wconf 90' lang='lat' dir='ltr'><strong>quae</strong></span> <span class='ocrx_word' id='word_1_392' title='bbox 1570 4241 1730 4291; x_wconf 89' lang='lat' dir='ltr'><strong>vera</strong></span> <span class='ocrx_word' id='word_1_393' title='bbox 1777 4240 1858 4290; x_wconf 95' lang='lat' dir='ltr'><strong>co</strong></span> <span class='ocrx_word' id='word_1_394' title='bbox 1913 4227 2212 4299; x_wconf 90' lang='lat' dir='ltr'><strong>noverat,</strong></span> <span class='ocrx_word' id='word_1_395' title='bbox 2250 4215 2641 4297; x_wconf 88' lang='lat' dir='ltr'><strong>occultavit,</strong></span> <span class='ocrx_word' id='word_1_396' title='bbox 2682 4214 2803 4286; x_wconf 93' lang='lat' dir='ltr'><strong>sed</strong></span> <span class='ocrx_word' id='word_1_397' title='bbox 2834 4214 3083 4286; x_wconf 88' lang='lat' dir='ltr'><strong>ordine</strong></span> 
     </span>
     <span class='ocr_line' id='line_1_46' title="bbox 523 4303 3079 4398; baseline -0.001 -22"><span class='ocrx_word' id='word_1_398' title='bbox 523 4328 670 4376; x_wconf 90' lang='lat' dir='ltr'><strong>rem</strong></span> <span class='ocrx_word' id='word_1_399' title='bbox 702 4328 977 4377; x_wconf 89' lang='lat' dir='ltr'><strong>omnem</strong></span> <span class='ocrx_word' id='word_1_400' title='bbox 1030 4309 1436 4398; x_wconf 90' lang='lat' dir='ltr'><strong>Imperatori</strong></span> <span class='ocrx_word' id='word_1_401' title='bbox 1475 4308 1804 4380; x_wconf 89' lang='lat' dir='ltr'><strong>narravit.</strong></span> <span class='ocrx_word' id='word_1_402' title='bbox 1841 4313 1870 4378; x_wconf 95' lang='lat' dir='ltr'>I</span> <span class='ocrx_word' id='word_1_403' title='bbox 1904 4307 1965 4377; x_wconf 92' lang='lat' dir='ltr'><strong>le</strong></span> <span class='ocrx_word' id='word_1_404' title='bbox 1997 4307 2165 4377; x_wconf 89' lang='lat' dir='ltr'><strong>haec</strong></span> <span class='ocrx_word' id='word_1_405' title='bbox 2198 4305 2516 4386; x_wconf 90' lang='lat' dir='ltr'><strong>audiens,</strong></span> <span class='ocrx_word' id='word_1_406' title='bbox 2564 4303 2763 4375; x_wconf 88' lang='lat' dir='ltr'><strong>valde</strong></span> <span class='ocrx_word' id='word_1_407' title='bbox 2794 4303 3079 4396; x_wconf 86' lang='lat' dir='ltr'><strong>gavisus</strong></span> 
     </span>
    </p>
   </div>
   <div class='ocr_carea' id='block_1_3' title="bbox 571 4432 2790 4488">
    <p class='ocr_par' dir='ltr' id='par_1_5' title="bbox 571 4432 2790 4488">
     <span class='ocr_line' id='line_1_47' title="bbox 571 4432 2790 4488; baseline -0.001 -14"><span class='ocrx_word' id='word_1_408' title='bbox 571 4435 598 4461; x_wconf 69' lang='lat'>⁸</span> <span class='ocrx_word' id='word_1_409' title='bbox 629 4435 673 4475; x_wconf 85' lang='lat' dir='ltr'><strong>S.</strong></span> <span class='ocrx_word' id='word_1_410' title='bbox 695 4434 935 4478; x_wconf 64' lang='lat' dir='ltr'><strong>Barnabae</strong></span> <span class='ocrx_word' id='word_1_411' title='bbox 947 4436 1086 4485; x_wconf 73' lang='lat' dir='ltr'><strong>Juxta</strong></span> <span class='ocrx_word' id='word_1_412' title='bbox 1105 4436 1298 4478; x_wconf 65' lang='lat' dir='ltr'><strong>allatam</strong></span> <span class='ocrx_word' id='word_1_413' title='bbox 1316 4435 1340 4488; x_wconf 66' lang='lat'>3</span> <span class='ocrx_word' id='word_1_414' title='bbox 1360 4436 1573 4487; x_wconf 70' lang='lat' dir='ltr'><strong>praeced.</strong></span> <span class='ocrx_word' id='word_1_415' title='bbox 1595 4436 1935 4479; x_wconf 66' lang='lat' dir='ltr'><strong>revelationem</strong></span> <span class='ocrx_word' id='word_1_416' title='bbox 1954 4434 2229 4477; x_wconf 66' lang='lat' dir='ltr'><strong>venerabile</strong></span> <span class='ocrx_word' id='word_1_417' title='bbox 2250 4433 2524 4484; x_wconf 74' lang='lat' dir='ltr'><strong>depositum</strong></span> <span class='ocrx_word' id='word_1_418' title='bbox 2539 4432 2790 4483; x_wconf 78' lang='lat' dir='ltr'><strong>reperitur.</strong></span> 
     </span>
    </p>
   </div>
  </div>
 </body>
</html>
