3357 4995
637 321 764 386 224
1278 338 1354 382 DE
1404 337 1458 383 s.
1515 334 1785 383 PELAGIA
1834 335 2001 382 vnto.
2057 336 2132 386 ET
2180 337 2367 383 mar.
2610 271 2621 283 ·
2785 320 3005 386 J'UNII
3056 323 3098 386 9

549 424 877 493 mulieres
928 422 1115 512 ipsae
1165 433 1445 510 propter
1505 431 1792 489 naturae
1857 441 2023 490 suae
2086 421 2552 490 conditionem
2613 420 2697 489 ad
2762 421 3094 511 injuriam

550 512 1024 601 accipiendam
1059 510 1497 599 paratiorem,
1554 509 1758 578 talem
1794 511 2033 578 mortis
2068 511 2395 578 rationem
2429 509 2561 580 sibi
2591 510 3088 601 excogitarunt.

549 606 714 670 Nam
751 603 807 669 si
861 599 1167 668 licuisset
1205 614 1272 667 et
1322 598 1781 688 virginitatem
1834 597 1917 665 ad
1967 597 2173 665 finem
2210 620 2432 684 usque
2466 619 2759 678 servare,
2796 612 2862 668 et
2909 622 3095 668 mar-

549 690 709 777 tyrii
756 709 1082 757 coronam
1137 688 1510 777 percipere,
1567 687 1649 755 ad
1697 686 2047 775 judicium
2087 686 2183 755 ire
2235 708 2366 756 non
2406 700 2865 757 recusassent.
2911 694 3097 771 Quo-

549 779 735 845 niam
789 798 944 847 vero
994 777 1269 845 necess‘e
1317 790 1461 845 erat
1507 776 1791 844 omnino
1851 775 1937 843 ab
1997 776 2324 844 alterutro
2381 775 2714 857 excidere,
2753 789 3096 847 extremae

549 866 931 936 dementiae
971 865 1099 933 hoc
1126 887 1276 935 esse
1302 867 1499 935 beata
1539 864 1731 953 virgo
1771 865 2113 953 cogitavit,
2153 863 2554 934 dimidiatae
2586 882 2878 934 coronae
2905 888 3094 936 com-

549 968 775 1044 potem
827 953 1073 1035 factam
1126 955 1337 1032 abire,
1381 975 1540 1023 cum
1592 954 1954 1040 utriusque
1988 954 2307 1022 victoriae
2345 954 2642 1042 palmam
2695 956 2970 1042 assequi
3013 955 3094 1023 li·-

547 1057 761 1112 ceret:
817 1046 903 1112 ob
954 1042 1159 1131 idque
1211 1043 1431 1111 noluit
1481 1042 1549 1109 in
1573 1041 1920 1130 judicium
1966 1042 2311 1122 accedere,
2348 1065 2427 1110 ac
2480 1042 3089 1132 intemperantium

550 1133 910 1201 hominum
949 1131 1256 1221 aspectui
1297 1130 1770 1219 spectaculum
1810 1132 2122 1220 proponi,
2179 1143 2382 1217 atque
2435 1132 2841 1220 procacibus
2871 1131 3093 1201 oculis

550 1222 657 1290 sui
709 1232 1027 1311 aspectus
1077 1221 1489 1309 voluptatem
1546 1221 1920 1308 praebere,
1975 1234 2039 1287 et
2087 1232 2403 1289 sanctum
2457 1219 2627 1287 illud
2680 1241 2935 1309 corpus
2984 1221 3090 1289 in·

540 1311 769 1398 juriae
818 1308 1197 1396 subjicere:
1253 1308 1369 1376 sed
1402 1330 1482 1376 ex
1532 1307 1834 1376 thalamo
1887 1322 1951 1376 et
2004 1308 2371 1377 mulierum
2425 1309 2732 1376 conclavi
2785 1309 2869 1376 ad
2929 1310 3094 1377 alte-

552 1421 701 1466 rum
759 1398 1165 1475 thalamum,
1204 1397 1332 1466 hoc
1367 1409 1489 1473 est,
1529 1398 1595 1464 in
1650 1396 1919 1465 coelum
1976 1398 2202 1485 ipsum
2255 1397 2589 1466 ascendit.

641 1491 675 1572 ξ
724 1491 813 1557 3.
871 1491 1190 1574 Magnum
1247 1485 1530 1572 quidem
1581 1498 1704 1564 est,
1766 1485 2126 1554 carnifices
2175 1486 2365 1572 ipsos
2422 1487 2975 1567 circumstantes,
3031 1500 3095 1554 et

551 1577 855 1643 hominis
891 1574 1192 1663 alicujus
1224 1575 1434 1643 latera
1482 1573 1817 1643 fodientes
1854 1574 2115 1642 videre:
2157 1573 2271 1642 sed
2321 1575 2537 1643 nihilo
2588 1576 2842 1654 minUS,
2880 1597 3090 1661 quam

553 1664 775 1742 illud,
857 1666 982 1732 hoc
1030 1677 1152 1731 est.
1229 1668 1532 1762 Quorum
1587 1665 1771 1734 enim
1828 1661 2036 1762 latera
2086 1662 2489 1740 fodiuntur,
2554 1685 2792 1763 eorum
2846 1686 3096 1733 sensus
3182 1671 3187 1676 ’

554 1774 714 1842 prae
766 1764 1260 1821 tormentorum
1315 1763 1634 1820 varietate
1673 1765 2130 1830 consumitur,
2198 1766 2272 1819 ut
2334 1773 2518 1820 mors
2576 1774 2724 1839 ipsa
2777 1773 2912 1819 non
2948 1774 3093 1820 am-

553 1841 740 1930 plius
802 1840 1152 1919 terribilis,
1218 1840 1333 1911 sed
1389 1840 1699 1909 liberatio
1753 1841 2116 1927 quaedam,
2187 1854 2250 1907 et
2300 1840 2693 1930 urgentium
2751 1840 3092 1909 malorum

554 1929 870 1998 remissio
923 1929 1253 1998 videatur.
1294 1929 1563 2018 Pelagia
1617 1951 1771 1997 vero
1820 1950 1978 1997 cum
2026 1928 2199 1996 nihil
2232 1928 2359 1999 talc
2386 1928 2617 1998 adhuc
2654 1950 2855 2019 passa
2887 1943 3089 2008 esset,

550 2032 898 2107 etcorpus
932 2019 1275 2107 integrum
1332 2031 1537 2104 atque
1590 2018 1924 2086 intactum
1982 2017 2280 2097 haberet,
2339 2039 2559 2103 neque
2607 2016 2914 2087 dolorem
2966 2017 3095 2086 ali-

553 2123 755 2193 quem
801 2108 1106 2187 sentiret,
1160 2106 1314 2175 sorti
1363 2106 1660 2192 quadam
1713 2106 1958 2175 excelsi
1992 2107 2209 2175 animi
2252 2107 2733 2196 magnitudine
2763 2119 2944 2175 certe
2995 2107 3097 2175 illi

554 2218 728 2285 opus
777 2195 926 2274 suit,
976 2209 1048 2264 ut
1094 2217 1171 2264 ex
1214 2196 1340 2264 hac
1385 2196 1515 2263 vita
1567 2208 1781 2264 morte
1812 2195 2109 2264 violenta
2142 2197 2438 2285 seipsam
2472 2194 2766 2283 eJiceret.
2801 2200 3099 2277 Quamo-

554 2286 745 2353 brem
799 2307 956 2353 cum
1011 2285 1285 2354 illorum
1330 2283 1753 2352 tolerantiam
1789 2283 2181 2363 admirariS,
2221 2284 2434 2371 hujus
2473 2285 2703 2364 etiam,
2740 2307 2954 2370 quam
2989 2285 3096 2353 di-

555 2375 808 2452 ximus,
848 2373 1320 2447 sortitudinem
1373 2372 1756 2441 admirare:
1812 2394 1969 2442 cum
2009 2373 2287 2440 illorum
2314 2385 2321 2446 ζ
2337 2373 2732 2462 patientiam
2769 2373 3096 2462 obstupe-

555 2463 714 2541 scis,
755 2474 818 2531 et
852 2462 1061 2552 hujus
1133 2484 1488 2532 enerosam
1527 2473 1824 2532 mentem
1853 2462 2322 2552 obstupescas,
2350 2462 2531 2549 quod
2569 2462 2768 2531 talem
2806 2475 3094 2532 mortem

557 2552 792 2621 subire
853 2574 1024 2621 ausa
1115 2552 1310 2621 uerit.
1352 2549 1569 2620 Nolim
1637 2573 1777 2620 rem
1832 2552 2007 2619 hanc
2058 2551 2464 2639 simpliciter
2516 2564 2922 2641 praetereas,
2977 2552 3096 2620 sed

557 2642 804 2729 cogita,
851 2640 1196 2726 quomodo
1238 2662 1361 2739 par
1393 2652 1494 2708 est
1528 2652 1826 2709 teneram
1868 2641 2052 2709 illam
2109 2641 2441 2729 virginem
2490 2662 2666 2725 quae
2700 2639 2872 2708 nihil
2900 2639 3095 2709 aliud

555 2742 858 2809 noverat,
898 2730 1032 2798 nisi
1081 2729 1483 2817 virginalem
1523 2729 1781 2811 aulam,
1822 2720 1941 2798 silo
1972 2745 2274 2818 tempore
2305 2730 2617 2798 affectam
2666 2728 2901 2807 fuisse,
2934 2751 3094 2797 cum

556 2818 813 2889 milites
837 2839 909 2886 re
962 2832 1115 2887 ente
1159 2818 1521 2897 irruenteS,
1561 2832 1625 2886 et
1658 2818 1742 2886 ad
1778 2819 1955 2887 l'ores
1993 2820 2177 2908 ipsas
2208 2830 2461 2888 stantes
2490 2817 2657 2886 vidit
2692 2819 2813 2904 qui
2852 2818 2935 2885 ad
2979 2819 3099 2905 ju-

558 2907 816 2975 dicium
855 2907 898 2974 il
935 2928 1045 2974 am
1083 2907 1439 2987 vocabant,
1476 2920 1541 2975 et
1595 2928 1713 2995 per
1762 2908 1986 2976 forum
2021 2930 2143 2996 pro
2193 2906 2447 2976 talibus
2497 2907 2837 2992 tantisque
2888 2907 3100 2977 rebus

558 2994 952 3084 pertrahere
990 2994 1324 3068 volebant.
1360 3001 1502 3064 Non
1555 3009 1745 3085 pater
1796 2997 1980 3066 intus
2011 3008 2175 3073 erat,
2213 3018 2349 3063 non
2383 3006 2622 3074 mater,
2666 3016 2798 3064 non
2834 2995 3091 3075 nutrix,

556 3105 693 3150 non
745 3082 1022 3162 ancilla,
1080 3105 1213 3152 non
1263 3084 1563 3170 denique
1612 3085 1882 3154 vicinus
1948 3084 2246 3171 aliquis,
2321 3096 2440 3153 aut
2498 3085 2764 3153 amicus
2827 3096 3101 3172 praesto

556 3184 739 3240 erat:
794 3171 911 3240 sed
963 3171 1107 3241 sola
1155 3194 1193 3241 a
1243 3172 1691 3242 carnificibus
1755 3172 1892 3243 illis
1932 3173 2429 3262 comprehensa
2487 3184 2609 3241 est.
2672 3172 2863 3253 Quod
2910 3171 3098 3240 enim

557 3260 763 3337 exire,
803 3274 867 3329 et
915 3260 1364 3330 carnificibus
1416 3261 1553 3330 illis
1586 3285 1666 3331 ac
1719 3261 2055 3330 militibus
2105 3261 2541 3351 respondere.
2602 3261 2785 3348 quod
2835 3283 2917 3331 os
2961 3261 3098 3329 eri-

559 3370 718 3437 gere
757 3362 823 3416 et
871 3370 1104 3417 vocem
1137 3350 1467 3429 emittere,
1507 3350 1692 3437 quod
1754 3373 1869 3421 eos
1918 3352 2248 3440 aspicere,
2287 3352 2466 3438 quod
2527 3351 2826 3437 denique
2871 3350 3101 3419 consi-

559 3450 735 3506 stere
766 3450 831 3505 et
881 3437 1218 3526 respirare
1252 3439 1569 3528 potuerit,
1610 3440 1740 3507 hoc
1773 3452 1954 3509 certe
2003 3439 2133 3508 tale
2181 3463 2260 3508 ac
2311 3451 2578 3510 tantum
2618 3454 2742 3518 est,
2795 3452 2871 3507 ut
2900 3458 3102 3507 nemo
3159 3442 3170 3451 ‘

557 3526 774 3614 possit
825 3547 960 3594 non
1011 3525 1181 3595 illud
1231 3527 1565 3596 admirari
1597 3541 1803 3614 atque
1832 3530 2337 3620 obstupescere.
2375 3535 2515 3598 Non
2549 3541 2743 3598 erant
2777 3528 2945 3597 haec
2974 3549 3094 3596 na-

558 3627 753 3682 turae
787 3614 1132 3684 humanae
1164 3614 1374 3685 lacta:
1430 3617 1543 3686 sed
1600 3617 1716 3686 Dei
1743 3619 2071 3706 maiorem
2104 3629 2366 3708 partem
2396 3617 2810 3687 conferentis
2842 3615 3100 3686 auxilio

558 3702 626 3769 id
682 3702 908 3772 fiebat.
964 3709 1038 3772 At
1086 3706 1236 3794 ipsa
1272 3717 1496 3775 tamen
1549 3704 1766 3775 otiosa
1796 3728 1930 3775 non
1983 3721 2149 3786 erat,
2207 3706 2321 3775 sed
2353 3729 2392 3774 a
2425 3707 2650 3796 seipsa
2702 3720 3100 3795 promptum

558 3804 622 3859 et
672 3813 1082 3881 generosum
1116 3795 1456 3876 animum,
1510 3794 1956 3876 voluntatem,
2012 3818 2135 3885 pro
2188 3796 2465 3875 ositum,
2522 3796 2832 3865 studium
2867 3793 3102 3863 etaia-

556 3880 868 3950 critatem
918 3883 1263 3953 afferebat.
1322 3883 1561 3952 Divina
1609 3884 1823 3972 igitur
1856 3907 1984 3974 ope
2016 3907 2095 3953 ac
2191 3884 2619 3954 enevolentia
2668 3884 2921 3952 factum
2972 3894 3096 3961 est,

555 3981 633 4037 ut
682 3969 850 4039 haec
886 3972 1121 4040 omnia
1171 3972 1255 4041 ad
1297 3984 1618 4042 eventum
1677 3973 1935 4061 perlata
1985 3974 2145 4042 sint.
2193 3977 2431 4059 Itaque
2480 3973 2703 4063 ipsam
2768 3984 2834 4041 et
2882 3970 3107 4040 admi-

561 4058 722 4139 rari,
771 4072 834 4127 et
883 4060 1152 4130 beatam
1202 4060 1429 4129 dicere
1478 4060 1723 4130 merito
1772 4062 2145 4131 debemus:
2205 4063 2465 4131 beatam
2517 4061 2702 4148 quod
2742 4061 2858 4129 Dei
2910 4082 3107 4148 prae-

556 4146 812 4216 sidium
863 4160 1067 4236 atque
1106 4170 1304 4238 opem
1350 4148 1706 4219 habuerit:
1776 4150 2284 4231 admirabilem,
2331 4151 2515 4238 quod
2566 4163 2825 4220 tantam
2886 4147 3104 4215 animi

563 4235 984 4311 alacritatem
1035 4237 1427 4306 ostenderit.

644 4328 680 4411 ξ
728 4330 813 4397 4.
869 4326 1036 4406 Quis
1084 4326 1268 4394 enim
1328 4348 1457 4395 non
1501 4328 1660 4415 jure
1709 4329 2191 4418 obstupescat,
2264 4328 2554 4397 audiens
2606 4327 2795 4396 illam
2848 4337 3108 4415 tempo-

559 4414 654 4481 ris
707 4427 1051 4483 momento
1114 4415 1243 4483 tale
1314 4417 1739 4505 propositum
1793 4416 2051 4497 iniisse,
2106 4417 2552 4487 confirmasse
2610 4428 2674 4485 et
2723 4415 2807 4484 ad
2849 4415 3105 4484 exitum
