3357 4995
305 317 526 384 JUNII
578 318 661 382 45
725 397 726 402 Ἰ
919 334 999 382 ως
1047 333 1140 382 ss.
1195 332 1361 394 vno,
1414 330 1798 383 causeum-12&
1845 334 1920 383 Er
1966 331 2249 383 uonnsro
2637 317 2768 383 347

306 429 555 501 astant,
586 428 664 488 ut
709 416 996 489 credant
1026 427 1093 487 et
1138 415 1525 509 glorificent
1558 438 1811 487 nornen
1862 418 2137 488 Domini
2182 416 2319 488 mei
2364 423 2530 489 Jesu
2577 417 2850 501 Christi,

309 507 469 579 licet
515 529 652 578 non
688 508 1036 589 merearis,
1079 506 1447 577 declarabo
1480 507 1547 575 in
1582 520 1644 576 te
1686 507 2304 578 misericordiam.»
2345 511 2859 599 Imponensque

302 617 594 667 manum
654 617 865 687 super
901 596 1140 666 oculos
1186 596 1361 685 ejuS,
1414 595 1653 678 oravit,
1708 595 1992 667 dicens:
2048 595 2400 666 «Domine
2443 602 2612 666 Jesu
2667 596 2857 665 Chri-

306 696 430 766 ste,
482 685 605 772 qui
650 707 853 756 caeco
900 698 1060 756 nato
1092 684 1353 766 lumen,
1405 681 1587 773 quod
1643 698 1889 755 natura
1938 694 2336 776 negaverat,
2387 696 2506 755 tua
2557 685 2858 775 potentia

305 774 634 856 tribuisti,
678 796 1107 861 quamquam
1156 772 1326 843 fides
1373 773 1526 864 eJus
1566 794 1703 843 non
1738 784 2101 855 mereatur,
2141 784 2366 852 tamen
2400 785 2679 864 propter
2706 773 2857 863 glo-

303 862 481 932 riam
531 863 835 934 nominis
860 855 985 940 lui,
1027 862 1345 932 illumina
1406 861 1643 932 oculos
1693 861 1906 951 hujus
1955 860 2170 952 patris
2219 861 2402 945 mei,
2454 873 2532 931 ut
2579 861 2856 933 videant

305 963 374 1022 et
419 951 939 1021 confundantur
967 950 1232 1021 inimici
1273 951 1397 1032 tui,
1441 950 1917 1038 laetenturque
1949 971 2214 1032 omnes,
2260 950 2382 1038 qui
2422 952 2759 1020 noverunt
2793 963 2856 1022 te

305 1041 663 1110 Domine.»
713 1045 792 1110 Et
836 1061 992 1110 ecce
1038 1040 1436 1110 ceciderunt
1482 1039 1689 1127 quasi
1735 1060 2064 1126 squamae
2110 1039 2198 1109 ab
2245 1039 2465 1109 oculis
2499 1038 2738 1129 Hylae,
2791 1051 2857 1109 et

305 1140 588 1200 curatus
635 1140 762 1199 est:
816 1128 1327 1219 respiciensque
1359 1128 1526 1199 vidit
1580 1127 1765 1199 clare
1811 1128 2092 1198 omnia:
2145 1139 2210 1198 et
2255 1127 2648 1200 exclamans
2696 1149 2855 1198 voce

305 1239 584 1309 magna,
639 1216 859 1288 dixit:
914 1217 1179 1289 Gratias
1226 1239 1354 1308 ago
1403 1217 1538 1287 diis
1580 1216 1752 1286 meis
1782 1271 1798 1298 ,
1864 1217 1986 1304 qui
2033 1231 2145 1286 me
2204 1215 2469 1287 salvum
2519 1216 2848 1299 fecerunt,

308 1328 449 1376 non
500 1318 728 1377 autem
780 1311 914 1376 Deo
963 1319 1103 1387 tuo;
1163 1306 1523 1397 coepitque
1553 1306 1767 1378 miser
1813 1317 1995 1376 totus
2043 1306 2111 1374 in
2163 1327 2313 1375 eam
2374 1305 2855 1396 cogitationem

305 1394 734 1476 incumbere,
772 1394 1030 1482 quibus
1070 1394 1310 1485 poenis
1352 1394 1577 1464 filium
1624 1414 1835 1464 suum
1883 1393 2316 1464 interficeret.

392 1486 430 1571 ἓ
468 1490 562 1556 θ.
615 1484 914 1585 Angelus
943 1496 1171 1553 autem
1200 1482 1474 1552 Domini
1505 1505 1546 1552 a
1601 1482 1831 1574 paruit
1870 1483 2152 1574 pappati
2187 1483 2645 1574 (paedaqoqo)
2674 1484 2847 1574 eJUS,

304 1571 624 1664 religioso
678 1594 818 1643 viro
858 1572 1156 1643 Modesto
1183 1572 1483 1654 nomine,
1579 1571 1837 1659 ixitque
1882 1571 1983 1641 ei:
2016 1569 2245 1641 «Tolle
2271 1593 2591 1662 puerum,
2626 1585 2694 1642 et
2740 1571 2855 1642 de-

305 1661 559 1732 scende
606 1660 692 1732 ad
730 1682 939 1740 mare,
980 1662 1100 1732 ubi
1150 1660 1540 1731 naviculam
1570 1658 1898 1743 invenies,
1936 1682 2073 1747 qua
2111 1682 2255 1730 una
2286 1682 2445 1731 curn
2487 1659 2606 1730 illo
2633 1673 2854 1731 trans-

305 1748 587 1821 fretabis
620 1751 686 1818 in
732 1750 1076 1841 regionem
1118 1771 1327 1838 quam
1366 1749 1489 1819 tibi
1519 1748 1952 1820 ostendero»
1988 1753 2233 1820 Beatus
2265 1748 2609 1820 Modestus
2637 1748 2850 1819 dixit:

304 1861 340 1906 «
367 1839 674 1920 Domine,
727 1838 906 1908 viam
939 1860 1150 1926 quam
1197 1838 1396 1920 dicis,
1430 1837 1684 1919 nesci0,
1723 1849 1788 1907 et
1836 1858 1973 1926 quo
2023 1838 2209 1907 ibo?»
2238 1837 2539 1929 Angelus
2571 1860 2855 1929 respon-

302 1927 449 1997 dit:
511 1933 685 2018 «Ego
716 1948 834 1997 vos
865 1926 1191 1997 ducam.»
1241 1932 1398 1996 Erat
1445 1938 1674 1996 autem
1703 1926 1944 1996 beatus
1991 1926 2184 1998 Vitus
2214 1948 2433 1997 annos
2484 1940 2689 1997 natus
2722 1927 2857 1998 cir-

304 2016 475 2085 citer
504 2015 894 2087 duodecim.
950 2020 1188 2103 Itaque
1216 2015 1515 2107 Angelus
1547 2013 1831 2084 Domini
1872 2013 2252 2086 deducebat
2298 2037 2437 2097 eos,
2475 2028 2540 2085 et
2571 2036 2739 2085 cum
2765 2017 2851 2086 ad

307 2127 496 2176 mare
546 2117 821 2176 ventum
862 2119 1061 2186 esset,
1100 2105 1507 2175 invenerunt
1557 2103 1950 2174 naviculam
2001 2127 2040 2173 a
2075 2103 2339 2174 Christo
2367 2104 2654 2174 Domino
2681 2104 2852 2194 ipsis

309 2206 810 2285 praeparatam.
867 2194 1044 2263 Dixit
1096 2216 1249 2264 vero
1299 2192 1595 2284 Angelus
1634 2192 1720 2261 ad
1771 2192 2049 2263 beatum
2089 2215 2412 2282 puerum:
2468 2192 2605 2262 «Ad
2636 2214 2849 2280 quam

309 2283 674 2372 regionem,
710 2281 988 2353 tenditis
1012 2286 1085 2350 i»
1118 2287 1182 2352 S.
1246 2282 1436 2352 Vitus
1483 2280 1655 2352 dixit
1685 2304 1699 2349 :
1754 2304 1790 2349 «
1824 2287 1970 2365 Quo
2019 2303 2143 2351 nos
2173 2281 2504 2352 Dominus
2540 2281 2849 2364 duxerit,

310 2372 610 2463 prompti
658 2384 723 2442 et
761 2371 1017 2442 hilares
1064 2392 1506 2458 sequemur.»
1536 2370 1712 2441 Dixit
1741 2369 2075 2461 Angelus:
2117 2374 2237 2439 «Et
2266 2369 2391 2440 ubi
2430 2381 2532 2440 est
2559 2369 2851 2439 naulum

311 2471 506 2531 tuum
537 2465 609 2530 t»
655 2459 1032 2552 Respondit
1057 2464 1123 2531 S.
1169 2459 1382 2530 Vitus:
1423 2459 1611 2542 «Ille,
1668 2458 1873 2549 cujus
1915 2480 2039 2530 nos
2080 2457 2255 2529 servi
2287 2479 2556 2540 sumus,
2599 2479 2857 2529 merce-

307 2548 462 2617 dem
515 2550 638 2620 tibi
685 2549 1094 2639 dependet.»
1121 2554 1199 2618 Et
1230 2548 1326 2618 ita
1356 2548 1810 2619 ascendentes
1858 2548 1925 2616 in
1980 2546 2402 2628 naviculam,
2435 2547 2858 2648 appulerunt

303 2637 387 2707 ad
441 2637 670 2709 locum
719 2636 1118 2726 quemdam,
1171 2659 1378 2725 quem
1430 2635 1870 2707 Allectorium
1920 2635 1955 2670 ⁴²
2002 2648 2280 2717 vocant,
2332 2635 2700 2722 subitoque
2747 2635 2855 2706 di-

304 2727 571 2818 sparuit
602 2726 685 2807 is,
737 2727 858 2815 qui
906 2748 1022 2796 eos
1069 2747 1104 2795 e
1153 2726 1310 2795 navi
1359 2724 1703 2814 deposuit.
1742 2729 2088 2794 Venerunt
2137 2735 2362 2795 autem
2416 2723 2504 2794 ad
2556 2724 2850 2811 Silerum

301 2815 592 2885 fluvium
632 2815 725 2897 *ἲ
780 2827 845 2886 et
892 2813 1035 2885 illic
1066 2814 1197 2886 sub
1245 2815 1488 2885 arbore
1525 2812 1957 2902 quieverunt,
2009 2812 2131 2882 ubi
2167 2812 2502 2884 Dominus
2537 2834 2657 2904 per
2694 2814 2853 2884 bea·-

306 2916 455 2973 tum
489 2904 716 2975 Vitum
769 2902 1022 2973 multas
1068 2903 1351 2973 virtutes
1383 2902 1625 2971 effecit.
1683 2901 1889 2971 Cibus
1936 2913 2165 2971 autem
2208 2901 2307 2970 eis
2359 2923 2482 2991 per
2538 2900 2849 2991 aquilam

305 2991 791 3064 adserebatur:
846 3014 1168 3081 cumque,
1204 2990 1389 3061 sama
1436 2990 1712 3060 Domini
1761 2990 2076 3059 virtutem
2122 2988 2544 3080 divulgante,
2593 2989 2855 3060 multus

308 3079 393 3150 ad
427 3102 543 3152 eos
593 3079 834 3171 populi
880 3102 1264 3152 concursus
1299 3078 1511 3160 fieret,
1551 3077 1947 3148 clamabant
1977 3077 2383 3148 daemonia:
2439 3078 2616 3162 Quid
2654 3080 2855 3150 nobis

303 3182 371 3239 et
394 3165 543 3239 ‘tibi
590 3169 779 3239 Vite:
832 3169 1088 3239 Venisti
1135 3181 1294 3239 ante
1323 3181 1599 3258 tempus
1626 3167 1911 3258 perdere
1951 3166 2121 3238 nos‘?
2153 3171 2357 3237 Porro
2387 3167 2630 3239 beatus
2661 3167 2855 3237 Vitus

307 3257 643 3329 instanter
675 3258 964 3329 docebat
1017 3255 1353 3349 populum
1402 3266 1765 3348 praecepta
1814 3255 2127 3338 Domini,
2179 3268 2244 3326 et
2293 3255 2495 3326 multi
2540 3256 2855 3327 conversi

303 3346 856 3448 baptizabantur.
896 3351 973 3416 At
1022 3360 1306 3417 sanctus
1353 3366 1526 3436 puer
1558 3344 1849 3416 Domino
1896 3344 2151 3436 gratias
2180 3344 2446 3435 agebat,
2483 3357 2549 3416 et
2599 3344 2855 3438 populo

305 3440 422 3506 Dei
454 3435 890 3506 clementiam
922 3447 986 3504 et
1016 3435 1552 3526 omnipotentem
1604 3434 1949 3516 virtutem,
2002 3454 2165 3504 cum
2211 3432 2431 3504 multa
2468 3433 2685 3504 animi
2734 3434 2855 3504 de·

304 3523 575 3594 votione
617 3523 1076 3613 praedicabat.
1370 3532 1376 3537 ’

392 3614 428 3713 ξ
473 3616 548 3684 2.
605 3617 873 3683 Interea
909 3611 1219 3702 filius(a)
1243 3610 1643 3682 Diocletiani
1683 3609 2056 3680 vexabatur
2085 3632 2125 3680 a
2158 3609 2410 3700 spiritu
2458 3610 2848 3692 immund0‚

302 3724 426 3789 qui
465 3700 811 3772 clamabat
850 3722 972 3792 per
1002 3723 1080 3772 os
1118 3700 1311 3791 eJus:
1365 3704 1501 3792 Ego
1540 3699 1707 3769 hinc
1740 3720 1876 3769 non
1932 3698 2153 3780 exibo,
2206 3698 2341 3770 nisi
2394 3698 2619 3769 veniat
2665 3700 2855 3769 Vitus

305 3794 651 3861 Lucanus.
706 3794 1125 3891 Imperatore
1171 3801 1398 3859 autern
1441 3788 1735 3868 dicente,
1775 3792 1852 3858 Et
1904 3786 2030 3857 ubi
2085 3809 2461 3878 possumus
2492 3788 2681 3858 hunc
2728 3788 2855 3857 ho-

304 3878 564 3948 minem
600 3878 958 3949 invenire?
1005 3883 1303 3948 Daemon
1340 3876 1476 3948 ait:
1530 3874 1723 3968 Apud
1762 3876 2054 3946 fluvium
2099 3875 2419 3947 Silerum.
2464 3877 2645 3946 Misit
2691 3897 2854 3966 ergo

303 3980 604 4038 armatos
641 3967 891 4037 milites
922 3971 1328 4058 Imperator,
1364 3978 1442 4037 ut
1470 3964 1782 4036 celeriter
1821 3958 2244 4035 adducerent
2274 3964 2499 4036 illum.
2530 3964 2660 4048 Qui
2689 3986 2850 4035 cum

354 4132 381 4160 ⁸
409 4132 446 4172 Ε
465 4141 630 4180 σηοω
647 4131 698 4171 In
715 4131 1010 4170 Gallia-amam
1028 4138 1176 4179 teque
1195 4130 1487 4175 verteretur:
1504 4127 1597 4169 loci
1615 4128 1663 4168 et
1684 4126 1891 4169 nominis
1910 4124 2141 4168 ndlcium
2157 4126 2406 4177 disparuit.

356 4185 409 4213 ‘¹⁸'
441 4186 593 4234 vulgo
616 4186 704 4224 Silo
724 4184 939 4224 Picentes
960 4194 986 4224 a
1004 4180 1205 4223 Lucanis
1226 4181 1429 4232 separat.
1475 4206 1484 4216 ·

353 4236 422 4289 (α)
456 4239 613 4278 Fadana
641 4237 825 4278 mavult
851 4237 1006 4287 legere
1035 4236 1150 4283 Ado,
1178 4237 1226 4277 et
1255 4232 1490 4276 valeriam
1517 4229 1749 4284 intelligit
1767 4231 1957 4275 Galerio
1979 4233 2198 4283 nuptm:
2218 4232 2400 4274 nullam
2420 4233 2575 4275 antem
2601 4233 2740 4275 tunm
2758 4230 2854 4274 nisi

301 4292 512 4340 spuriam
539 4290 723 4340 prolem
753 4300 778 4330 e
807 4290 981 4331 scortis
1009 4290 1220 4339 suscepit
1247 4286 1585 4330 Dtocletianus.
1613 4289 1674 4327 At
1694 4296 1850 4328 nonne
1869 4290 2134 4337 praestaret
2151 4288 2472 4327 Macen-canum
2488 4288 2645 4337 legere
2663 4289 2853 4336 quoties

300 4345 512 4385 occurrit.
530 4341 852 4384 Diocletianus
877 4340 960 4393 qni
988 4343 1038 4382 In
1067 4339 1257 4383 Oriente
1285 4342 1516 4392 degebat?
1543 4343 1637 4381 Aut
1671 4340 1879 4390 aliquem
1900 4342 2069 4381 Romae
2092 4340 2417 4381 Praefectum?
2451 4341 2710 4385 caeterum,
2726 4340 2854 4380 circ·

301 4393 579 4446 requisitam
614 4406 641 4437 ι
667 4399 868 4459 tmuno
901 4397 1052 4437 sancti
1080 4394 1215 4446 pueri
1243 4405 1381 4446 opem
1397 4391 1688 4445 hujusmodi.
1704 4402 1825 4444 quse
1846 4394 1904 4435 de
1923 4393 2029 4434 alus
2049 4394 2273 4435 similiter
2294 4395 2530 4439 narratur.
2547 4389 2772 4443 figmenti.
2792 4393 2853 4433 nd

301 4450 373 4491 ret
402 4448 660 4500 aliquoties
689 4450 965 4492 verissimae
995 4447 1319 4497 mutationem,
1344 4446 1422 4490 hic
1450 4449 1531 4490 vel
1558 4448 1671 4489 subl
1699 4448 1825 4489 haud
1853 4448 2033 4489 temere
2059 4443 2228 4488 incidit
2257 4446 2480 4497 suspicio.
