3357 4995
715 350 843 415 498
1315 363 1392 409 na
1436 361 1811 409 numum
1861 362 1915 408 s.
1969 361 2233 410 somnis
2284 362 2465 409 am.
2812 346 2851 409 J
2862 344 3031 409 UNII
3079 344 3172 408 24

628 449 931 540 imagine
962 470 1096 517 non
1130 446 1824 534 repraesentabimuS,
1877 445 1960 515 ad
1988 446 2371 516 evidentem
2405 445 3056 517 demonstrationem
3077 446 3174 515 ab

628 561 707 609 eo
741 548 1097 626 susceptae
1137 535 1389 616 carniS‚
1434 555 1610 622 quae
1650 533 1911 605 visione
1957 556 2092 603 non
2097 547 2341 691 (potest
2378 534 2855 625 apprehendi?

713 630 751 714 ξ
795 631 871 698 2.
916 630 1143 712 Neque
1190 646 1346 694 vero
1394 634 1636 714 putent
1673 622 1889 704 stulti,
1935 644 2058 693 nos
2150 623 2524 694 ivinitatem
2559 623 2627 691 in
2670 623 2799 693 hoc
2849 622 3162 693 circum-

626 715 950 796 scribere,
1002 736 1179 802 quae
1226 734 1449 800 neque
1485 710 1713 781 verbis
1749 712 2066 801 exprimi,
2105 733 2324 799 neque
2370 712 2863 801 comprehendi
2915 723 3162 802 potest,

625 805 830 892 cujus
873 802 1065 872 nulla
1109 814 1210 872 est
1260 800 1590 902 positura,
1648 799 1840 869 nulla
1881 800 2127 891 figura,
2182 799 2421 870 nullus
2470 800 2685 882 locuS,
2724 800 2913 871 nulla
2945 822 3175 887 quan-

629 894 808 972 titaS‚
865 891 1057 960 nulla
1088 889 1409 991 qualitas,
1454 909 1589 958 non
1626 888 1890 975 aliquid
1924 887 2114 957 aliud
2145 910 2225 957 ex
2260 889 2346 958 iis
2374 910 2550 976 quae
2583 902 2745 959 sunt
2776 890 2957 959 intra
2991 889 3174 958 fines

628 979 1315 1069 circumscriptionis,
1369 989 1727 1068 propterea
1776 977 1958 1064 quod
2011 977 2098 1046 sit
2146 977 2417 1047 infinita
2445 990 2510 1049 et
2545 999 2679 1046 non
2724 990 2942 1069 potest
2973 1000 3179 1047 com-

631 1069 989 1162 prehendi.
1042 1073 1207 1138 Nam
1243 1067 1355 1136 hic
1395 1087 1667 1154 quoque
1700 1065 1873 1155 ejuS,
1906 1067 2028 1153 qui
2060 1078 2161 1135 est
2210 1067 2440 1147 hom0,
2494 1066 2930 1136 solummodo
2967 1065 3177 1136 effin-

632 1171 867 1249 gentes
921 1156 1319 1247 imaginem,
1385 1177 1519 1225 non
1578 1154 1901 1223 materiae
1947 1165 2290 1244 expertem
2339 1166 2404 1225 et
2443 1153 2808 1224 informem
2858 1156 3174 1224 animam

631 1270 774 1317 una
821 1245 1105 1316 omnino
1142 1243 1562 1334 effingimus.
1614 1244 1757 1311 Non
1792 1242 1978 1311 enim
2027 1243 2407 1331 contingit:
2446 1244 2562 1313 sed
2599 1245 2872 1331 utrique
2918 1265 3175 1313 conve-

634 1336 901 1405 nienter
931 1333 1372 1403 attribuimus
1418 1354 1497 1401 ea
1533 1353 1711 1418 quae
1741 1344 1902 1401 sunt
1938 1332 2090 1421 ejus
2131 1331 2409 1422 propria
2442 1355 2457 1398 ε
2492 1332 2577 1413 ei,
2628 1331 2813 1420 quod
2863 1333 3172 1402 circum-

637 1423 847 1495 scribi
883 1443 1017 1491 non
1055 1433 1294 1512 potest,
1359 1420 1451 1502 id,
1490 1420 1672 1508 quod
1703 1442 1838 1489 non
1890 1432 2109 1509 potest
2146 1420 2667 1490 circumscribi:
2712 1434 2800 1502 et,
2838 1422 2925 1502 ei,
2977 1419 3170 1507 quod

637 1524 855 1602 potest
900 1509 1399 1591 circumscribi,
1454 1509 1560 1591 id,
1614 1508 1795 1597 quod
1830 1509 2310 1579 circumscribi
2351 1521 2600 1599 potest:
2656 1510 2836 1581 sicut
2879 1509 3172 1581 verbum

637 1599 931 1670 ostendit
976 1598 1299 1668 veritatis.

725 1691 762 1776 ἓ
800 1692 881 1760 S.
936 1692 1380 1757 Revertamur
1410 1699 1638 1755 autem
1683 1707 1924 1756 rursus
1970 1685 2052 1755 ad
2106 1686 2560 1777 propositum.
2605 1686 2780 1757 Dixit
2826 1699 3057 1755 autem
3092 1686 3176 1756 ‘ei

638 1776 971 1868 Angelus:
1010 1782 1105 1845 Ne
1146 1779 1403 1854 timeor,
1457 1775 1816 1855 Zacharia,
1881 1778 2197 1866 quoniam
2245 1777 2575 1845 emaudita
2636 1785 2730 1845 est
2789 1776 3170 1865 deprecatio

638 1877 781 1948 tua,
819 1877 880 1934 et
908 1888 1088 1934 uoeor
1127 1876 1246 1934 tua
1290 1865 1641 1934 Elizabeth
1683 1865 1908 1954 pariet
1937 1865 2062 1933 cibi
2082 1865 2304 1952 filium
2332 1865 2578 1953 (Lucae
2624 1888 2670 1946 1,
2727 1863 2862 1952 43).
2901 1867 2952 1933 Ο
2983 1862 3171 1933 desi-

636 1954 975 2035 deratum,
1028 1954 1147 2040 qui
1196 1976 1235 2021 a
1284 1957 1416 2021 Deo
1465 1951 1849 2041 praebetur,
1883 1953 2187 2041 jussum.
2243 1956 2293 2020 Ο
2332 1952 2528 2022 valde
2558 1952 2955 2053 optandam,
2990 1973 3173 2039 quae

640 2043 922 2113 affertur
968 2041 1055 2111 ab
1093 2041 1368 2132 Ange10‚
1426 2040 1978 2131 promissionem.
2030 2045 2397 2110 Assecutus
2444 2054 2545 2112 est
2596 2041 2688 2123 1d,
2741 2040 2927 2128 quod
2974 2054 3171 2130 opta-

638 2144 863 2201 verat:
917 2129 1212 2200 obtinuit
1262 2129 1352 2212 id,
1391 2128 1575 2216 quod
1625 2128 1943 2217 rogabat:
1999 2129 2257 2199 invenit
2289 2129 2382 2209 id,
2423 2130 2604 2217 quod
2641 2130 3034 2217 quaerebat,
3085 2142 3166 2199 ut

640 2220 995 2290 tolleretur
1041 2218 1387 2300 sterilitas,
1419 2231 1485 2287 et
1530 2215 1895 2307 pulchram
1944 2217 2223 2287 haberet
2256 2218 2541 2306 prolem,
2575 2239 2712 2288 non
2741 2240 3169 2306 consequen-

638 2309 732 2379 tia
783 2321 1088 2389 naturae,
1143 2307 1257 2376 sed
1311 2305 1652 2397 precibus.
1708 2310 1849 2374 Non
1900 2305 2081 2374 enirn
2128 2306 2471 2375 maledicti
2504 2317 2646 2376 erat
2697 2329 2918 2397 poena
2968 2308 3166 2376 steri-

639 2396 830 2467 litas:
876 2396 1075 2476 absit,
1129 2395 1245 2465 sed
1284 2395 1512 2485 magni
1550 2394 1856 2483 mysterii
1893 2393 2328 2484 significatio.
2391 2400 2556 2466 Nam
2605 2417 2765 2465 cum
2807 2396 3166 2466 Zacharias

638 2499 817 2558 esset
862 2483 1335 2573 frequentibus
1381 2483 1465 2553 ad
1516 2487 1727 2552 Deum
1780 2483 2083 2555 intentus
2132 2484 2474 2574 precibus,
2516 2496 2591 2556 ut
2630 2484 3003 2556 solveretur
3037 2495 3169 2554 ste-

637 2576 882 2655 rilitas,
936 2574 1231 2644 arbitror
1275 2596 1434 2643 eum
1486 2572 1772 2642 fortasse
1821 2572 1987 2641 haec
2034 2572 2402 2643 audivisse.
2458 2579 2598 2644 Non
2648 2587 2751 2645 est
2788 2575 3166 2665 perfectum

641 2678 936 2756 tempus,
994 2662 1302 2741 nondum
1339 2672 1670 2731 venerunt
1703 2660 1850 2732 dies
1879 2660 2233 2731 adventus.
2274 2667 2485 2744 Tunc,
2524 2685 2563 2732 o
2592 2662 2937 2745 Zacharia,
2963 2684 3169 2752 spera

634 2752 800 2834 sore,
827 2764 902 2821 ut
928 2751 1177 2821 liberos
1205 2751 1566 2841 suscipia5‚
1598 2749 1877 2837 quando
1904 2750 2159 2820 venerit
2185 2751 2558 2844 expectatio
2584 2752 2916 2843 gentium.
2948 2758 3164 2832 Tunc,

633 2854 914 2931 expecta
979 2840 1398 2911 sterilitatem
1462 2838 1914 2918 foecundari,
1974 2839 2253 2925 quando
2312 2841 2569 2910 venerit
2626 2862 2786 2931 spes
2848 2840 3164 2911 omnium

633 2930 882 2999 finium
934 2941 1170 2997 terrae.
1213 2933 1572 3015 Postquam
1637 2926 1820 2996 venit
1869 2939 2180 3016 tempus:
2237 2929 2502 3020 Accipe,
2547 2929 2797 3017 inquit,
2851 2928 2916 2998 id
2967 2928 3163 3014 quod

634 3017 883 3087 esttibi
911 3017 1102 3087 cordi
1124 3038 1244 3108 per
1268 3016 1600 3087 Gabrielis
1627 3015 2195 3115 praedictionem:
2236 3039 2556 3087 renovare
2578 3030 2904 3105 tanquam
2931 3014 3174 3105 aquila

625 3107 1004 3196 juventute.
1047 3111 1412 3195 Cognosce,
1458 3105 1704 3191 inqutt,
1743 3105 2134 3194 conjugem:
2178 3107 2498 3177 exaudita
2534 3117 2635 3176 est
2666 3108 2852 3176 enim
2898 3119 3014 3177 tua
3044 3104 3171 3173 de-

633 3194 972 3285 precatio:
1024 3204 1086 3263 et
1116 3218 1294 3263 umor
1326 3206 1444 3263 tua
1476 3194 1828 3263 Elizabeth
1853 3195 2076 3283 pariet
2114 3196 2237 3263 tibi
2262 3197 2506 3285 filium,
2553 3207 2614 3265 et
2641 3198 2905 3265 vocabis
2934 3217 3174 3264 nomen

635 3286 781 3374 ejus
808 3283 1156 3353 Joannem.
1212 3287 1553 3373 Cognosce
1591 3281 1793 3351 etiam
1849 3304 2122 3364 nomen,
2160 3306 2299 3371 quo
2333 3284 2707 3366 vocabitur,
2748 3283 2856 3354 vel
2898 3306 2978 3353 ex
3015 3282 3171 3374 ipsa

636 3370 1048 3462 etymologia
1098 3371 1220 3441 tibi
1266 3370 1629 3460 procedere
1677 3391 1758 3438 ex
1805 3370 1964 3439 alt0.

721 3463 757 3547 ξ
804 3463 899 3528 9.
954 3460 1127 3530 Dixit
1173 3470 1397 3529 autem
1462 3459 1820 3529 Zacharias
1882 3457 2135 3548 Angelo
2180 3460 2566 3551 (deinceps
2614 3462 2800 3532 enim
2866 3483 3031 3531 cum
3085 3481 3170 3529 eo

633 3559 958 3636 tanquam
994 3571 1152 3618 cum
1203 3570 1527 3619 conservo
1566 3548 1778 3619 libere
1825 3549 2181 3640 loquitur):
2219 3552 2547 3633 Quomodo
2580 3551 2698 3620 hoc
2729 3549 3169 3639 coquoscam?

634 3643 772 3728 qu
825 3640 999 3707 enim
1053 3661 1202 3706 sum
1253 3660 1482 3718 senem,
1522 3648 1583 3707 et
1612 3662 1794 3708 umor
1842 3662 1992 3708 mea
2016 3641 2337 3730 processit
2367 3641 2438 3707 in
2468 3640 2696 3708 diebus
2722 3641 2865 3708 suis
2895 3638 3159 3728 (loiri.)

632 3730 842 3813 Atque
883 3748 1075 3826 prom
1136 3739 1196 3795 ta
1231 3727 1511 3814 quidem
1559 3739 1624 3795 et
1688 3740 1970 3817 paterna
2016 3728 2512 3798 demonstratio
2545 3727 2967 3798 sacerdotem
3004 3726 3169 3796 facit

637 3836 829 3883 reum
882 3835 1069 3885 1ncre
1122 3815 1405 3885 ulitatis.
1468 3821 1795 3885 Praesens
1842 3829 2070 3885 autem
2132 3838 2355 3886 sermo
2405 3839 2540 3886 non
2595 3839 2665 3886 se
2721 3815 3165 3896 submittens,

634 3902 748 3972 sed
803 3903 1181 3992 procedens
1246 3915 1570 3991 tanquam
1613 3905 1700 3974 ad
1731 3906 2326 3986 examinationem,
2363 3905 2531 3977 dicit
2575 3927 2654 3975 eo
2701 3904 2907 3974 modo
2955 3904 3171 3975 fuisse

632 3993 948 4061 affectum
1004 3993 1421 4074 Zachariam,
1486 4016 1623 4094 quo
1672 4016 1968 4084 magnus
2030 3996 2344 4065 Thomas.
2392 4000 2535 4066 Non
2582 3993 2766 4063 enim
2816 4006 2961 4062 erat
3008 4014 3171 4062 con-

632 4092 1061 4162 sentaneum,
1117 4102 1276 4151 eum
1325 4081 1454 4151 hoc
1504 4104 1878 4173 ignorasse,
1934 4106 2092 4153 cum
2127 4095 2305 4153 esset
2353 4084 2710 4174 Propheta,
2755 4094 2820 4151 et
2854 4083 2923 4149 in
2959 4082 3167 4151 rebus

632 4168 888 4238 divinis
934 4170 1269 4249 eruditus,
1306 4193 1505 4260 posse
1540 4177 1749 4241 Deum
1804 4172 1902 4240 vel
1946 4172 2166 4262 ipsam
2205 4183 2525 4241 naturam
2576 4172 2928 4252 innovare,
2982 4181 3048 4239 et
3082 4192 3165 4240 ex

633 4280 793 4329 sene
830 4258 1153 4347 juvenem
1204 4258 1491 4339 efficere,
1545 4273 1609 4331 et
1653 4283 1730 4329 ea
1781 4261 2062 4330 reddere
2119 4259 2350 4330 facilia
2378 4282 2556 4348 quae
2601 4259 2922 4330 videntur
2970 4257 3166 4328 nullo

633 4346 836 4417 modo
888 4369 1082 4437 posse
1131 4348 1301 4428 fieri,
1337 4359 1413 4418 ut
1455 4349 1521 4417 in
1570 4349 1953 4420 Abrahamo
1985 4362 2049 4419 et
2099 4354 2286 4431 Sara,
2340 4350 2520 4420 sicut
2566 4350 2634 4418 in
2698 4346 3157 4427 Sunamitide,

632 4450 695 4506 et
756 4437 824 4505 in
874 4435 1028 4506 aliis
1090 4437 1238 4525 ejus
1273 4438 1478 4507 variis
1530 4450 1594 4508 et
1657 4460 1861 4509 omne
1910 4461 2131 4530 genus
2186 4438 2564 4510 miraculis.
2633 4438 2759 4508 Sed
2825 4436 3164 4525 quoniam
