3357 4995
264 319 451 385 JUNII
503 320 527 382 t
945 336 1001 382 Β.
1055 330 1349 382 ANDREAE
1396 334 1473 381 na
1520 331 1666 381 cmo
1716 290 2082 380 marmium
2653 317 2691 379 7

264 420 490 491 lucr'ari
557 421 867 491 animam
928 418 1280 497 hominis,
1334 439 1414 487 ex
1483 429 1616 487 toto
1654 417 1866 487 nobis
1915 418 2120 487 corde
2168 419 2654 487 adhaerentem
2707 418 2777 486 in

262 512 523 580 caeteris
554 508 883 579 omnibus
916 520 1182 598 praeter
1207 506 1835 588 circumcisionem,
1875 528 2083 593 quam
2116 508 2420 595 rejicere,
2451 506 2781 595 quoniam

260 600 841 669 circumcisionem
880 595 1297 666 reformidet.
1333 594 1455 664 His
1487 595 1896 676 rationibus,
1937 594 2037 663 vel
2076 596 2322 686 magis,
2361 597 2523 684 quia
2561 606 2783 667 sectae

257 687 503 771 favebat
566 708 777 766 suae,
830 685 1163 756 confusus
1223 682 1485 763 Judex,
1541 683 1805 754 nullam
1875 686 2325 773 pronuntiare
2374 684 2784 754 sententiam

256 776 410 845 velle
458 778 528 845 in
580 797 651 845 re
700 774 1125 853 tantadixit,
1185 772 1321 841 nisi
1370 777 1622 841 Rerrem
1672 773 2122 843 consuluerit:
2177 775 2272 842 ita
2319 774 2505 842 enim
2571 773 2783 844 moris

254 878 344 935 est
390 866 459 934 in
512 863 746 935 causis
787 863 1134 953 ambiguis
1183 873 1249 930 et
1295 826 1556 930 ardul's.
2652 946 2660 954 .

328 957 363 1041 ξ
409 961 496 1027 5.
552 960 805 1042 Regem
849 952 1104 1042 igitur,
1156 951 1227 1019 in
1279 971 1624 1019 carcerem
1675 951 1982 1040 conjecto
2035 950 2250 1020 milite
2299 952 2571 1033 Christi,
2617 972 2781 1020 con-

253 1042 501 1113 sultum
552 1042 757 1111 adiit:
824 1042 938 1110 cui
996 1041 1230 1109 omnia
1277 1038 1870 1119 cum'retulisset‚
1919 1041 2378 1130 interrogatus
2441 1041 2526 1109 de
2573 1051 2787 1108 aetate

250 1132 484 1222 ipsius,
530 1131 908 1217 habituque
938 1129 1128 1199 omni
1169 1149 1286 1197 cor
1336 1128 1498 1205 oris,
1552 1153 1576 1193 tt
1608 1130 1917 1209 Juvenis‚
1959 1130 2183 1216 inquit
2213 1130 2383 1219 ipse,
2419 1130 2651 1198 animo
2683 1130 2787 1196 in-

246 1221 459 1291 victus
505 1232 710 1307 atque
759 1239 1010 1309 magna
1059 1229 1277 1287 statur
1339 1273 1353 1297 ,
1442 1217 1776 1287 randibus
1829 1217 2102 1287 ossibus
2132 1231 2337 1305 atque
2370 1218 2596 1288 nervis
2628 1239 2790 1287 con-

248 1309 554 1379 vallatus.
594 1332 632 1374 »
682 1314 820 1377 Rex
861 1306 1026 1376 tales
1058 1306 1373 1375 homines
1454 1308 1657 1375 abere
1697 1308 1766 1374 in
1810 1306 2056 1376 militia
2090 1308 2318 1397 cupit:
2363 1330 2398 1373 «
2441 1306 2644 1387 Vade,
2681 1307 2788 1374 in-

247 1399 411 1485 quit,
462 1412 531 1467 et
580 1399 885 1489 primum
936 1396 1062 1476 illi,
1116 1396 1176 1464 si
1225 1406 1455 1465 noster
1502 1394 1810 1464 voluerit·
1835 1417 2008 1475 esse,
2048 1396 2401 1465 offerimus
2444 1396 2790 1466 centurio-

248 1500 481 1556 natum
530 1487 599 1554 in
654 1485 902 1554 militia
953 1495 1232 1555 nostra:
1287 1483 1537 1552 deinde
1588 1497 1791 1573 prout
1844 1484 1912 1551 in
1945 1484 2222 1554 ,virtute
2287 1486 2517 1575 ipsum
2570 1484 2792 1554 valere

247 1576 846 1666 conspexerimuS,
901 1573 987 1641 ad
1052 1573 1321 1661 majora
1373 1573 1849 1663 provehemus.
1908 1573 2098 1654 Quod
2151 1576 2208 1643 si
2258 1574 2610 1643 beneficiis
2654 1594 2789 1640 non

247 1663 808 1743 commovebitur,
852 1662 1062 1731 minis
1110 1674 1318 1749 atque
1368 1675 1624 1731 terrore
1658 1663 1890 1751 ipsum
1942 1663 2321 1731 concutias:
2360 1676 2424 1731 et
2459 1664 2514 1732 si
2551 1673 2794 1731 neutra

251 1753 498 1852 poteris
547 1752 939 1842 praevalere
973 1751 1104 1831 via,
1142 1751 1369 1840 capite
1406 1751 1688 1841 plectas.
1726 1774 1760 1815 »
1790 1750 2011 1819 Altero
2043 1752 2256 1841 igitur
2288 1751 2420 1832 die,
2460 1751 2793 1841 producto

251 1864 432 1931 ipse,
538 1842 798 1910 rimum
872 1839 1077 1929 Regis
1134 1839 1664 1929 pollicitationes
1724 1853 2212 1929 proponuntur
2258 1840 2564 1909 mirabili
2629 1862 2793 1910 cum

248 1930 454 2020 ampli
514 1929 805 2008 catione,
861 1928 1069 2014 quod
1095 1940 1305 2018 caput
1345 1930 1576 1997 statim
1611 1929 1791 2009 eriS,
1831 1929 2134 2009 Andrea‚
2169 1943 2448 1999 centum
2492 1928 2792 1997 militum

248 2031 307 2087 et
352 2041 391 2087 a
440 2020 865 2108 privatorum
917 2028 1176 2087 tractus
1224 2017 1657 2097 conditione,
1712 2038 1870 2086 cum
1924 2018 2152 2087 Princi
2207 2019 2366 2088 ibus
2414 2037 2793 2086 connume-

248 2107 546 2177 raberis:
600 2105 784 2193 quod
836 2104 1034 2175 facile
1083 2106 1298 2174 virtus
1331 2117 1395 2175 et
1425 2105 1787 2196 diligentia
1820 2119 1938 2176 tua
1971 2041 2241 2203 &toliet
2282 2118 2343 2176 te
2382 2107 2468 2175 ad
2504 2107 2788 2175 ma'ora.

249 2201 492 2265 Verum
521 2195 682 2264 cum
713 2207 975 2282 martyr
1019 2194 1289 2271 Christi,
1323 2195 1495 2263 nihil
1539 2194 2042 2284 respondendo,
2090 2208 2528 2265 contemnere
2571 2219 2610 2263 o
2664 2194 2799 2263 lata

247 2285 636 2365 videretur,
691 2283 809 2369 qui
875 2283 1283 2353 circumfusi
1334 2296 1530 2352 erant
1572 2283 1894 2353 .veritatis
1950 2284 2214 2365 hosteS,
2252 2285 2387 2353 -alii
2436 2297 2798 2376 argentum

253 2388 452 2461 atque
484 2393 763 2451 aurum,
818 2370 936 2440 alii
970 2384 1225 2453 vesteS,
1261 2371 1378 2440 alii
1415 2371 1915 2469 supellectilem
1954 2374 2228 2442 variam·
2253 2374 2792 2463 pollicebantur:

251 2464 547 2550 cumque
579 2462 646 2530 in
683 2460 954 2530 silentio
988 2461 1214 2532 acrius
1245 2474 1731 2551 perseveraret,
1778 2484 1813 2527 «
1835 2461 2036 2545 Quid,
2084 2463 2433 2550 inquiunt,
2468 2484 2552 2531 ne
2574 2461 2800 2531 verbis

249 2552 523 2639 quidem
577 2551 713 2620 tuis
764 2571 887 2619 nos
936 2550 1186 2641 dignos
1228 2555 1494 2640 putas?
1526 2574 1666 2617 »—-
1689 2574 1724 2616 «
1755 2552 1954 2641 Digni
1986 2551 2294 2637 quidem,
2330 2551 2446 2632 ait,
2485 2569 2603 2621 vos
2636 2551 2801 2620 estis

247 2640 462 2710 multo
493 2639 897 2728 majoribusu
936 2661 1144 2726 quam
1179 2661 1304 2730 ego
1338 2640 1562 2709 dicere
1602 2653 1722 2709 aut
1753 2640 2137 2728 excogitare
2175 2661 2451 2726 queam:
2507 2639 2625 2708 sed
2663 2661 2796 2718 reS‚

246 2750 414 2816 quas
440 2728 721 2810 offertis,
754 2728 946 2797 nulla
980 2729 1421 2818 responsione
1464 2741 1627 2798 sunt
1671 2728 1946 2826 dignae.
2006 2728 2182 2810 Quid
2244 2728 2427 2800 enim
2465 2728 2799 2798 caducam

249 2817 426 2887 hanc
474 2819 687 2887 vitam
738 2827 945 2903 atque
995 2817 1350 2886 mortalem
1404 2818 1662 2907 putatis
1713 2818 1950 2905 magni
2001 2816 2261 2904 aliquid
2315 2817 2609 2897 habere,
2665 2836 2801 2902 quo

245 2906 514 2976 coelesti
542 2907 630 2975 sit
657 2905 1184 3005 praeponenda?
1205 2929 1395 2972 »-—«
1420 2911 1644 2984 Erras,
1685 2905 1819 2995 ipsi
1858 2905 2313 2995 respondent:
2355 2929 2514 2975 narn
2555 2927 2702 2985 nOS‚
2740 2917 2806 2973 et

251 2995 330 3063 ad
382 2994 575 3063 illam
628 2994 750 3063 tibi
793 3016 976 3063 viam
1015 2996 1284 3084 aperire
1328 2995 1713 3073 studemus,
1752 3006 1816 3062 et
1851 2994 2030 3063 hanc
2062 2996 2347 3085 insuper
2381 2995 2503 3063 tibi
2535 2994 2804 3064 felicem

247 3083 528 3152 reddere
549 3105 909 3152 conamur.
936 3106 1126 3149 »—«
1147 3090 1290 3153 Non
1318 3083 1708 3163 cohaerent,
1744 3083 1992 3169 inquit,
2025 3083 2286 3154 caduca
2308 3085 2630 3163 aeterniS,
2666 3104 2804 3152 non

253 3171 570 3242 felicibus
618 3172 894 3250 misera,
941 3193 1078 3241 non
1127 3173 1417 3263 profana
1469 3170 1712 3241 beatis,
1769 3171 1896 3241 Sed
1947 3173 2112 3258 quid
2164 3194 2341 3262 opus
2390 3185 2490 3243 est
2545 3173 2803 3242 verbis?

253 3265 386 3352 Ego
428 3260 821 3330 felicitatem
874 3260 1085 3349 hujus
1120 3262 1334 3331 seculi
1372 3260 1577 3330 nihili
1611 3258 1788 3329 facio
1821 3284 1836 3327 :
1870 3282 1997 3361 ego
2028 3282 2329 3341 crucem,
2373 3262 2790 3352 passionem,

254 3348 827 3440 sepulturamque
860 3348 1105 3419 Christi
1136 3350 1267 3418 mei
1295 3362 1684 3436 nunquam,
1722 3349 1977 3418 auxilio
2003 3348 2193 3419 illius
2226 3348 2466 3432 fretus,
2507 3349 2793 3440 negabo,

252 3438 538 3508 Statuite
585 3438 656 3505 in
709 3459 817 3506 me
863 3437 1197 3524 quicquid
1248 3437 1668 3508 malueritis:
1741 3459 1963 3507 unum
2017 3460 2222 3528 rogo,
2283 3460 2368 3507 ne
2428 3438 2809 3507 me0verbis

252 3527 559 3617 amplius
606 3525 903 3595 tentetis,
944 3549 980 3591 »

341 3618 377 3703 ἓ
409 3621 504 3688 θ.
559 3615 683 3685 His
713 3613 939 3694 dictis,
974 3615 1327 3705 conjectus
1367 3615 1526 3685 ilico
1571 3616 1641 3684 in
1672 3637 2051 3708 carcerem,
2089 3614 2385 3685 vinculis
2421 3625 2801 3696 catenatuS‚

249 3703 551 3794 pedibus
600 3715 803 3790 atque
855 3703 1181 3775 manibus
1234 3703 1606 3794 alligatus,
1663 3705 1750 3773 ad
1802 3703 2169 3773 meridiem
2227 3705 2581 3792 sequentis
2628 3704 2810 3784 diei,

254 3794 377 3880 qui
426 3793 557 3863 fuit
601 3815 684 3860 xx
720 3792 900 3883 Maji,
944 3791 1189 3883 Jacuit.
1243 3796 1399 3862 Post
1447 3791 1809 3862 meridiem
1871 3793 2107 3863 statim
2159 3793 2608 3882 protrahitur,
2644 3806 2711 3862 et
2742 3793 2814 3860 in

255 3893 522 3972 partem
573 3881 771 3951 urbis
802 3883 1003 3968 'quae
1052 3881 1395 3951 Orientem
1448 3903 1481 3950 s
1533 3893 1748 3963 ectat‚
1800 3900 2014 3972 prope
2065 3902 2276 3962 mare,
2328 3881 2636 3962 ducitur,
2690 3882 2815 3950 ubi

244 3969 329 4039 ad
370 3970 615 4061 palum
653 3969 887 4040 nudus
921 3970 1271 4060 alligatus,
1302 3904 1597 4061 ssageflis
1624 3981 1830 4058 atque
1861 3970 2029 4039 loris
2067 3969 2397 4051 caeditur,
2446 3971 2818 4057 acriusque

255 4080 467 4216 guam
494 4057 640 4128 dici
674 4059 913 4149 possit:
955 4055 1298 4149 principio
1337 4058 1775 4150 flagellorum
1809 4072 1875 4129 et
1915 4059 2277 4129 verberum
2306 4060 2815 4129 contremuisse

305 4148 536 4229 icitur,
589 4159 658 4217 et
704 4147 1031 4219 manibus
1078 4147 1165 4216 ad
1263 4160 1454 4218 ectus
1505 4148 1905 4231 contractis,
1953 4168 2035 4216 ac
2083 4147 2320 4239 digitis
2373 4148 2443 4217 in
2494 4169 2821 4239 pugnum

244 4236 706 4327 compressiS,
766 4258 877 4306 ma
932 4258 1020 4307 na
1081 4259 1199 4306 exc
1232 4258 1505 4330 amasse
1551 4259 1718 4308 voce
1747 4260 1770 4302 .-
1806 4237 2019 4327 Virgo'
2069 4236 2279 4305 Maria
2309 4292 2325 4318 ,
2383 4235 2638 4324 adjuva
2686 4258 2820 4305 me.

253 4325 416 4394 Inde
462 4323 770 4416 pedibus
830 4348 868 4394 a
903 4338 1042 4396 tero
1088 4325 1174 4396 ad
1218 4325 1512 4394 alterum
1544 4325 1891 4407 adductiS,
1954 4325 2138 4396 stetit
2184 4337 2416 4395 rectus
2450 4325 2522 4393 in
2563 4325 2822 4395 eisdem

253 4414 591 4504 vestigiis,
648 4413 968 4485 mirabile
1012 4413 1226 4496 dictu,
1280 4435 1505 4503 usque
1552 4415 1639 4484 ad
1696 4414 1871 4485 Solis
1934 4435 2283 4484 occasum.
2341 4419 2608 4484 Interea
2652 4413 2821 4481 dum
