3357 4995
336 335 554 402 JUNII
606 335 687 398 ⁴6
1169 354 1246 400 ns
1294 355 1350 401 s.
1406 350 1732 400 rumitant
1790 353 2044 402 vmcmn
2667 338 2798 402 427

343 437 754 527 magistrum
794 435 1177 525 Gujardum
1230 441 1785 508 cameracensem
1817 438 2258 529 Episcopum,
2299 438 2420 525 qui
2469 458 2606 507 non
2658 439 2896 509 minus

342 526 695 595 Teutonici
729 547 938 612 quam
989 526 1109 594 illa
1139 526 1381 596 Gallici
1430 528 1769 597 sermonis
1803 527 2167 616 imperitus
2199 540 2366 606 erat,
2425 527 2603 596 inter
2650 550 2721 596 se
2752 527 2897 598 col-

347 615 728 703 loquenteS,
783 636 854 683 se
902 615 1195 685 invicem
1268 614 1749 705 intelligentes,
1825 621 1954 684 Nec
2004 617 2259 685 mirum
2296 671 2311 696 ,
2381 615 2440 685 si
2489 616 2573 685 ad
2653 616 2896 685 horam

348 705 657 773 diversae
707 703 1189 793 linguaeinter
1236 705 1412 774 collo
1464 703 1770 775 uendum
1808 717 2124 774 mutuam
2161 704 2685 794 intelligentiam
2719 704 2891 774 nihil

352 794 445 860 im
500 791 792 872 edivere,
846 793 1125 879 quando
1161 726 1522 884 Lutgargis
1570 793 1776 883 plena
1822 793 1951 863 suit
1985 793 2103 862 illo
2153 794 2452 882 Spiritu,
2513 795 2635 881 qui
2684 793 2896 863 disci-

352 882 535 972 puis
636 882 945 961 raestitit,
979 895 1053 951 ut
1082 885 1395 952 omnium
1431 883 1738 972 gentium
1791 883 2051 972 linguis
2091 882 2559 969 loquerentur.
2592 882 2743 951 Vidi
2769 904 2896 973 ego

351 993 557 1056 quam
613 993 749 1051 am,
790 971 857 1038 in
911 970 1021 1038 die
1070 977 1495 1041 Pentecostes
1542 971 1629 1040 ab
1680 972 1847 1040 hora
1898 972 2089 1040 tertia
2137 993 2358 1058 usque
2405 971 2491 1040 ad
2541 993 2897 1061 vesperam

346 1060 659 1128 omnium
712 1059 1109 1148 linguarum
1162 1061 1470 1130 notitiam
1525 1059 1937 1129 habentem:
1992 1059 2110 1129 sed
2181 1082 2333 1128 eam
2384 1060 2679 1130 necdum
2742 1081 2899 1150 pro-

349 1148 509 1217 dere
558 1148 732 1228 vol0,
787 1170 946 1217 cum
990 1149 1077 1216 sit
1109 1149 1449 1235 hodieque
1496 1163 1866 1238 superstes.

434 1239 470 1322 ξ
517 1239 670 1307 88.
728 1238 1066 1305 Lamentis
1122 1237 1474 1308 diuturnis
1584 1252 1810 1327 ropter
1857 1251 2244 1328 peccatores
2307 1237 2478 1307 adeo
2529 1260 2602 1307 se
2649 1236 2894 1307 afflixit

354 1324 736 1415 LutgardiS‚
779 1337 853 1393 ut
900 1323 1071 1394 facie
1118 1326 1271 1414 ejus
1320 1327 1510 1413 quoti
1567 1327 1625 1396 ie
1673 1327 1893 1417 rigata
1938 1327 2286 1415 lacrymis,
2325 1325 2507 1395 oculi
2555 1327 2731 1416 ejus,
2786 1349 2892 1396 se-

348 1412 654 1482 cundum
729 1415 1145 1494 Jeremiam,
1224 1416 1479 1485 sontem
1549 1415 2011 1504 lacrymarum
2074 1415 2413 1485 deducere
2473 1415 2889 1484 viderentur.

348 1502 647 1571 Tandem
711 1514 937 1572 autem
989 1506 1310 1593 apparuit
1375 1505 1436 1573 ei
1506 1504 2016 1575 misericordiae
2079 1505 2412 1573 Dominus
2477 1504 2548 1572 in
2620 1503 2895 1573 fletibus

349 1591 672 1682 rugienti,
726 1593 1353 1691 congratulansque
1386 1594 1471 1671 ei,
1524 1592 1709 1679 quod
1766 1593 2175 1663 miserorum
2215 1615 2499 1663 causam
2550 1592 2674 1661 diu
2726 1592 2896 1661 fide-

352 1680 504 1750 liter
549 1680 822 1770 egisset,
864 1680 979 1750 1lla
1022 1703 1269 1760 manu,
1326 1703 1533 1768 quam
1587 1705 1711 1771 pro
1762 1682 2235 1771 peccatoribus
2284 1682 2354 1750 in
2407 1702 2610 1750 cruce
2665 1694 2896 1750 exten-

348 1769 564 1850 derat,
617 1791 658 1837 a
713 1768 883 1838 facie
943 1770 1093 1858 ejus
1143 1769 1485 1858 lacrymas
1557 1770 1881 1852 detersit,
1935 1770 2218 1839 dicens:
2273 1795 2299 1834 ‹
2340 1769 2501 1839 Volo
2536 1783 2597 1839 te
2646 1771 2732 1838 ab
2785 1771 2893 1841 his

355 1856 695 1937 lamentiS,
760 1880 882 1947 pro
943 1860 1112 1928 meis
1167 1858 1641 1948 peccatoribus
1692 1860 2050 1948 susceptis,
2096 1860 2242 1948 jam
2293 1857 2705 1938 absolutam,
2770 1881 2895 1929 nec

351 1947 574 2034 patiar
622 1959 681 2014 te
721 1946 1045 2038 deinceps
1095 1948 1285 2017 luctu
1333 1961 1396 2017 et
1430 1948 1754 2036 lacrymis
1784 1947 2024 2037 affligi.
2064 1947 2336 2017 Placido
2385 1962 2616 2016 autem
2666 1948 2895 2018 cordis

350 2037 603 2104 fervore
638 2048 787 2125 post
822 2036 948 2104 hac
998 2037 1066 2104 in
1116 2038 1418 2106 oratione
1447 2037 1791 2127 persisteS,
1848 2051 2050 2123 atque
2094 2036 2222 2105 hac
2268 2035 2577 2126 perinde,
2616 2049 2690 2104 ut
2732 2037 2894 2106 hac-

348 2137 545 2191 tenus
588 2124 935 2212 lacrymis,
977 2126 1143 2193 iram
1185 2127 1399 2196 Patris
1445 2139 1776 2195 averteS.»
1821 2130 1895 2194 Et
1935 2125 2045 2194 hic
2096 2137 2312 2194 status
2361 2126 2537 2193 vitae
2593 2126 2744 2213 ejus
2806 2125 2892 2194 ad

351 2225 634 2280 mortem
687 2234 908 2298 usque
955 2213 1247 2284 duravit.
1306 2216 1622 2301 Quinque
1668 2214 1830 2283 inde
1886 2213 2333 2301 sequentibus
2406 2213 2634 2292 annis,
2716 2215 2898 2284 sicut

355 2300 500 2388 ipsa
551 2300 723 2368 mihi
772 2322 932 2372 cum
983 2302 1222 2374 multis
1281 2303 1604 2392 lacrymis
1653 2302 1847 2382 dixit,
1892 2302 2199 2389 quotidie
2245 2301 2383 2371 fere
2431 2315 2768 2371 venerunt
2809 2302 2895 2371 ad

350 2409 498 2456 eam
555 2387 656 2457 vel
710 2390 858 2479 ipsa
906 2391 1151 2460 Christi
1207 2392 1644 2462 sanctissima
1693 2397 1921 2471 Mater,
1960 2390 2061 2460 vel
2103 2388 2369 2480 angeli,
2425 2389 2527 2458 vel
2561 2390 2677 2457 alii
2738 2413 2895 2479 spe-

349 2477 557 2548 ciales
590 2480 829 2559 sancti,
867 2479 1164 2571 demptis
1189 2481 1536 2551 continuis
1563 2480 1966 2570 angelorum
1996 2479 2526 2550 visitationibus.
2560 2484 2637 2548 Et
2662 2491 2890 2549 tamen

350 2566 417 2634 in
494 2567 602 2637 his
673 2571 1000 2639 omnibus
1066 2570 1431 2660 perfectam
1487 2570 1772 2659 spiritus
1829 2570 1981 2659 ejus
2031 2569 2338 2656 requiem
2400 2590 2533 2637 non
2596 2569 2890 2652 invenit,

345 2655 564 2725 donec
633 2657 779 2747 ipse
852 2664 1142 2728 Sanctus
1220 2657 2029 2736 Sanctorum‚·omnibus
2079 2657 2517 2726 ineffabiliter
2574 2656 2887 2739 dulcior,

346 2756 579 2834 utpote
640 2747 1102 2817 sanctificator
1148 2748 1486 2825 omnium,
1542 2746 1916 2816 adveniret.
1978 2752 2147 2814 Tum
2189 2747 2372 2815 enim
2427 2747 2773 2815 invenisse
2821 2770 2894 2817 se

345 2834 589 2911 sensit,
644 2856 846 2920 quem
899 2836 1134 2905 dilexit
1166 2838 1394 2905 anima
1437 2837 1608 2925 ejus:
1651 2837 2007 2922 tenuitque
2037 2856 2222 2915 eum,
2279 2857 2401 2902 nec
2444 2834 2729 2903 dimisit.
2771 2842 2891 2905 Te-

346 2923 498 2991 nuit
554 2921 712 3001 fide,
789 2947 922 2993 non
974 2925 1238 2994 dimisit
1300 2926 1701 2995 imitatione.
1771 2924 1899 2993 Sed
1952 2946 2159 3004 nunc,
2228 2924 2421 2992 miris
2470 2938 2533 2992 et
2598 2924 2892 2996 utilibus

347 3012 540 3079 valde
566 3014 1145 3093 commemoratiS,
1177 3012 1260 3082 ad
1300 3026 1630 3103 prctlosae
1658 3015 1810 3102 ejus
1838 3013 2077 3083 mortis
2103 3012 2458 3082 historiam
2495 3014 2884 3082 veniamus.

426 3102 462 3186 ξ
511 3103 675 3170 89.
730 3106 920 3171 Anno
953 3102 1088 3172 sere
1136 3103 1503 3172 undecimo
1542 3116 1700 3172 ante
1745 3103 2009 3172 obitum
2052 3124 2259 3172 suum
2307 3099 2658 3188 quoddam
2712 3102 2888 3172 vitae

345 3189 815 3274 quietissimae
890 3204 954 3260 et
1000 3191 1217 3262 felicis
1282 3193 1521 3261 mortis
1592 3190 2033 3281 praeludium
2098 3191 2384 3278 accepit.
2459 3195 2622 3259 Nam
2675 3192 2894 3261 instar

346 3277 894 3367 patriarcharum
948 3286 1137 3350 Isaac
1189 3293 1254 3349 et
1284 3281 1520 3359 Jacob,
1558 3280 1901 3350 ambobus
1943 3280 2180 3349 orbata
2229 3278 2641 3357 luminibus,
2686 3279 2892 3349 lumi-

342 3366 451 3435 nis
481 3367 792 3439 coelestis
827 3369 1314 3457 splendoribus
1363 3370 1561 3441 solito
1594 3384 1696 3438 est
1742 3368 2188 3439 excellentius
2240 3367 2539 3457 perfusa.
2588 3370 2887 3459 Dignum

340 3455 521 3524 enim
573 3470 738 3536 erat,
813 3470 889 3527 ut
939 3481 1132 3528 mens
1185 3458 1701 3528 radiantissima
1749 3459 1934 3527 intus
1991 3458 2144 3527 luce
2190 3469 2453 3536 ornata,
2509 3457 2672 3526 foris
2720 3479 2888 3544 quo-

341 3543 712 3614 dammodo
742 3547 1029 3616 luminis
1059 3547 1270 3633 hujus
1297 3545 1593 3636 caligine
1621 3548 2130 3617 obscuraretur.
2167 3547 2336 3627 Quis
2365 3546 2548 3614 enim
2590 3546 2882 3628 dubitet,

340 3655 568 3701 rerum
621 3635 1083 3724 corporalium
1135 3635 1375 3704 formis
1408 3649 1474 3704 et
1521 3635 1971 3726 imaginibus,
2015 3655 2192 3721 quae
2224 3656 2344 3724 per
2391 3633 2629 3703 oculos
2670 3634 2884 3704 forin-

342 3743 541 3791 secus
575 3722 644 3791 in
675 3725 988 3792 animum
1024 3724 1348 3804 influunt,
1404 3723 1784 3813 spiritalem
1828 3724 2078 3793 mentis
2107 3723 2326 3793 aciem
2363 3723 2690 3792 retundi?
2724 3729 2889 3793 Cae-

340 3822 490 3879 cata
543 3833 618 3880 er
666 3833 705 3879 o
744 3813 1076 3893 exterius,
1134 3825 1267 3882 tota
1317 3826 1542 3881 mente
1599 3813 1890 3882 interius
1943 3813 2012 3881 in
2075 3812 2226 3881 luce
2275 3811 2710 3890 versabatur,
2760 3813 2888 3882 hoc

339 3920 559 3968 unum
658 3913 962 3971 umtaxat
1012 3903 1080 3969 in
1119 3902 1245 3970 llac
1294 3903 1618 3972 caecitate
1650 3900 1952 3991 ploranS,
2005 3901 2188 3989 quod
2232 3900 2575 3991 spiritales
2627 3903 2889 3972 amicos

344 4008 503 4055 suos
544 3989 611 4055 in
660 3989 786 4057 hac
836 3989 971 4059 vita
1032 3991 1336 4080 amplius
1401 4012 1677 4059 cernere
1743 4012 1877 4060 non
1943 4002 2208 4080 posset:
2263 4002 2331 4059 at
2386 4011 2464 4059 eo
2514 4011 2760 4059 rursus
2812 4012 2885 4059 se

344 4076 729 4157 consolanS,
780 4079 965 4164 quod
1008 4079 1075 4147 in
1119 4078 1389 4149 coelesti
1442 4081 1661 4170 patria
1696 4101 1811 4149 eos
1843 4079 2247 4149 sevisuram
2295 4091 2623 4167 speraret.
2663 4080 2889 4149 Refert

344 4159 547 4231 frater
578 4166 965 4237 Bernardus
999 4170 1087 4237 ab
1108 4169 1258 4257 ejus
1280 4189 1394 4239 ore
1417 4190 1488 4238 se
1513 4169 1885 4258 accepisse,
1917 4169 2285 4238 Dominum
2317 4167 2407 4235 ita
2439 4167 2574 4256 ipsi
2601 4168 2881 4239 dixisse:

343 4271 378 4313 ⁴(
416 4254 838 4351 (Jaecitatcm,
874 4279 1085 4343 quam
1124 4257 1247 4328 tibi
1300 4257 1608 4327 accidere
1640 4257 1849 4339 volui,
1905 4258 2238 4347 patienter
2284 4254 2504 4325 seras:
2562 4257 2890 4346 polliceor

339 4360 521 4411 enim
557 4342 699 4424 tibi,
733 4345 881 4414 sine
922 4346 1303 4437 l'urgatorii
1352 4346 1588 4437 poenis
1639 4359 1702 4415 te
1732 4346 1819 4415 ad
1880 4368 1985 4416 me
2037 4357 2566 4436 perventuram:
2620 4346 2882 4416 amicos
