3357 4995
221 327 392 394 JUNII
437 328 461 392 ⁴
945 345 1022 390 nn:
1070 344 1126 392 s.
1179 341 1461 391 secunao
1510 344 1703 391 Anna.
1759 344 1950 391 naar.
2551 327 2631 392 ⁴3

222 432 384 501 vitam
418 452 555 521 ,pro
596 429 820 520 gloria
851 429 1098 509 Christi
1140 427 1555 519 profundere
1588 429 1905 521 cupienS,
1945 431 2248 521 primum
2283 430 2563 517 quidem
2604 454 2722 521 pe-

220 521 474 602 cuniam,
512 520 696 589 bona
726 540 973 605 resque
1003 540 1167 588 suas
1196 539 1461 596 omnes,
1500 539 1584 586 ne
1619 519 1705 588 iis
1735 523 2099 607 Tyrannus
2132 519 2485 609 potiretur,
2521 542 2725 611 egen-

216 608 363 678 tibus
406 608 724 766 larffiitur,
764 607 1013 676 deinde
1047 628 1184 675 non
1234 607 1500 685 occulte
1547 606 1666 676 sed
1720 606 2078 698 propalam
2128 607 2597 678 Christianum
2651 632 2723 679 se

212 695 422 777 ferenS,
475 702 519 766 C
577 697 903 767 ristianae
948 695 1222 786 pietatis
1271 695 1628 778 instituta,
1685 717 1822 764 non
1887 707 2277 766 commento
2325 696 2716 778 hominum,

208 785 303 855 sed
345 786 579 855 divina
626 807 790 855 voce
842 785 1104 856 sancita
1150 784 1616 874 praedicabat,
1657 784 2087 871 deorumque
2136 784 2384 856 stultae
2416 786 2724 873 antiqui-

206 874 337 942 tatis
382 874 746 944 mendacio
794 873 1247 944 confictorum
1307 872 1574 944 cultum
1622 886 1700 944 ut
1749 873 2114 964 profanum
2169 886 2374 961 atque
2426 874 2722 965 impium

203 962 550 1033 damnabat
594 975 801 1051 atque
847 963 1318 1033 execrabatur.
1430 964 1433 969 ’
1670 1030 1687 1049 ,
2361 964 2368 971 ’

273 1053 307 1138 ξ
347 1056 434 1123 3.
485 1058 702 1139 Atque
743 1052 911 1121 haec
960 1051 1153 1143 apud⁸
1189 1050 1553 1151 populum,
1590 1051 1947 1122 concionis
1987 1051 2057 1120 in
2101 1050 2388 1121 modum
2421 1052 2727 1121 circum-

202 1138 429 1220 fusum,
466 1141 958 1210 edisserentem
1012 1140 1322 1230 Dionysli
1351 1139 1680 1210 satellites
1713 1139 2336 1230 comprehendunt,
2374 1141 2724 1231 protinus-

202 1250 315 1315 que
356 1229 435 1298 ad
473 1248 642 1301 eum
683 1229 1065 1310 adducunt,
1119 1242 1184 1299 et
1221 1241 1651 1318 compertum
1688 1229 1775 1298 ab
1810 1250 1883 1298 se
1922 1228 1989 1297 in
2027 1229 2392 1299 manifesto
2441 1229 2718 1311 scelere,

201 1316 532 1388 seditiosos
566 1318 830 1389 scilicet
852 1331 1084 1389 coetus
1125 1318 1517 1400 habentem,
1545 1317 2141 1405 contumeliasque
2167 1318 2236 1386 in
2269 1323 2440 1388 Deos
2462 1319 2726 1408 jacien-

202 1418 339 1487 tem,
368 1419 429 1476 et
454 1407 877 1479 christianae
908 1405 1323 1507 disciplinae
1356 1406 1671 1477 instituta
1700 1407 2077 1477 tradentem
2106 1407 2326 1496 ajunt.
2362 1407 2725 1495 Dionysius

200 1495 471 1584 speciem
495 1495 952 1595 habitumque
980 1494 1107 1564 v'iri
1141 1495 1636 1583 haudquadam
1664 1496 2153 1566 contemnendi
2184 1496 2718 1587 contemplatus,
2809 1560 2821 1572 .

196 1585 437 1669 quaerit
480 1586 570 1655 ab
618 1607 698 1655 eo
744 1607 904 1672 quis
950 1596 1017 1654 et
1063 1583 1250 1653 unde
1299 1585 1407 1656 sit.
1442 1588 1610 1654 Cum
1658 1597 2038 1671 utrumque
2087 1586 2489 1674 accepisset,
2529 1584 2726 1670 beni,-

196 1694 312 1760 gne
354 1675 623 1743 monuit
672 1696 757 1743 ne
806 1673 1064 1764 patriae
1111 1673 1523 1764 generisque
1572 1674 1694 1743 sui·
1733 1674 2144 1765 dignitatem
2200 1674 2572 1743 servilibus
2621 1686 2723 1742 at-

195 1782 311 1846 que
352 1762 638 1852 abjectis
687 1763 1233 1833 Christianorum
1291 1761 1606 1832 moribus
1654 1762 2177 1842 dehonestaret;
2246 1762 2365 1832 sed
2415 1764 2538 1851 qui
2594 1763 2729 1832 ori-

194 1849 403 1938 ginem
451 1873 657 1922 suam
706 1852 795 1921 ad
843 1855 1209 1922 Caesarum
1260 1851 1674 1953 sanguinem
1722 1850 2024 1933 referret,
2084 1853 2390 1923 Caesaris
2449 1874 2728 1939 quoque

196 1940 465 2027 gratiam
519 1940 698 2009 inire
744 1940 1080 2020 studeret,
1135 1950 1203 2010 et
1244 1950 1502 2030 patrios
1550 1940 1715 2009 deos
1763 1940 2073 2022 venerari
2119 1952 2325 2028 atque
2371 1940 2459 2011 iis
2508 1941 2728 2030 patrio

196 2026 317 2098 ritu
360 2029 759 2100 sacrificare
806 2030 875 2098 in
927 2029 1242 2098 animum
1284 2029 1660 2099 induceret.
1720 2052 1756 2095 «
1794 2033 1871 2099 At
1915 2049 2064 2120 ego,
2104 2028 2459 2119 respondit
2486 2029 2728 2099 beatus

198 2117 566 2198 Secundus,
608 2139 719 2187 me
749 2119 980 2209 ipsum
1008 2118 1157 2207 jam
1207 2118 1443 2187 animo
1490 2139 1571 2186 ac
1619 2117 2077 2189 destinatione
2111 2118 2530 2199 sacrificavi„
2556 2123 2728 2186 Nam

194 2225 348 2290 quos
394 2207 565 2277 deos
610 2228 760 2279 esse
807 2206 1006 2287 dicis,
1057 2227 1315 2293 quaeso
1365 2218 1450 2287 te,
1502 2205 1672 2294 quid
1723 2206 1940 2276 divini
1988 2206 2292 2276 habent?
2328 2212 2516 2289 Quae
2569 2228 2728 2275 vero

194 2305 361 2364 tanta
406 2297 715 2365 amentia
763 2308 1027 2365 mentes
1067 2306 1325 2364 vestras
1372 2296 1762 2385 occupavit,
1797 2308 1874 2366 ut
1924 2295 2320 2367 simulacris
2354 2296 2721 2377 hominum

195 2404 389 2453 manu
436 2383 795 2454 fabricatis
839 2383 1317 2473 exculptisque
1369 2384 1796 2454 divinitatem
1846 2384 2188 2467 tribuatis,
2249 2390 2457 2454 Deum
2525 2383 2723 2463 coeli,

195 2491 263 2540 ac
287 2473 534 2543 mun'di
565 2473 988 2543 conditorem
1017 2473 1510 2543 contemnatis?
1543 2496 1729 2541 »—-«
1749 2473 2048 2545 Audebis
2073 2495 2181 2554 ne,
2218 2473 2447 2561 inquit
2477 2473 2730 2562 Diony-

195 2561 345 2641 siuS,
399 2562 797 2644 Herculem,
850 2562 963 2636 cui
1012 2562 1098 2631 ab
1149 2563 1553 2633 Caesaribus
1603 2564 1858 2633 nostris
1894 2564 2315 2652 praecipuus
2349 2561 2568 2630 honor
2603 2562 2725 2630 tri-

195 2647 434 2724 buitur.
493 2656 711 2720 Deum
759 2672 909 2720 esse
962 2672 1236 2741 negare,
1271 2664 1389 2721 aut
1418 2651 1730 2720 debitum
1763 2650 1866 2720 illi
1899 2650 2168 2721 cultum
2205 2650 2505 2720 tribuere
2532 2671 2730 2719 recu-

194 2737 392 2808 sabis?
419 2761 619 2806 »—-—«
648 2739 848 2827 Atqui
872 2738 1201 2809 Hercules
1227 2740 1375 2820 iste,
1414 2740 1640 2827 inquit
1670 2738 2055 2818 SecunduS,
2095 2760 2234 2808 non
2262 2739 2471 2808 homo
2501 2737 2730 2807 solum

196 2829 515 2908 mortalis,
576 2828 695 2898 sed
741 2828 948 2898 etiam
999 2828 1385 2918 flagitiosus
1432 2840 1498 2897 et
1544 2827 1978 2899 facinorosus
2025 2826 2188 2909 fuit,
2235 2839 2518 2898 tantum·
2540 2827 2733 2897 abest

194 2926 258 2983 ut
300 2916 543 2988 haberi
594 2921 772 2987 Deus
813 2917 1071 3007 possit,
1120 2917 1257 2986 nisi
1305 2916 1475 2986 sorte
1533 2939 1574 2985 a
1632 2916 1851 2998 vobis,
1904 2916 2027 3003 qui
2057 2916 2144 2985 'in
2186 2916 2483 2987 summis
2532 2916 2731 3006 igno-

198 3007 441 3076 rantiae
490 3005 797 3076 tenebris
844 3017 1212 3087 versantes,
1267 3001 1576 3075 as'icere
1635 3005 1818 3075 hanc
1864 3004 2167 3076 veritatis
2216 3005 2468 3088 lucem,
2521 3026 2732 3092 quam

196 3089 384 3164 Jesus
432 3095 754 3165 Christus
801 3093 1031 3164 attulit
1075 3087 1345 3164 homini
1398 3116 1507 3175 uS,
1561 3093 1887 3182 nequitis.
1945 3117 1980 3160 »
2031 3100 2202 3165 Tum
2253 3115 2410 3164 vero
2477 3093 2731 3183 Diony-

199 3180 326 3277 sius
373 3195 515 3253 tam
568 3183 855 3253 licenter
888 3182 1412 3253 maledicentem
1446 3182 1582 3252 diis
1613 3182 1949 3272 suspendi
1985 3184 2301 3272 protinus
2335 3183 2405 3252 in
2440 3182 2734 3270 equuleo

190 3269 407 3354 jubet,
460 3273 668 3360 eique
714 3284 835 3342 aut
889 3292 1011 3361 per
1057 3293 1371 3343 summos
1418 3271 1770 3342 cruciatus
1819 3272 2303 3352 moriendum,
2356 3283 2476 3341 aut
2523 3271 2737 3341 sacri-

198 3355 537 3431 ficandum
589 3360 869 3431 Herculi
916 3382 1065 3430 esse
1110 3361 1496 3430 denuntiat.
1543 3360 1672 3431 Sed
1704 3383 1865 3430 cum
1908 3360 2443 3431 lethumtsubire
2482 3382 2562 3430 ac
2594 3359 2737 3450 pati

200 3456 523 3518 tormenta
572 3460 902 3528 cerneret,
956 3449 1212 3519 abduci
1260 3450 1423 3519 inde
1468 3450 1539 3518 in
1590 3450 1909 3519 Herculis
1955 3450 2225 3531 fanum,
2268 3461 2334 3519 et
2381 3448 2466 3518 ad
2519 3449 2736 3517 simu-

200 3531 443 3607 lacrum
486 3537 603 3607 dei
650 3537 1342 3629 venerandum.adigi
1379 3540 1601 3629 Jubet.
1639 3543 1809 3608 Cum
1843 3549 2075 3609 autem
2107 3539 2179 3608 in
2211 3551 2583 3628 conspectu
2617 3536 2737 3606 ha-

197 3620 366 3695 beret
416 3627 797 3716 templum,
870 3626 1263 3697 videntibus
1320 3629 1440 3715 qui
1505 3649 1664 3697 eum
1716 3627 2113 3708 ducebant,
2169 3626 2412 3697 beatus
2475 3638 2738 3715 martyr

198 3712 475 3785 sublatis
526 3715 599 3784 in
648 3716 917 3786 coelum
950 3715 1212 3786 oculis:
1246 3739 1282 3782 «
1313 3717 1596 3798 Christe,
1653 3716 1912 3803 inquit,
1966 3716 2092 3787 tibi
2127 3716 2402 3806 justum
2451 3737 2491 3784 a
2537 3714 2737 3784 nobis

199 3801 479 3886 cultum,
542 3805 661 3875 tibi
708 3804 983 3874 divinos
1030 3804 1349 3884 honores,
1391 3805 1515 3877 tibi
1549 3823 1707 3874 aras
1736 3806 1996 3887 deberi,
2044 3817 2240 3875 tuum
2290 3825 2442 3875 esse
2473 3824 2734 3872 numen

200 3892 565 3962 verendum
597 3947 618 3973 ,
683 3904 744 3961 te
791 3915 1034 3983 precor
1064 3949 1079 3974 ,
1133 3905 1210 3963 ut
1258 3894 1530 3982 profani
1588 3894 1803 3983 hujus
1863 3894 2105 3984 templi
2150 3893 2357 3963 ruina
2416 3904 2738 3962 testatum

202 3974 420 4050 facias.
462 4006 490 4044 n
558 3981 846 4052 Vixdum
892 3981 1080 4070 loqui
1118 3982 1415 4053 desierat
1443 3983 1548 4051 vir
1595 3997 1897 4066 sanctus,
1937 3982 2294 4072 repentino
2329 3993 2742 4052 terraemotu

202 4069 537 4217 quassatis
590 4070 1079 4158 convulsisque
1114 4070 1605 4141 ·fundamentis
1653 4072 1870 4143 moles
1931 4070 2054 4141 illa
2101 4071 2365 4161 templi,
2423 4068 2742 4141 horribili

229 4160 457 4245 ragore
507 4180 589 4226 ac
638 4171 887 4249 strage,
923 4181 1084 4228 cum
1123 4160 1289 4251 ipso-
1310 4160 1629 4230 Herculis
1659 4161 1856 4251 signo
1891 4161 2174 4230 corruit.
2213 4165 2360 4243 Quo
2392 4182 2559 4230 casu
2591 4180 2737 4227 ma·

202 4262 324 4342 gna
371 4246 693 4346 omnium
744 4259 1006 4318 mentes
1054 4248 1445 4329 admiratio,
1501 4271 1801 4339 magnus
1849 4249 1966 4319 Dei
2013 4270 2221 4336 quem
2262 4248 2499 4318 colunt
2547 4247 2739 4317 Chri-

204 4342 396 4402 Suam
447 4346 679 4405 metus
727 4336 1033 4408 incessit.
1945 4339 1948 4344 '

277 4423 312 4508 ἓ
358 4427 445 4496 4.
506 4423 874 4513 Dionysius
911 4447 991 4496 ea
1038 4447 1110 4495 re
1140 4435 1559 4519 magnopere
1592 4437 2009 4508 commotuS,
2049 4447 2173 4496 nec
2211 4425 2446 4495 divina
2501 4426 2570 4494 vi
2618 4423 2738 4493 sed
