3357 4995
605 291 645 353 6
1222 308 1283 354 Β.
1334 306 1625 355 ANDREAE
1670 308 1750 363 nn,
1796 304 1942 355 cmo
1993 301 2363 354 mmmmm
2745 292 2964 358 JUNII
3003 295 3043 358 -t

515 392 915 497 fugiendam
951 391 1221 462 censuit
1255 392 1527 462 Philoso
1579 391 1737 475 hus,
1781 404 1857 462 ut
1903 392 1972 460 in
2006 403 2354 461 aeternam
2390 413 2468 462 ac
2497 414 2726 463 veram
2763 410 3052 466 mortem

516 482 782 551 delerar
821 484 1179 571 praeceps?
1212 505 1237 546 n
1285 485 1464 551 Haec
1512 482 1534 550 i
1569 481 1651 550 le.
1717 532 1730 543 .

607 573 644 657 ξ
689 574 783 641 3.
837 575 1087 639 Verum
1136 570 1303 639 dum
1347 570 1514 640 haec
1562 568 2151 659 Constantinopoli
2195 568 2460 649 fierent,
2498 570 2801 642 Andreas
2849 572 3057 644 febri-

495 660 653 729 ·bus
700 658 994 749 graviter
1033 659 1388 730 laborabat
1435 659 1907 746 coelibemque
1939 680 2010 727 se
2051 671 2379 747 perpetuo
2418 657 2558 728 fore
2600 661 2898 752 Reginae
2929 664 3059 732 mi-

518 747 929 817 sericordiae
967 747 1233 839 Virgini
1280 748 1494 829 vovit,
1531 748 1588 816 si
1620 746 2258 847 evaderet-Sedens
2287 747 2446 817 ilico
2480 747 2810 831 febribuS,
2847 752 3059 852 paulo

520 849 673 928 post
719 837 919 923 quasi
965 858 1045 906 ex
1095 849 1310 906 morte
1359 836 1675 917 surrexit,
1730 849 1795 906 et
1847 836 2025 905 albts
2073 857 2145 906 se
2194 837 2615 909 vestimentis
2664 839 2929 922 induit,
2983 853 3061 911 ut

520 925 781 996 scilicet
846 947 1228 1012 numquam
1292 925 1603 995 oblivisci
1664 939 1893 1016 posset
1958 923 2370 993 munditiem
2437 929 2788 1016 corporis,
2848 951 3057 1016 quam

520 1015 854 1084 Creatoris
901 1014 1150 1085 obtulit
1187 1014 1405 1083 Matri.
1462 1012 2120 1103 Constantinopolim
2171 1013 2422 1083 deinde
2472 1015 2709 1105 petiit,
2777 1039 2913 1087 non
2983 1030 3061 1088 ut

520 1116 879 1189 mercator,
933 1117 1053 1174 aut
1097 1126 1317 1192 vagus
1354 1104 1639 1191 quidam
1692 1123 2103 1194 magnarum
2146 1102 2422 1172 urbium
2459 1105 2900 1177 visendarum
2936 1128 3061 1178 cu-

516 1192 823 1281 piditate:
868 1214 1143 1262 summa
1189 1194 1374 1262 enim
1424 1194 1494 1261 in
1537 1195 1793 1284 juvene
1833 1191 2071 1283 viginti
2120 1204 2186 1260 et
2233 1204 2490 1281 septem
2526 1215 2869 1264 annorum
2906 1216 3061 1286 gra-

514 1282 687 1351 vitas
737 1294 939 1369 atque
978 1282 1363 1350 constantia
1402 1282 1754 1361 illucebat;
1809 1303 1964 1350 raro
2012 1280 2170 1366 quis
2220 1280 2426 1350 inane
2474 1283 2761 1353 verbum
2810 1286 2898 1353 ab
2945 1306 3061 1354 ore

514 1370 741 1460 ipsius
788 1369 1120 1440 excidisse
1168 1371 1462 1440 audivit:
1521 1394 1559 1439 a
1605 1371 1764 1461 joco
1812 1370 1997 1438 enim
2050 1368 2327 1458 penitus
2375 1382 2519 1440 erat
2580 1371 2873 1441 alienus.
2928 1377 3062 1443 Cur

514 1459 729 1549 ig-itur
774 1460 925 1529 ivit?
958 1463 1006 1527 A
1052 1461 1272 1550 gratia
1320 1460 1460 1540 Dei,
1505 1473 1583 1529 ut
1619 1481 1747 1550 ego
1795 1458 2112 1537 arbitror,
2166 1456 2252 1526 ad
2305 1460 2717 1560 martyrium
2742 1462 3057 1555 ‚vocaba-

515 1560 648 1627 tur,
694 1562 772 1617 ut
816 1561 883 1617 et
930 1547 1076 1637 ipse
1131 1548 1200 1615 in
1257 1548 1466 1618 coelis
1515 1548 1763 1617 Christi
1809 1569 1972 1617 curn
2026 1544 2182 1614 aliis
2223 1549 2644 1636 martyribus
2679 1550 3051 1632 assisteret,

513 1648 580 1704 et
625 1637 953 1708 omnibus
1002 1637 1375 1726 prodesset,
1428 1638 1546 1724 qui
1599 1633 1999 1726 Philosophi
2056 1633 2197 1703 sive
2244 1634 2535 1718 levitate,
2591 1638 2735 1707 sive
2803 1646 3064 1709 terrore

515 1724 815 1816 fuerant
844 1727 1259 1797 conturbati.
1334 1726 1573 1796 Statim
1621 1748 1782 1797 cum
1834 1725 1904 1793 in
1952 1722 2198 1792 urbem
2247 1725 2629 1815 applicuit,
2693 1742 3061 1798 accusatus

517 1813 688 1895 suit,
743 1815 924 1901 quod
988 1837 1148 1884 curn
1198 1814 1603 1883 Christianis
1652 1825 2174 1884 conversaretur
2204 1868 2219 1894 ,
2272 1813 2735 1902 ecclesiasque
2784 1817 3054 1898 viseret,

518 1903 718 1989 quasi
771 1905 1199 1979 Christianus
1249 1924 1524 1973 summa
1570 1926 1732 1973 cum
1782 1903 1904 1973 reli
1957 1898 2238 1970 ione'ac
2277 1902 2633 1973 devotione
2673 1905 2899 1985 home,
2937 1906 3060 1994 qui

518 2012 794 2061 crucem
837 1992 1282 2062 Alexandriae
1331 1993 1624 2082 negavit,
1677 2014 1901 2072 concu
1935 1990 2147 2069 cavit,
2196 1991 2419 2080 sputis
2457 1991 2786 2075 foedavit,
2831 2008 2896 2064 et
2942 1995 3062 2064 de-

521 2104 716 2149 mum
767 2082 839 2150 in
889 2095 1187 2152 stercora
1236 2081 1543 2171 projecit.
1589 2085 1768 2151 Haec
1811 2091 2223 2150 mercatores
2261 2082 2594 2180 Aegyptii,
2632 2082 2751 2168 qui
2789 2095 2954 2153 tunc
2987 2085 3058 2153 in

520 2171 693 2238 urbe
738 2171 1063 2249 aderant,
1104 2168 1189 2238 ad
1242 2153 1552 2260 judicem
1608 2170 2037 2256 detulerunt,
2092 2189 2301 2255 seque
2361 2169 2849 2259 lpsosvidisse
2896 2195 3061 2243 eum

522 2271 910 2348 negantem,
964 2259 1539 2347 confitentemque
1574 2259 1758 2347 quod
1802 2257 2191 2339 Mahumeto
2240 2256 2660 2339 adhaereret,
2714 2260 3063 2333 audivisse

524 2348 1041 2417 attestabantur.
1473 2408 1480 2416 .
2778 2410 2832 2449 ι,

607 2439 642 2524 §0
690 2442 776 2510 4.
829 2438 1149 2507 Trahitur
1202 2438 1271 2505 in
1313 2436 1663 2527 Judicium
1718 2436 2019 2515 Andreas
2087 2437 2446 2526 iniquum,
2492 2451 3064 2527 accusationeque

521 2525 825 2609 recitata,
880 2547 1264 2614 numquam
1305 2548 1377 2595 se
1415 2549 1455 2596 a
1505 2527 1700 2607 Chic,
1754 2527 1876 2596 uhi
1928 2539 2132 2599 natus
2184 2527 2655 2615 educatusque
2702 2527 2860 2608 fuit,
2928 2529 3063 2596 nisi

520 2626 685 2684 tunc
719 2617 1081 2688 recessisse
1119 2614 1530 2695 affirmabat,
1571 2615 1781 2703 idque
1816 2615 2053 2686 multis
2088 2616 2378 2689 testibus
2419 2619 2868 2708 approbabat,
2913 2617 3068 2686 uni-

517 2725 927 2792 versamque
975 2704 1123 2773 Chii
1169 2704 1511 2774 civitatem
1563 2704 1692 2774 hoc
1740 2705 1972 2794 ipsum
2013 2706 2189 2775 scire
2236 2705 2742 2794 ajebat.·Judex
2778 2706 3074 2803 iniquus

519 2793 650 2862 hac
698 2794 767 2862 in
820 2815 892 2863 re
941 2815 1076 2861 non
1125 2814 1273 2864 esse
1321 2792 1705 2863 audiendos
1754 2793 2178 2874 Christianos
2226 2795 2570 2865 censebat.
2603 2801 2816 2867 ·Tunc
2876 2794 3065 2863 Chri-

520 2881 902 2950 stianorum
953 2881 1346 2963 multitudO,
1398 2905 1575 2970 quae
1622 2882 2049 2953 circumfusa
2105 2885 2350 2965 stabat,
2406 2883 2498 2964 Si,
2568 2884 2814 2973 inquit,
2872 2881 3062 2950 Chri-

520 2969 899 3039 stianorum
950 2970 1418 3040 testimonium
1470 2972 1539 3040 in
1588 2971 1994 3060 hujusmodi
2034 2994 2246 3042 causa
2279 2971 2716 3042 refutandum
2758 2982 2881 3050 est,
2922 2975 3061 3039 Ma-

522 3058 1055 3128 humetistarum
1095 3080 1368 3146 quoque
1401 3059 1723 3129 similiter
1770 3083 1905 3130 non
1944 3061 2446 3152 recipiendum.
2493 3067 2658 3130 Nam
2709 3059 2890 3129 sicut
2939 3080 3066 3128 nos

522 3146 985 3217 Christianum
1035 3145 1207 3217 falso
1241 3161 1639 3219 accusatum
1680 3150 1867 3240 juste
1914 3149 2375 3230 defendimus,
2414 3150 2512 3218 sic
2545 3148 3065 3219 Mahumetistae

521 3236 1032 3324 accusationem
1083 3257 1367 3305 suorum
1420 3259 1648 3307 veram
1696 3259 1846 3306 esse
1878 3238 2329 3308 contendunt.
2370 3244 2594 3320 Quare
2626 3237 3067 3328 praetermis-

523 3325 619 3393 sis
668 3326 978 3403 testibus,
1017 3346 1126 3395 res
1177 3324 1325 3415 ipsa
1360 3325 1756 3411 quaerenda
1802 3338 1923 3396 est.
1979 3333 2120 3397 Non
2173 3326 2369 3396 aliter
2407 3327 2659 3416 igitur,
2697 3348 2909 3413 quam
2941 3331 3063 3395 Ju-

524 3412 678 3481 daei
727 3413 1111 3484 secundnm
1154 3413 1518 3483 Mosaicam
1570 3414 1790 3516 legem
1837 3416 2247 3486 circumcidi
2286 3437 2450 3485 suos
2479 3416 2816 3506 Propheta
2850 3427 3067 3485 vester

519 3503 752 3592 jussit:
803 3524 1017 3591 quare
1064 3502 1120 3571 si
1170 3501 1497 3594 genitalia
1544 3502 1758 3594 hujus
1807 3504 2119 3575 membra
2167 3505 2381 3575 simili
2431 3517 2590 3575 nota
2639 3504 2824 3574 laesa
2876 3515 3062 3586 sunt,

524 3605 743 3662 morte
782 3593 942 3683 jure
974 3592 1328 3682 plectetur:
1370 3592 1472 3663 sin
1516 3592 1829 3673 minime,
1883 3616 2043 3663 cum
2080 3595 2234 3685 ipsa
2279 3616 2352 3663 re
2398 3616 2613 3665 causa
2659 3593 3069 3664 determine-

525 3692 640 3749 tur
672 3704 821 3762 sua,
859 3695 927 3751 et
960 3681 1055 3749 nil
1087 3681 1561 3771 ambiguitatis
1593 3681 1956 3750 hominum
1997 3683 2252 3753 animis
2285 3683 2689 3753 remanebit.
2724 3682 3070 3774 Spoliatur

528 3769 789 3840 interea
850 3770 1049 3839 miles
1105 3770 1376 3852 Christi,
1424 3768 1794 3856 nudusque
1851 3794 1892 3840 a
1939 3783 2136 3841 tanta·
2195 3772 2642 3842 multitudine
2690 3772 3060 3863 aspicitur:

529 3857 804 3928 nullum
853 3859 923 3928 in
974 3881 1052 3929 eo
1109 3858 1489 3939 indicium,
1543 3858 1740 3928 nulla
1798 3859 2352 3930 circumcisionis
2404 3861 2717 3941 macula,
2790 3859 3066 3929 nullum

530 3948 1168 4018 Mahumetistarum
1228 3960 1514 4039 apparet
1559 3946 1946 4048 vestigium.
2004 3948 2403 4020 Exclamant
2439 3971 2520 4018 ex
2577 3948 2834 4018 laetitia
2873 3947 3068 4018 Chri-

527 4036 759 4117 stiani,
811 4036 1335 4107 confunduntur
1382 4035 1754 4107 adversarii
1784 4093 1799 4118 ,
1853 4051 1918 4107 et
1965 4038 2124 4107 victi
2174 4036 2449 4126 penitus
2490 4049 3061 4128 prosternuntur:

525 4124 664 4194 nisi
703 4125 1043 4197 diabolico
1091 4138 1246 4196 astu
1294 4125 1553 4216 adjuti,
1606 4127 2086 4216 exposuissent
2155 4124 2368 4194 moris
2421 4146 2573 4195 esse
2620 4126 2692 4195 in
2740 4129 3064 4217 Aegypto,

524 4214 816 4285 minoris
854 4215 1169 4286 homines
1215 4214 1455 4285 aetatis
1511 4215 1943 4297 circumcidi,
1998 4213 2301 4305 majoriS,
2358 4213 2419 4283 si
2467 4212 2552 4283 ad
2595 4213 3069 4283 Mahumetum

521 4303 638 4372 Dei
677 4305 1078 4395 prophetam
1130 4315 1635 4385 convertantur,
1673 4302 2085 4375 circumcidi
2124 4303 2186 4372 si
2223 4301 2484 4372 volunt:
2533 4303 2592 4373 si
2624 4324 2778 4373 vero
2811 4302 3066 4402 abhor-

522 4405 672 4464 rent
704 4393 1325 4475 circumcisionem,
1366 4392 1560 4464 nullo
1592 4395 1748 4485 cogi
1790 4392 1993 4464 modo
2044 4413 2269 4484 posse,
2307 4391 2639 4479 quoniam
2692 4391 2942 4461 melius
2979 4402 3070 4462 sit
