3357 4995
699 343 827 406 560
1354 359 1431 404 na
1479 358 1533 404 S.
1590 357 1835 404 maximo
1885 357 2139 403 uuam.
2197 357 2391 405 Ertsc.
2802 336 3020 406 JUNII
3072 344 3162 406 25

698 442 734 526 ξ
782 442 862 510 S.
938 438 1114 507 Illud
1165 449 1392 507 autem
1452 438 1772 505 universe
1822 436 2346 505 animadvertit:
2401 458 2561 506 cum
2628 438 2946 508 novitatis
2997 461 3162 528 pra·

611 551 731 596 vae
771 526 1238 596 studiosorum
1289 547 1439 596 mos
1488 526 1573 595 sit
1603 539 1682 594 ut
1729 547 1868 593 una
1931 526 2189 594 ratione
2239 526 2464 595 metiri
2514 525 2748 595 divina
2808 548 3155 614 quaeque,

611 617 973 716 longisque
1033 614 1620 704 disputationibus
1677 614 2035 703 implicare
2096 627 2297 701 atque
2359 614 2700 684 involvere
2766 630 3156 697 conentur,

616 705 981 774 Christiani
1047 724 1194 772 esse
1245 715 1468 793 partes
1530 715 1762 771 monet
1816 714 1891 770 ut
1937 703 2220 772 credant
2265 726 2486 772 unum
2546 726 2694 772 esse
2773 709 2984 774 Deum
3035 707 3160 792 qui

613 793 1055 883 spectabilem
1108 792 1295 860 hunc
1346 791 1687 860 mundum
1723 792 1997 871 creavit,
2049 815 2170 860 nec
2199 791 2323 860 ulli
2358 815 2596 861 aurem
2631 794 3009 892 praebeant
3036 795 3163 881 qui

615 882 865 952 audeat
911 881 1248 950 arbitratu
1293 902 1419 949 suo
1485 879 1568 948 de
1617 880 1975 949 Conditore
2023 894 2338 949 statuere.
2400 882 2797 971 investigari
2859 904 3163 969 namque

617 971 779 1042 sola,
815 971 1076 1040 ratione
1106 991 1241 1039 non
1292 990 1492 1058 posse
1521 969 1654 1038 ait:
1692 969 1887 1058 (Vide
1927 970 2177 1038 Homil.
2234 993 2343 1050 vn,
2400 993 2466 1058 p.
2529 975 2638 1050 22,
2693 985 2757 1038 et
2804 993 2866 1050 x,
2923 994 2989 1060 p.
3046 978 3157 1052 28,

612 1072 677 1129 et
709 1083 941 1139 Lxxxu,
995 1081 1243 1137 mxxix,
1296 1058 1471 1146 cxvi)
1508 1057 1923 1139 «Quomodo
1971 1081 2051 1126 ex
2102 1058 2320 1126 nihilo
2368 1058 2587 1128 sactus
2658 1071 2759 1128 est
2809 1060 3156 1140 mundu5‚

614 1149 882 1219 coelum
931 1146 1118 1217 unde
1172 1146 1621 1236 resplenduit,
1676 1168 2013 1231 aquarum
2071 1147 2319 1233 liquor,
2369 1160 2585 1216 terrae
2646 1147 2960 1217 soliditas
3022 1172 3163 1235 qua

614 1237 878 1306 ratione
938 1237 1362 1314 subsistunt;
1413 1235 1759 1321 quomodo
1805 1237 2009 1303 etiam
2059 1235 2141 1303 de
2192 1248 2369 1305 terra
2420 1237 2647 1314 homo,
2716 1237 2800 1304 de
2849 1238 3161 1307 masculo

615 1326 934 1404 foemina,
971 1326 1270 1412 itemque
1302 1346 1422 1424 per
1458 1323 1785 1391 feminam
1840 1325 2218 1400 masculus:
2256 1326 2420 1411 quid
2463 1324 2633 1393 illud
2685 1339 2786 1394 est
2827 1340 2978 1414 post
3009 1349 3161 1394 om-

620 1417 735 1484 nia
783 1414 966 1501 quod
996 1413 1228 1482 lumen
1258 1436 1326 1500 gi
1380 1412 1477 1481 nit
1509 1433 1587 1480 ac
1628 1413 1966 1492 tenebras;
2011 1413 2193 1499 quod
2230 1414 2437 1483 vitam
2478 1412 2637 1482 facit
2663 1437 2743 1482 ac
2781 1426 3155 1484 mortem...

618 1505 683 1572 Si
733 1525 894 1593 ergo
943 1515 1005 1571 te
1054 1503 1308 1591 ipsum,
1399 1522 1576 1581 omo,
1614 1513 1682 1568 et
1726 1523 1902 1587 quae
1967 1516 2239 1590 propter
2278 1516 2339 1570 te
2396 1501 2570 1570 sacta
2620 1517 2805 1581 sunt,
2864 1502 3163 1590 qualiter

617 1606 734 1661 aut
783 1591 967 1661 unde
999 1591 1136 1659 sint
1162 1590 1336 1659 facta
1366 1589 1949 1678 comprehendere
1983 1612 2117 1659 non
2163 1591 2365 1671 valeS,
2398 1612 2533 1676 qua
2569 1592 3152 1681 praesumptione,

616 1702 833 1768 quave
865 1679 1154 1748 stultitia
1188 1691 1382 1748 tuum
1432 1691 1636 1766 atque
1688 1680 1999 1747 omnium
2053 1679 2340 1749 discutis
2385 1681 2892 1748 Creatorem?...
2951 1685 3154 1761 Haec,

615 1768 1035 1849 charissimi,
1075 1768 1322 1837 rationi
1370 1788 1571 1837 coeca
1605 1781 1789 1844 sunt,
1834 1767 1995 1836 fidei
2055 1769 2436 1837 manifesta.
2492 1773 2683 1838 Tunc
2723 1770 2910 1837 enim
2969 1781 3161 1859 parte

613 1880 693 1927 ex
726 1857 958 1944 aliqua
999 1856 1395 1926 indefinitae
1435 1856 1812 1943 majestatis
1867 1857 2019 1943 ejus
2067 1859 2444 1945 poterimus
2491 1858 2835 1927 immensa
2876 1858 3155 1940 rimari,

616 1948 673 2017 si
722 1946 1182 2026 advertamUS,
1218 1945 1446 2031 qualis
1492 1958 1930 2032 quantusque
1978 1945 2066 2013 sit
2105 1950 2282 2016 Deus
2319 1969 2360 2014 a
2388 1947 2585 2016 nobis
2635 1968 2769 2015 non
2815 1968 3019 2035 posse
3048 1969 3161 2016 co-

618 2036 880 2126 gnosci,
935 2047 1010 2104 ut
1055 2035 1151 2103 ait
1175 2034 1505 2103 Dominus
1535 2034 1629 2102 ad·
1675 2040 1945 2123 Moysen
1982 2057 1994 2099 :
2056 2041 2146 2102 Tu
2194 2046 2418 2103 autem
2471 2058 2600 2103 non
2646 2038 2896 2124 poteris
2933 2037 3162 2104 vide-re

613 2127 857 2212 faciem
908 2147 1149 2203 meam,
1183 2123 1360 2192 idest
1408 2143 1541 2192 non
1594 2135 1783 2212 potes
1814 2122 2212 2193 carnalibus
2256 2122 2477 2192 oculis
2533 2145 2754 2193 meam
2808 2126 3012 2193 sicuti
3061 2137 3162 2194 est

615 2214 957 2302 inspicere
1006 2213 1463 2282 Deitatem...»

708 2305 742 2388 ἓ
792 2306 883 2370 θ.
953 2307 1193 2370 Datum
1244 2314 1589 2390 praeterea
1651 2300 1982 2369 divinitus
2022 2306 2522 2369 Testamentum
2577 2305 2801 2382 Vetus,
2878 2303 3163 2392 Manetis

613 2413 877 2461 errores
912 2390 1237 2470 refutans,
1278 2390 1612 2459 Maximus
1643 2390 1882 2458 scribit
1910 2392 2189 2477 (Hamil.
2221 2412 2284 2457 xi
2320 2401 2382 2458 et
2408 2413 2545 2469 xm,
2582 2413 2660 2456 ac
2695 2392 2905 2459 Serm.
2946 2391 3157 2478 xvin),

614 2482 815 2568 cujus
852 2493 955 2550 cst
1000 2479 1287 2567 spiritus
1334 2502 1517 2549 unus
1574 2501 1654 2548 ac
1711 2478 1913 2557 Novi,
1963 2478 2272 2564 miraque
2333 2502 2491 2547 cum
2556 2482 2734 2549 Novo
2786 2479 2934 2569 ipso
2996 2502 3163 2548 con-

616 2570 866 2647 sensio:
918 2569 1099 2658 (vide
1138 2572 1589 2637 Homil.x1ac
1620 2572 1829 2637 Serm.
1880 2567 2090 2655 Lxxv).
2139 2572 2338 2637 Docet
2363 2569 2544 2657 (vide
2583 2571 2794 2636 Serm.
2849 2569 2984 2656 xm)
3041 2574 3162 2635 Pa-

617 2660 741 2728 tris
783 2658 1041 2727 aeterni
1088 2658 1199 2726 Dei
1249 2657 1497 2726 Filium
1562 2669 1917 2726 aeternum
1969 2660 2179 2725 Deum
2243 2656 2621 2725 humanam
2695 2656 3160 2746 assumpsisse

616 2760 964 2826 naturam;
999 2758 1211 2833 utque
1258 2745 1609 2814 hominem
1646 2767 1780 2814 non
1815 2745 2174 2835 apparenti
2215 2745 2329 2814 sed
2380 2766 2536 2813 vero
2573 2745 2953 2834 praeditum
3002 2766 3160 2812 cor-

615 2858 802 2937 pore,
848 2857 1001 2905 vere
1049 2855 1333 2924 passum
1370 2848 1860 2920 mortuumque
1919 2833 2154 2912 fuisse,
2215 2834 2705 2912 resurrexisse,
2764 2833 3165 2903 ascendisse

619 2948 687 2993 1n
740 2924 1037 3004 coelum,
1084 2922 1404 3009 indeque,
1457 2943 1606 2992 esse
1635 2935 1714 2991 ut
1744 2924 1927 2991 vivos
1989 2936 2430 3009 mortuosque
2481 2921 2770 3011 Judicet‚
2823 2921 3165 2991 adventu-

618 3035 776 3082 rum
812 3015 865 3080 ⁴⁸.
930 3012 1339 3083 constitutas
1388 3012 1551 3080 item
1602 3012 1698 3080 ait
1744 3010 1958 3080 fuisse
2002 3034 2040 3079 a
2092 3016 2222 3079 Deo
2286 3012 2562 3100 nuptias
2610 3033 2784 3099 quas
2831 3010 3167 3101 deinceps

619 3101 930 3171 Christus
972 3100 1308 3171 miraculo
1358 3101 1426 3168 in
1479 3103 1658 3168 Cana
1707 3099 2002 3169 Galileae
2056 3098 2478 3178 clarificavit,
2535 3112 2600 3171 et
2655 3101 2723 3168 in
2789 3122 3168 3170 numerum

618 3191 921 3280 provexit
969 3211 1181 3259 novae
1230 3189 1402 3279 legis
1434 3192 2035 3258 Sacramentorum
2087 3192 2309 3271 (Hom.
2347 3208 2476 3257 xvn
2511 3200 2571 3257 et
2607 3188 2815 3277 xxm).
2849 3194 2994 3257 Non
3040 3211 3169 3257 no-

620 3279 840 3347 minat
884 3277 1162 3365 quidem
1199 3278 1533 3346 Maximus
1567 3277 1996 3347 Manichaeos
2034 3277 2154 3363 qui
2193 3276 2410 3346 malas
2457 3299 2605 3348 esse
2653 3278 2956 3367 nuptias,
3004 3278 3168 3365 qui-

619 3388 753 3454 que
803 3366 1063 3435 malum
1113 3388 1261 3437 esse
1308 3379 1512 3453 atque
1545 3366 1794 3436 amalo
1820 3366 2162 3456 principio
2190 3366 2546 3436 conditum
2591 3365 2936 3436 mundum
2973 3366 3169 3435 hunc

621 3456 752 3525 sub
784 3477 1029 3528 sensus
1054 3453 1435 3535 cadentem,
1472 3454 1908 3541 inlatumque
1937 3468 2128 3525 vetus
2166 3460 2702 3535 Testamentum,
2742 3456 3168 3524 Marcionem

620 3544 860 3626 secuti,
915 3544 1274 3623 dicebant;
1319 3542 1437 3613 sed
1488 3543 1926 3615 sanctissimo
1953 3542 2259 3612 Praesuli
2292 3565 2428 3612 non
2473 3557 2740 3615 tantum
2773 3556 2918 3613 erat
2948 3566 3170 3613 curae

619 3646 696 3703 ut
742 3634 1028 3703 nomina
1074 3644 1416 3702 sectarum
1468 3646 1748 3702 nossent
1793 3635 1926 3712 sui,
1964 3654 2173 3718 quam
2222 3646 2300 3702 ut
2336 3633 2661 3723 dogmata
2723 3632 2986 3702 scirent
3055 3654 3172 3702 or-

619 3722 955 3792 thodoxae
988 3721 1366 3812 religionis,
1401 3721 1657 3809 quibus
1686 3720 2126 3811 dogmatibus
2152 3721 2449 3810 cognitis
2483 3721 2818 3792 sectarios
2852 3721 3172 3811 detegere

619 3825 684 3880 et
732 3809 1062 3901 repellere
1112 3823 1255 3881 tuto
1292 3821 1596 3900 possent.
3082 3843 3093 3854 ·

708 3901 745 3985 ἓ
792 3904 951 3973 10.
1007 3900 1333 3970 Novimus
1366 3912 1716 3989 praeterea
1765 3921 1803 3969 e
1847 3899 1912 3967 vi
1966 3899 2379 3971 ilantissimo
2426 3900 2758 3980 Antistite,
2822 3899 3171 3987 quosdam

619 4009 747 4057 sua
779 4000 996 4058 aetate
1029 3988 1099 4057 in
1128 3988 1443 4079 regiones
1477 3987 1868 4079 subalpinis
1951 3989 2228 4058 nitimas
2268 3987 2628 4079 irrepsisse
2661 3989 2782 4076 qui
2809 3988 3174 4077 imperitos

620 4075 979 4148 studerent
1002 4077 1529 4159 circumvenire;
1557 4098 1859 4164 quorum
1906 4078 2225 4235 impietas
2252 4088 2418 4158 erat,
2456 4077 2638 4164 quod
2669 4077 2940 4147 scilicet
2970 4098 3174 4168 prae·

621 4165 865 4257 positis
915 4166 1063 4239 suis
1100 4188 1278 4254 quos
1323 4167 1762 4257 presbyteros
1800 4166 2000 4257 appel
2034 4166 2242 4236 abant
2290 4167 2639 4256 negotium
2681 4166 3038 4247 dederant,
3094 4176 3174 4236 ut

674 4315 700 4343 ⁶
730 4314 902 4356 Oonler
928 4314 1054 4356 inter
1081 4310 1200 4356 alins
1225 4313 1285 4355 de
1312 4314 1484 4355 undem
1513 4314 1788 4359 traetmtea.
1815 4313 1940 4354 circs
1966 4312 2427 4354 Chi-‚humanitatem
2440 4313 2575 4354 Hom.
2599 4321 2682 4353 vni
2700 4321 2821 4363 quse
2844 4313 2918 4354 eat
2941 4315 2982 4353 8.
3004 4313 3064 4353 de
3085 4312 3176 4353 N·-

616 4368 704 4409 ἥν.
732 4376 787 4409 ιο
810 4377 877 4409 111
905 4371 953 4408 et
980 4376 1080 4418 aeq·
1109 4376 1163 4409 ιο
1192 4376 1334 4413 xxvii.
1361 4368 1409 4409 et
1440 4367 1582 4408 Bet-m.
1613 4377 1662 4409 ix
1691 4368 1775 4418 qui
1803 4368 1861 4408 de
1886 4364 2051 4417 Epiph.
2078 4369 2117 4407 3.
2140 4367 2226 4407 eat.
2252 4366 2318 4407 De
2338 4365 2443 4406 Chr.
2464 4374 2604 4414 pauo
2621 4368 2668 4407 et
2693 4368 2881 4407 mortuo
2908 4367 3003 4406 vid.
3035 4367 3177 4407 Hom.

618 4430 663 4469 ι..
689 4430 768 4468 ιιι,
796 4430 896 4466 uvz
924 4422 983 4462 de
1011 4421 1117 4463 chr.
1142 4422 1413 4463 Reatini-eet.
1445 4420 1578 4462 Hom.
1608 4430 1706 4462 ινιι
1734 4420 1782 4461 et
1809 4430 1906 4470 naq.
1938 4430 1990 4461 ιο
2021 4429 2224 4465 unm.
2252 4420 2300 4459 et
2327 4420 2472 4461 Set-m.
2504 4428 2623 4462 xxxx
2645 4420 2691 4460 et
2716 4427 2866 4465 xxxi:
2885 4420 3094 4469 dentque
3111 4420 3178 4462 do

616 4477 807 4516 noenu.
826 4474 972 4515 serm.
995 4482 1111 4515 xmv
1133 4479 1179 4515 et
1200 4482 1297 4524 aeq·
1321 4476 1369 4515 et
1386 4474 1517 4516 Hom.
1540 4481 1615 4515 ιιι.
