3357 4995
212 344 441 412 JUNII
489 345 570 410 ⁴4
836 397 842 402 .
1128 363 1208 410 na
1256 363 1312 410 s.
1367 361 1615 411 nasum
1665 316 1883 411 {naono
2566 347 2684 413 331

220 447 579 538 conspexit
627 451 954 538 Magnum
1014 447 1348 517 Basilium
1406 448 1477 517 in
1535 446 1899 534 ecclesiam
1963 450 2476 539 procedentem,
2548 450 2787 537 aitque

216 537 406 608 socio
439 558 597 608 suo:
655 541 938 606 Frustra
987 558 1136 617 nos,
1192 540 1465 627 opinor,
1534 538 1627 606 mi
1661 536 1894 617 frater,
1952 537 2256 608 laborem
2307 539 2497 609 hunc
2547 561 2786 609 susce-

219 625 482 716 pimus.
514 626 639 695 Hic
681 646 984 712 namque
1028 647 1187 695 cum
1242 625 1363 696 tali
1396 626 1484 696 sit
1529 625 1774 696 ordine
1811 627 2273 709 constitutus„
2292 649 2429 698 non
2479 639 2583 698 est
2611 649 2786 715 que-

218 713 674 784 madmodum
717 735 841 804 per
890 714 1112 784 visum
1163 713 1402 784 didici.
1448 715 1778 785 Cernebat
1809 716 1993 784 enim
2028 719 2189 786 eum
2240 716 2568 786 indutum
2604 717 2789 788 stola

214 802 539 885 candida,
597 801 1002 889 clerumque
1047 824 1352 887 sacrum,
1405 804 1527 891 qui
1556 804 1755 893 juxta
1794 804 1992 873 illum
2033 818 2205 892 erat,
2235 805 2559 876 candidis
2607 806 2788 876 ami-

216 903 407 960 ctum
441 892 766 962 vestibus.
813 891 1063 961 Basilio
1094 905 1325 962 autem
1376 893 1809 984 procedente,
1848 892 1964 962 ille
1985 908 2181 964 stans
2227 894 2298 963 in
2349 895 2498 965 loco
2540 895 2783 986 templi

216 993 499 1061 secreto,
545 979 954 1070 desperabat
986 981 1270 1052 visionis
1310 983 1444 1073 ipsi
1472 994 1788 1052 ostensae
1836 981 2211 1063 veritatem,
2263 984 2355 1052 ita
2390 1006 2628 1056 secum
2671 984 2779 1053 di-

216 1091 421 1138 cens:
475 1076 607 1139 Nos
635 1070 758 1157 qui
809 1070 1231 1160 portavimus
1271 1071 1545 1161 pondus
1594 1071 1732 1140 diei
1781 1083 1846 1140 et
1884 1084 2139 1154 aestuS‚
2195 1072 2369 1141 nihil
2420 1073 2773 1143 consecuti

220 1180 504 1228 sumus:
569 1170 636 1227 et
685 1159 795 1232 hic
850 1159 1057 1230 tantis
1105 1159 1400 1248 stipatus
1460 1159 1708 1240 turbiS‚
1765 1172 2092 1248 tantaque
2142 1161 2495 1252 praeditus
2543 1161 2781 1251 digni-

224 1259 381 1328 tate,
438 1247 621 1338 ignis
689 1246 1019 1318 columna
1073 1252 1218 1318 est?
1270 1249 1336 1317 id
1389 1248 1563 1318 mihi
1612 1249 1894 1335 quidem
1948 1249 2422 1340 prodigiosum
2480 1249 2770 1320 videtur.

222 1341 315 1405 Eo
347 1336 562 1424 igitur
610 1336 772 1406 talia
821 1358 1055 1408 secum
1108 1337 1432 1424 agitante,
1488 1351 1772 1409 sanctus
1806 1338 2194 1430 Episcopus
2244 1338 2454 1408 mittit
2482 1339 2565 1408 ad
2609 1361 2777 1408 eum

223 1447 432 1495 suum
494 1425 1093 1507 archidiaconum,
1156 1426 1394 1496 dicens
1452 1426 1590 1496 illi:
1645 1427 1770 1496 Abi
1819 1426 1905 1495 ad
1957 1440 2452 1517 portam,quae
2494 1428 2778 1518 respicit

221 1513 691 1596 Occidentem,
730 1528 795 1584 et
841 1514 983 1584 illic
1025 1514 1097 1582 in
1145 1514 1404 1605 angulo
1453 1516 1694 1606 templi
1729 1516 2037 1587 invenies
2075 1515 2391 1587 abbatem
2456 1529 2773 1604 opertum

220 1602 527 1684 cucullo,
570 1615 636 1672 et
681 1625 842 1672 cum
869 1624 949 1672 eo
996 1603 1212 1673 alium
1263 1604 1636 1691 quemdam
1670 1605 2138 1686 barbatulum,
2194 1609 2460 1675 statura
2493 1605 2768 1673 humili:

220 1705 288 1761 et
333 1704 599 1761 caetera
631 1691 899 1761 addidit
928 1713 1106 1778 quae
1154 1692 1240 1762 ad
1280 1692 1434 1780 ejus
1474 1692 1744 1764 vultum
1778 1694 2238 1784 pertinerent:
2291 1693 2617 1780 dicesque
2666 1694 2771 1763 ei:

222 1780 402 1849 Velis
430 1781 700 1871 ingredi
732 1781 802 1848 in
857 1781 1396 1870 presbyterium:
1456 1794 1647 1852 vocat
1695 1783 1881 1851 enim
1933 1795 1995 1852 te
2044 1794 2237 1872 pater
2292 1794 2454 1852 tuus
2493 1782 2774 1852 Archie-

272 1870 575 1960 iscopus.
621 1875 863 1938 Beatus
899 1870 1236 1960 Ephraem
1265 1883 1343 1939 ut
1371 1892 1491 1960 per
1516 1872 1957 1962 interpretem
2008 1871 2328 1962 cognovit
2378 1892 2555 1957 quae
2589 1871 2776 1940 dice-

221 1891 526 2039 bantur,
581 1957 975 2048 respondit:
1045 1963 1269 2040 ErraS,
1331 1958 1578 2028 frater:
1636 1982 1761 2029 nos
1819 1960 2006 2029 enim
2079 1960 2425 2051 peregrini
2497 1983 2811 2030 sumus.-

221 2047 472 2117 Abiens
516 2068 681 2137 ergo
730 2047 1286 2128 archidiaconus,
1340 2048 1572 2118 retulit
1617 2049 1788 2118 haec
1838 2048 1919 2118 ad
1959 2049 2186 2118 virum
2219 2061 2563 2119 sanctum.

310 2138 347 2222 ξ
398 2140 557 2207 ²3.
615 2141 875 2205 Interea
908 2135 1027 2204 illo
1062 2136 1325 2225 legente
1351 2158 1583 2207 sacros
1603 2138 1899 2218 codices,
1927 2137 2097 2206 vidit
2123 2149 2403 2208 sanctus
2431 2138 2770 2227 Ephraem

224 2224 537 2314 linguam
575 2225 846 2312 igneam
897 2223 1287 2310 loquentem
1324 2246 1442 2314 per
1487 2248 1564 2295 os
1593 2227 1766 2316 ejus.
1804 2231 2209 2313 Rursusque
2250 2227 2353 2294 vir
2391 2226 2630 2295 beatus
2662 2226 2771 2294 di-

222 2314 319 2381 cit
366 2314 900 2383 Archidiacono:
955 2313 1160 2396 Vade,
1195 2327 1260 2383 et
1289 2313 1400 2383 dic
1429 2314 1525 2382 ei:
1579 2316 1867 2384 Domine
1900 2314 2262 2405 Ephraem,
2305 2314 2472 2383 velis
2498 2326 2559 2382 te
2591 2315 2771 2383 intro

228 2402 530 2492 recipere
581 2403 652 2472 in
704 2404 1022 2473 ‘sanctum
1072 2402 1277 2492 presb
1328 2403 1603 2472 terium.
1656 2403 2165 2493 obstupescens
2203 2415 2434 2473 autem
2485 2425 2771 2493 sanczus

221 2490 561 2581 Ephraem
618 2491 702 2561 ad
756 2491 1114 2573 visionem,
1170 2491 1253 2561 de
1308 2492 1358 2561 it
1398 2491 1689 2581 gloriam
1744 2497 1898 2574 Dec,
1950 2507 2016 2563 et
2068 2493 2243 2562 flexo
2293 2491 2573 2584 poplite,
2632 2493 2765 2561 ait‘:

220 2585 388 2661 Yere
436 2601 732 2670 magnus
780 2580 1098 2661 BasiliuS‚
1155 2602 1307 2650 vere
1353 2581 1678 2650 columna
1729 2582 1912 2671 ignis
1960 2581 2279 2662 Basilius,
2337 2603 2570 2651 revera
2613 2582 2769 2669 Spi-

220 2669 399 2739 ritus
457 2672 747 2739 Sanctus
822 2669 1128 2756 loquitur
1188 2692 1310 2760 per
1360 2691 1437 2738 os
1485 2669 1660 2758 ejus.
1716 2670 1910 2739 Petiit
1969 2682 2200 2739 autem
2276 2670 2363 2739 ab
2411 2669 2770 2739 Archidia-

218 2779 419 2837 cono,
461 2770 535 2827 ut
582 2758 813 2847 ipsum
854 2771 1242 2827 excusaret:
1313 2758 1682 2845 liceretque
1734 2759 1982 2849 potius,
2035 2758 2305 2848 expleto
2356 2759 2761 2837 ministeri0‚

222 2846 291 2914 in
344 2847 707 2916 secretario
739 2868 899 2916 eum
951 2847 1275 2917 salutare.
1331 2853 1607 2916 Peracto
1637 2848 1852 2937 igitur
1887 2848 2292 2927 ministerio,
2334 2860 2614 2916 sanctus
2644 2852 2770 2915 Ba-

221 2934 424 3004 silius
490 2936 769 3005 intravit
818 2936 888 3004 in
939 2936 1409 3016 secretarium,
1464 2948 1529 3006 et
1583 2937 1801 3006 accito
1849 2936 1936 3005 ad
1985 2960 2059 3005 se
2106 2950 2342 3011 sanct)
2398 2936 2763 3024 Ephraem,

220 3023 525 3093 reddidit
571 3024 1053 3094 salutationem
1106 3026 1178 3094 in
1213 3025 1523 3107 Domino,
1578 3025 1851 3110 dicens:
1888 3029 2137 3096 Gratus
2172 3025 2372 3096 nobis
2401 3024 2764 3104 advenisti,

217 3134 259 3181 o
296 3124 488 3201 pater
531 3111 1086 3194 eremicolarum,
1140 3115 1261 3201 qui
1296 3112 1544 3183 Christi
1593 3128 1962 3184 sectatores
2003 3115 2072 3182 in
2124 3115 2392 3184 deserto
2433 3112 2772 3202 multipli-

219 3202 416 3281 casti,
471 3214 537 3271 et
564 3202 937 3271 daemones
961 3203 1030 3269 in
1054 3202 1320 3271 Christo
1347 3204 1756 3293 profligasti.
1791 3204 1918 3272 Sed
1945 3225 2305 3290 quorsum,
2340 3202 2550 3283 Abba,
2585 3203 2772 3272 hunc

219 3289 346 3358 tibi
396 3289 698 3361 laborem
749 3290 1155 3379 sumpsisti?
1204 3292 1447 3360 venisti
1499 3292 1731 3364 videre
1775 3291 2129 3361 hominem
2165 3304 2618 3383 peccatorem:
2651 3290 2770 3362 sed

219 3379 556 3448 Dominus
588 3378 890 3449 laborem
943 3393 1138 3449 tuum
1175 3380 1368 3469 justa
1407 3380 1720 3450 mercede
1762 3393 2182 3470 compenset.
2239 3380 2617 3471 Respondit
2644 3402 2770 3449 au-

218 3480 354 3535 tem
408 3467 507 3536 illi
544 3467 1165 3539 reverendissimus
1206 3469 1570 3559 Ephraem,
1612 3483 1871 3540 etcum
1922 3469 2281 3540 didicisset
2327 3469 2565 3539 omnia
2592 3490 2771 3555 quae

220 3556 291 3624 in
337 3555 529 3626 illius
577 3557 783 3626 corde
826 3556 1274 3647 suspicienda
1321 3571 1540 3641 erant,
1578 3580 1722 3627 una
1752 3579 1914 3627 cum
1950 3559 2205 3629 Abbate
2252 3558 2435 3628 socio
2483 3580 2563 3627 ex
2611 3578 2771 3629 san-

216 3644 348 3713 ctis
399 3646 720 3715 manibus
784 3646 937 3735 ejus
983 3646 1547 3715 communionem
1597 3647 1893 3738 accepit:
1948 3669 2248 3734 cumque
2292 3668 2409 3718 eos
2478 3646 2772 3716 Basilius

216 3734 533 3803 convivio
581 3734 980 3824 excepisset,
1007 3733 1212 3803 ait'ad
1249 3734 1448 3805 illum
1485 3749 1767 3806 sanctus
1797 3737 2176 3825 Ephraem:
2216 3743 2413 3806 Pater
2458 3756 2772 3804 reveren-

217 3821 528 3904 dissime,
581 3845 794 3892 unam
830 3824 956 3893 abs
1004 3837 1067 3892 te
1106 3823 1398 3913 gratiam
1447 3835 1634 3913 peto:
1673 3823 1807 3906 fac,
1852 3845 1995 3903 oro,
2026 3837 2104 3893 ut
2134 3846 2215 3894 ea
2245 3825 2418 3894 mihi
2448 3824 2766 3893 donetur.

217 3912 340 3979 Cui
390 3911 722 3982 Basilius:
789 3911 932 3993 Dic,
1007 3912 1255 3998 inquit,
1312 3912 1479 3998 quid
1547 3911 1670 3981 tibi
1724 3912 1927 3981 velis:
1974 3912 2359 4003 plurimum
2428 3912 2615 3982 enim
2667 3934 2774 3981 me

218 3998 343 4068 tibi
394 3999 640 4070 debere
688 4001 924 4081 fateor,
985 4001 1354 4091 praecipue
1390 4001 1573 4087 quod
1626 4001 1714 4070 ad
1765 4023 1986 4071 meam
2037 4023 2261 4089 usque
2317 4002 2775 4093 praesentiam

219 4088 546 4158 accedere
585 4089 888 4159 voluisti.
945 4095 1021 4158 Et
1061 4089 1682 4160 reverendissimus
1730 4090 2106 4181 Ephraem:
2155 4091 2332 4172 Scio,
2372 4090 2621 4177 inquit,
2660 4112 2777 4179 pa-

218 4189 320 4246 ter
357 4191 428 4246 te
476 4177 676 4248 facile
724 4178 1257 4269 impetraturum
1300 4202 1340 4247 a
1379 4183 1536 4260 De0,
1572 4179 1909 4266 quicquid
1950 4178 2038 4249 ab
2087 4179 2208 4249 illo
2248 4179 2561 4271 petieris:
2619 4200 2775 4248 oro-

219 4288 355 4353 que
393 4278 471 4335 ut
519 4268 820 4358 preceris
866 4288 1053 4349 eum,
1113 4281 1405 4358 praestet
1452 4267 1626 4337 mihi
1675 4272 1926 4338 Graece
1972 4281 2049 4338 ut
2098 4269 2356 4359 possim
2409 4267 2621 4355 loqui.
2678 4266 2776 4336 Ad

220 4354 407 4443 quod
456 4355 754 4426 Basilius
802 4356 896 4426 ita
950 4355 1348 4447 respondit:
1405 4360 1571 4427 Rem
1611 4356 2013 4447 postulasti,
2051 4378 2227 4444 quae
2271 4378 2458 4426 meas
2491 4354 2780 4426 excedat

219 4444 432 4513 vires:
473 4444 590 4516 sed
626 4444 790 4532 quia
819 4468 982 4516 cum
1011 4445 1192 4516 bona
1240 4445 1500 4516 fiducia
1547 4445 1828 4535 petiisti,
1869 4445 2025 4516 veni
2053 4446 2241 4515 Abba
2286 4443 2776 4515 colendissime
