3357 4995
247 361 449 427 Jtml
501 362 538 426 4
947 380 1025 426 ΒΕ
1073 380 1128 427 S.
1183 379 1445 437 omnmo
1493 378 1692 428 muse.
1746 381 1823 427 m·
1871 380 2060 427 mar.
2453 373 2484 400 ·
2566 364 2681 427 lOl

247 473 433 545 atque
482 460 790 530 cruentis
830 459 1114 531 belluis:
1155 482 1290 529 non
1343 460 1716 530 deficerent
1763 462 1834 529 in
1886 461 2403 541 tentationibuS,
2458 461 2572 530 sed
2638 464 2780 530 me-

248 570 458 619 mores
496 562 727 620 essent
773 549 1188 639 Scripturae‚
1231 548 1564 619 dicentis:
1620 555 1867 620 Beatus
1898 551 2027 629 vir,
2063 553 2185 640 qui
2212 552 2442 639 suffert
2475 553 2783 621 tentatio-

241 660 378 706 nem
402 663 425 705 .·
478 641 799 729 quoniam
830 659 981 707 cum
1017 639 1342 729 probatus
1379 641 1612 727 licerit,
1649 641 1934 730 accipiet
1966 661 2279 707 coronam
2333 640 2536 720 vitae,
2576 663 2780 729 quam

240 730 602 818 repromisit
633 732 807 796 Deus
838 727 1272 817 diliqentibus
1303 749 1395 796 se.
1460 729 1583 806 His
1617 727 1912 815 aliisque
1960 726 2028 795 id
2084 749 2305 827 genus
2345 728 2781 798 sermonibus

235 838 390 886 cum
430 816 558 886 diu
605 816 793 917 apud
828 814 983 884 illos
1016 837 1185 886 usus
1231 828 1431 897 esset,
1474 817 1827 886 Urbicium
1862 828 2175 894 accersit,
2217 837 2517 902 eumque
2547 838 2781 886 coram

232 905 557 975 omnibus
606 905 739 974 s1bi
788 903 1105 995 designat
1152 926 1645 976 successorem.
1703 911 1903 982 Nocte
1946 905 2256 994 proxima
2319 905 2497 973 inter
2545 926 2783 994 preces

226 1006 289 1063 et
329 993 678 1082 lacrymas
725 1006 959 1063 sancta
992 992 1110 1063 illa
1157 995 1391 1064 anima
1428 993 1719 1064 feliciter
1749 1016 1787 1062 e
1832 994 2040 1063 rebus
2087 993 2375 1064 excessit
2421 993 2775 1064 humanis.

227 1083 301 1151 Id
338 1104 503 1151 vero
534 1095 899 1171 postquam
950 1082 1284 1173 Episcopo
1325 1083 1648 1172 innotuit,
1703 1082 2060 1152 celerrime
2092 1082 2175 1151 ad
2227 1083 2379 1172 ejus
2411 1081 2627 1152 funus
2666 1105 2781 1152 ac—

224 1171 473 1241 currit.
522 1176 679 1241 Jam
713 1171 785 1240 in
824 1171 1047 1240 medio
1087 1194 1365 1242 sacrum
1413 1194 1668 1262 corpus
1696 1172 1998 1262 positum
2033 1170 2362 1262 discipuli
2413 1171 2640 1241 tristes
2674 1171 2783 1241 lu-

223 1260 450 1330 ctuosi
487 1259 734 1329 officiis
782 1261 1395 1351 prosequebantur,
1452 1260 1767 1349 illudque
1810 1261 2197 1351 Episcopus
2244 1282 2385 1329 una
2425 1281 2588 1330 curn
2639 1259 2781 1329 illis

225 1370 487 1449 magno
546 1348 777 1419 studio
810 1348 1089 1418 tradidit
1118 1350 1515 1440 sepulturae
1544 1351 1673 1440 (a).
1731 1349 1986 1420 Deinde
2027 1349 2368 1431 UrbiciuS,
2405 1348 2491 1418 ab
2538 1348 2783 1418 eodem

226 1438 535 1507 antistite
583 1438 654 1506 in
704 1458 831 1506 sua
877 1437 1228 1508 functione
1280 1438 1756 1521 confirmatus,
1813 1449 1966 1528 post
2012 1438 2274 1508 obitum
2335 1438 2553 1507 sancti
2625 1438 2810 1518 viri,-

223 1527 381 1616 eJus
429 1525 829 1596 monasterii
878 1538 1299 1597 structuram
1348 1526 1505 1598 fecit
1551 1529 2072 1600 sublimiorem:
2112 1527 2234 1596 ubi
2277 1526 2613 1597 hactenus
2655 1548 2780 1617 pro

222 1615 497 1685 meritis
536 1615 716 1685 beati
766 1614 1090 1704 Liphardi
1135 1615 1353 1686 multa
1399 1616 1733 1689 divinitus
1765 1617 1965 1708 signa
1995 1615 2336 1685 eduntur:
2393 1627 2783 1706 praestante

220 1704 520 1774 Domino
562 1714 792 1774 nostro
829 1709 995 1774 Jesu
1042 1704 1329 1786 Christo,
1368 1706 1488 1792 qui
1522 1728 1683 1775 cum
1710 1711 1908 1776 Patre
1946 1719 2011 1775 et
2042 1704 2303 1794 Spiritu
2337 1709 2582 1774 Sancto
2614 1704 2780 1773 vivit

221 1805 288 1862 et
336 1805 586 1883 regnat
633 1793 705 1862 in
755 1793 1027 1863 saecula
1077 1795 1542 1865 saeculorum.
1781 1837 1790 1844 ·

426 2071 1050 2175 marimum
1099 2074 1181 2174 S.
1257 2035 2033 2182 QU1R1N1‘EPISC.
2107 2074 2600 2176 sciscam

224 2301 304 2347 Ex
341 2297 609 2355 QUODAM
637 2296 906 2356 EGREGIQ
939 2299 1040 2347 MS.
1087 2297 1309 2348 CODICE
1354 2268 1766 2347 DESCRIinuu.
1821 2297 2128 2346 AUCTORIS
2175 2298 2389 2347 NOMEN
2419 2299 2546 2347 NON
2586 2298 2787 2347 EXTAT

320 2397 447 2457 lm,
500 2400 614 2448 SED
664 2400 776 2447 EST
824 2392 1129 2448 HISTORIA'
1164 2400 1473 2449 GRAVITER
1521 2400 1926 2459 CONSCRIPTA,
1996 2401 2202 2457 ATQUE
2248 2400 2528 2457 ANTIQUA
2590 2401 2786 2459 SANE,

319 2507 410 2563 UT
455 2506 736 2564 EQUIDEM
764 2506 1009 2555 SENTIO.
1063 2507 1225 2556 SUNT
1256 2507 1367 2564 QUI
1414 2507 1544 2555 mm
1590 2507 2083 2556 LAURRACENSEM
2125 2507 2473 2556 EPISCOPUM
2519 2507 2783 2556 VOCENT.

1315 2669 1509 2727 Circa
1559 2673 1713 2727 309.

307 2853 350 2938 ἓ
405 2856 483 2923 1.
536 2854 706 2921 Cum
740 2851 1207 2920 mundiistius
1242 2850 1592 2942 principes
1612 2850 1697 2920 ad
1722 2850 2136 2921 cruciandas
2167 2851 2437 2920 animas
2466 2850 2789 2921 diabolus

218 2940 739 3018 commovisset,
778 2951 844 3008 et
878 2939 1139 3026 ubique
1188 2940 1461 3011 Domini
1508 2939 1848 3010 Ecclesias
1897 2938 2191 3009 diversis
2222 2939 2786 3029 persecutionum

221 3026 761 3117 tempestatibus
795 3028 1189 3098 ventilaret:
1245 3028 1592 3100 suscitatis
1644 3050 1886 3119 regum
1922 3027 2192 3110 amiciS,
2247 3050 2369 3119 per
2418 3050 2592 3116 quos
2640 3050 2788 3097 am-

220 3117 422 3208 plius
452 3116 789 3217 adversus
838 3118 953 3185 Dei
987 3117 1329 3218 populum
1378 3116 1639 3207 praelia
1678 3130 2166 3198 commoverat,
2206 3118 2453 3208 agebat
2480 3116 2790 3205 quotidie

221 3226 403 3276 suae
446 3216 876 3274 incrementa
924 3219 1269 3276 saevitiae.
1316 3207 1467 3275 Pari
1509 3218 1734 3275 mente
1767 3207 2003 3294 itaque
2052 3206 2448 3276 Maximiani
2484 3211 2787 3295 Impera-

221 3296 401 3364 toris
473 3293 745 3383 legibus
795 3294 1225 3364 Christianus
1289 3294 1744 3366 infestabatur
1802 3295 2167 3365 exercitus.
2230 3300 2357 3365 Per
2425 3294 2786 3384 Illyricum

219 3404 390 3452 vero
444 3380 911 3452 Diocletianus
957 3382 1315 3473 sacrilegis
1376 3384 1761 3474 praeceptis
1808 3385 1879 3452 in
1932 3384 2183 3455 Christi
2233 3381 2573 3474 populum
2638 3404 2790 3453 sae-

222 3472 479 3552 viebat,
517 3470 755 3541 addito
803 3471 1158 3561 tyrannidi
1213 3493 1381 3541 suae
1421 3472 1832 3543 Maximiano
1879 3473 1953 3543 in
2003 3494 2217 3563 regno
2263 3472 2621 3562 participe,
2667 3469 2789 3559 qui

220 3574 286 3630 et
334 3581 542 3630 suam
590 3559 857 3630 rabiem
912 3571 979 3630 et
1027 3560 1427 3631 Diocletiani
1476 3581 1596 3651 per
1627 3583 1904 3631 omnem
1958 3561 2318 3651 Illyricum
2369 3560 2781 3633 ostenderet.

223 3653 392 3719 Fere
444 3660 673 3717 tamen
720 3648 806 3717 ad
859 3670 1111 3719 omnes·
1144 3648 1652 3740 provinciarum
1697 3649 1977 3739 judices
2024 3649 2482 3720 nefandorum
2527 3649 2789 3740 princi-

223 3759 398 3827 pum
447 3737 769 3828 sacrilegi
814 3738 1051 3828 apices
1097 3738 1566 3818 mittebantur,
1621 3750 1699 3808 ut
1746 3740 1820 3808 in
1869 3738 2149 3839 templis
2181 3738 2599 3808 daemonum
2653 3739 2790 3806 im-

222 3825 491 3895 molare
553 3838 879 3918 cogerent
948 3825 1371 3898 Christianos
1428 3827 1736 3916 (Christi
1785 3826 2116 3897 eccles1ae
2176 3825 2686 3897 claudebantur
2717 3826 2785 3916 >1

225 3913 481 3984 Christi
549 3914 939 3984 sacerdotes
984 3926 1051 3984 et
1114 3915 1471 3986 ministros
1518 3928 1597 3987 ut
1657 3918 1977 4007 parerent
2023 3916 2298 4006 legibus
2346 3916 2673 4006 publicis,
2726 3926 2792 3983 et

225 4004 725 4073 confiterentur
768 4003 936 4075 deos
966 4024 1153 4074 esse:
1196 4005 1455 4091 quibus
1486 4006 1546 4074 si
1584 4005 1788 4076 thura
1828 4005 2052 4074 nolint
2078 4004 2477 4087 accendere,
2516 4002 2789 4094 suppli-

228 4092 363 4161 ciis
412 4090 704 4161 diversis
748 4105 816 4162 et
849 4092 1190 4163 mortibus
1239 4092 1699 4182 subjacerent.

318 4182 359 4267 ξ
405 4184 490 4251 8.
544 4184 731 4250 Inter
769 4176 1025 4252 multos
1055 4193 1309 4262 autem,
1354 4181 1476 4269 qui
1505 4182 1575 4250 in
1609 4180 1856 4251 Christi
1897 4180 2202 4253 exercitu
2233 4180 2788 4271 triumphabant,

285 4320 360 4373 (a)
387 4321 567 4362 Eadem
594 4319 644 4363 in
671 4320 851 4369 eremo,
879 4324 924 4363 8.
952 4323 1171 4365 urbicius
1200 4323 1465 4373 discipulus
1495 4325 1543 4363 et
1570 4322 1618 4363 in
1649 4322 1861 4364 coenobii
1881 4325 2111 4374 regimine
2132 4334 2394 4372 successor,
2409 4325 2549 4365 beato
2568 4320 2726 4364 comiti
2747 4325 2796 4363 et

228 4375 345 4414 duci
372 4374 566 4415 Lunx-do
596 4376 827 4426 temptum
855 4387 950 4417 non
977 4377 1185 4427 ignobile
1215 4376 1527 4418 extruendum
1556 4378 1755 4423 curavit,
1784 4379 1909 4427 quod
1944 4375 2104 4428 oppidi
2145 4380 2287 4419 Menan
2316 4389 2373 4418 eo
2405 4376 2452 4417 in
2487 4378 2589 4417 loco
2627 4377 2725 4416 nati
2745 4377 2795 4415 tn

233 4428 551 4521 Οέτῐὲςὲίὲξῗω
578 4430 823 4472 ecclesiam
851 4440 978 4471 nunc
1005 4429 1321 4481 parochialem
1350 4428 1523 4477 evasit5
1550 4429 1615 4471 ibi
1648 4432 1693 4471 S.
1721 4432 1913 4472 Abbatis
1943 4433 2190 4482 Reliquiae
2225 4433 2455 4472 hactenns
2488 4430 2707 4479 religiose
2726 4438 2798 4468 aa·
