<?xml version="1.0" encoding="UTF-8"?>
<!DOCTYPE html PUBLIC "-//W3C//DTD XHTML 1.0 Transitional//EN"
    "http://www.w3.org/TR/xhtml1/DTD/xhtml1-transitional.dtd">
<html xmlns="http://www.w3.org/1999/xhtml" xml:lang="en" lang="en">
 <head>
  <title>
</title>
<meta http-equiv="Content-Type" content="text/html;charset=utf-8" />
  <meta name='ocr-system' content='tesseract 3.04.00' />
  <meta name='ocr-capabilities' content='ocr_page ocr_carea ocr_par ocr_line ocrx_word'/>
</head>
<body>
  <div class='ocr_page' id='page_1' title='image "./historiaeseuvit02lippgoog_0212.png"; bbox 0 0 3357 4995; ppageno 0'>
   <div class='ocr_carea' id='block_1_1' title="bbox 700 318 3129 383">
    <p class='ocr_par' dir='ltr' id='par_1_1' title="bbox 700 318 3129 383">
     <span class='ocr_line' id='line_1_1' title="bbox 700 318 3129 383; baseline -0 -1"><span class='ocrx_word' id='word_1_1' title='bbox 700 319 820 383; x_wconf 80' lang='lat'>196</span> <span class='ocrx_word' id='word_1_2' title='bbox 1204 336 1283 383; x_wconf 70' lang='grc' dir='ltr'>ΒΕ.</span> <span class='ocrx_word' id='word_1_3' title='bbox 1328 337 1384 382; x_wconf 89' lang='lat' dir='ltr'>s.</span> <span class='ocrx_word' id='word_1_4' title='bbox 1439 334 1639 382; x_wconf 61' lang='lat' dir='ltr'>rauco</span> <span class='ocrx_word' id='word_1_5' title='bbox 1689 332 1978 382; x_wconf 74' lang='lat' dir='ltr'>Ancuisr.</span> <span class='ocrx_word' id='word_1_6' title='bbox 2033 334 2520 382; x_wconf 66' lang='lat' dir='ltr'>consummor.</span> <span class='ocrx_word' id='word_1_7' title='bbox 2822 318 3041 382; x_wconf 84' lang='lat' dir='ltr'>JUNII</span> <span class='ocrx_word' id='word_1_8' title='bbox 3090 318 3129 381; x_wconf 90' lang='lat'><strong>7</strong></span> 
     </span>
    </p>
   </div>
   <div class='ocr_carea' id='block_1_2' title="bbox 603 414 3175 4497">
    <p class='ocr_par' dir='ltr' id='par_1_2' title="bbox 604 414 3131 1037">
     <span class='ocr_line' id='line_1_2' title="bbox 606 414 3131 514; baseline -0.001 -29"><span class='ocrx_word' id='word_1_9' title='bbox 606 417 897 487; x_wconf 86' lang='lat' dir='ltr'>venisset</span> <span class='ocrx_word' id='word_1_10' title='bbox 947 417 1010 483; x_wconf 89' lang='lat' dir='ltr'>in</span> <span class='ocrx_word' id='word_1_11' title='bbox 1063 415 1426 495; x_wconf 88' lang='lat' dir='ltr'>civitatem,</span> <span class='ocrx_word' id='word_1_12' title='bbox 1468 427 1779 483; x_wconf 90' lang='lat' dir='ltr'>sanctum</span> <span class='ocrx_word' id='word_1_13' title='bbox 1832 415 2111 501; x_wconf 89' lang='lat' dir='ltr'>quidem</span> <span class='ocrx_word' id='word_1_14' title='bbox 2163 415 2445 483; x_wconf 91' lang='lat' dir='ltr'>Paulum</span> <span class='ocrx_word' id='word_1_15' title='bbox 2481 437 2558 482; x_wconf 83' lang='lat' dir='ltr'>ex</span> <span class='ocrx_word' id='word_1_16' title='bbox 2592 437 2667 482; x_wconf 92' lang='lat' dir='ltr'>ea</span> <span class='ocrx_word' id='word_1_17' title='bbox 2699 414 3010 514; x_wconf 76' lang='lat' dir='ltr'>expellit:</span> <span class='ocrx_word' id='word_1_18' title='bbox 3064 430 3131 483; x_wconf 87' lang='lat' dir='ltr'>et</span> 
     </span>
     <span class='ocr_line' id='line_1_3' title="bbox 604 503 3130 592; baseline -0.001 -17"><span class='ocrx_word' id='word_1_19' title='bbox 604 507 939 575; x_wconf 86' lang='lat' dir='ltr'>civitatem</span> <span class='ocrx_word' id='word_1_20' title='bbox 976 503 1259 573; x_wconf 89' lang='lat' dir='ltr'>mulctat</span> <span class='ocrx_word' id='word_1_21' title='bbox 1284 503 1648 575; x_wconf 76' lang='lat' dir='ltr'>frumento,</span> <span class='ocrx_word' id='word_1_22' title='bbox 1676 503 1904 573; x_wconf 89' lang='lat' dir='ltr'>ablato</span> <span class='ocrx_word' id='word_1_23' title='bbox 1935 504 1997 572; x_wconf 89' lang='lat' dir='ltr'>ei</span> <span class='ocrx_word' id='word_1_24' title='bbox 2037 503 2326 572; x_wconf 89' lang='lat' dir='ltr'>dimidio</span> <span class='ocrx_word' id='word_1_25' title='bbox 2361 504 2547 583; x_wconf 86' lang='lat' dir='ltr'>doni,</span> <span class='ocrx_word' id='word_1_26' title='bbox 2572 504 2753 590; x_wconf 86' lang='lat' dir='ltr'>quod</span> <span class='ocrx_word' id='word_1_27' title='bbox 2794 504 2980 574; x_wconf 80' lang='lat' dir='ltr'>illius</span> <span class='ocrx_word' id='word_1_28' title='bbox 3012 526 3130 592; x_wconf 92' lang='lat' dir='ltr'>pa-</span> 
     </span>
     <span class='ocr_line' id='line_1_4' title="bbox 605 591 3127 682; baseline -0.002 -18"><span class='ocrx_word' id='word_1_29' title='bbox 605 608 726 674; x_wconf 88' lang='lat' dir='ltr'>ter,</span> <span class='ocrx_word' id='word_1_30' title='bbox 780 594 1121 682; x_wconf 83' lang='lat' dir='ltr'>benignus</span> <span class='ocrx_word' id='word_1_31' title='bbox 1169 594 1428 662; x_wconf 88' lang='lat' dir='ltr'>scilicet</span> <span class='ocrx_word' id='word_1_32' title='bbox 1473 604 1537 660; x_wconf 92' lang='lat' dir='ltr'>et</span> <span class='ocrx_word' id='word_1_33' title='bbox 1573 591 1877 662; x_wconf 89' lang='lat' dir='ltr'>clemens</span> <span class='ocrx_word' id='word_1_34' title='bbox 1913 593 2420 672; x_wconf 80' lang='lat' dir='ltr'>ConstantinuS,</span> <span class='ocrx_word' id='word_1_35' title='bbox 2454 594 2517 662; x_wconf 89' lang='lat' dir='ltr'>ei</span> <span class='ocrx_word' id='word_1_36' title='bbox 2543 593 2933 661; x_wconf 89' lang='lat' dir='ltr'>donaverat.</span> <span class='ocrx_word' id='word_1_37' title='bbox 2972 596 3127 661; x_wconf 85' lang='lat' dir='ltr'>Erat</span> 
     </span>
     <span class='ocr_line' id='line_1_5' title="bbox 605 681 3121 770; baseline -0.002 -18"><span class='ocrx_word' id='word_1_38' title='bbox 605 698 829 752; x_wconf 88' lang='lat' dir='ltr'>autem</span> <span class='ocrx_word' id='word_1_39' title='bbox 873 703 1147 751; x_wconf 90' lang='lat' dir='ltr'>summa</span> <span class='ocrx_word' id='word_1_40' title='bbox 1173 681 1586 758; x_wconf 87' lang='lat' dir='ltr'>donationis,</span> <span class='ocrx_word' id='word_1_41' title='bbox 1622 694 1772 751; x_wconf 88' lang='lat' dir='ltr'>octo</span> <span class='ocrx_word' id='word_1_42' title='bbox 1825 682 1961 750; x_wconf 90' lang='lat' dir='ltr'>inta</span> <span class='ocrx_word' id='word_1_43' title='bbox 1995 681 2209 750; x_wconf 89' lang='lat' dir='ltr'>millia</span> <span class='ocrx_word' id='word_1_44' title='bbox 2246 703 2503 770; x_wconf 90' lang='lat' dir='ltr'>panum</span> <span class='ocrx_word' id='word_1_45' title='bbox 2531 681 3121 767; x_wconf 84' lang='lat' dir='ltr'>quotidianorum.</span> 
     </span>
     <span class='ocr_line' id='line_1_6' title="bbox 607 769 3129 859; baseline -0 -19"><span class='ocrx_word' id='word_1_46' title='bbox 607 771 1034 841; x_wconf 81' lang='lat' dir='ltr'>Irascebatur</span> <span class='ocrx_word' id='word_1_47' title='bbox 1063 783 1288 839; x_wconf 89' lang='lat' dir='ltr'>autem</span> <span class='ocrx_word' id='word_1_48' title='bbox 1331 771 1533 840; x_wconf 89' lang='lat' dir='ltr'>etiam</span> <span class='ocrx_word' id='word_1_49' title='bbox 1573 775 1753 840; x_wconf 86' lang='lat' dir='ltr'>Mace</span> <span class='ocrx_word' id='word_1_50' title='bbox 1805 772 1985 850; x_wconf 92' lang='lat' dir='ltr'>onio,</span> <span class='ocrx_word' id='word_1_51' title='bbox 2021 792 2155 839; x_wconf 91' lang='lat' dir='ltr'>non</span> <span class='ocrx_word' id='word_1_52' title='bbox 2206 770 2429 839; x_wconf 87' lang='lat' dir='ltr'>solum</span> <span class='ocrx_word' id='word_1_53' title='bbox 2462 769 2645 856; x_wconf 88' lang='lat' dir='ltr'>quod</span> <span class='ocrx_word' id='word_1_54' title='bbox 2685 783 2947 859; x_wconf 87' lang='lat' dir='ltr'>praeter</span> <span class='ocrx_word' id='word_1_55' title='bbox 2977 771 3129 857; x_wconf 84' lang='lat' dir='ltr'>ejus</span> 
     </span>
     <span class='ocr_line' id='line_1_7' title="bbox 606 858 3119 949; baseline -0.001 -21"><span class='ocrx_word' id='word_1_56' title='bbox 606 859 1009 933; x_wconf 86' lang='lat' dir='ltr'>sententiam</span> <span class='ocrx_word' id='word_1_57' title='bbox 1063 859 1608 938; x_wconf 77' lang='lat' dir='ltr'>fuissetelectu5‚</span> <span class='ocrx_word' id='word_1_58' title='bbox 1647 858 1763 928; x_wconf 91' lang='lat' dir='ltr'>sed</span> <span class='ocrx_word' id='word_1_59' title='bbox 1812 860 2015 928; x_wconf 91' lang='lat' dir='ltr'>etiam</span> <span class='ocrx_word' id='word_1_60' title='bbox 2068 872 2344 949; x_wconf 86' lang='lat' dir='ltr'>propter</span> <span class='ocrx_word' id='word_1_61' title='bbox 2392 859 2655 939; x_wconf 85' lang='lat' dir='ltr'>caedes,</span> <span class='ocrx_word' id='word_1_62' title='bbox 2719 881 2893 946; x_wconf 86' lang='lat' dir='ltr'>quas</span> <span class='ocrx_word' id='word_1_63' title='bbox 2949 859 3119 947; x_wconf 88' lang='lat' dir='ltr'>ipse,</span> 
     </span>
     <span class='ocr_line' id='line_1_8' title="bbox 607 947 2221 1037; baseline -0.002 -19"><span class='ocrx_word' id='word_1_64' title='bbox 607 949 1008 1018; x_wconf 79' lang='lat' dir='ltr'>seditionem</span> <span class='ocrx_word' id='word_1_65' title='bbox 1045 950 1337 1037; x_wconf 83' lang='lat' dir='ltr'>agitans.</span> <span class='ocrx_word' id='word_1_66' title='bbox 1386 947 1602 1018; x_wconf 86' lang='lat' dir='ltr'>fuerat</span> <span class='ocrx_word' id='word_1_67' title='bbox 1648 969 1856 1017; x_wconf 89' lang='lat' dir='ltr'>causa</span> <span class='ocrx_word' id='word_1_68' title='bbox 1902 947 2221 1016; x_wconf 85' lang='lat' dir='ltr'>faciendi.</span> 
     </span>
    </p>

    <p class='ocr_par' dir='ltr' id='par_1_3' title="bbox 695 1036 3127 1124">
     <span class='ocr_line' id='line_1_9' title="bbox 695 1036 3127 1124; baseline -0.002 -15"><span class='ocrx_word' id='word_1_69' title='bbox 695 1041 730 1124; x_wconf 66' lang='grc' dir='ltr'>ξ</span> <span class='ocrx_word' id='word_1_70' title='bbox 778 1043 871 1109; x_wconf 67' lang='grc' dir='ltr'>Β.</span> <span class='ocrx_word' id='word_1_71' title='bbox 928 1041 1016 1106; x_wconf 90' lang='lat' dir='ltr'>Eo</span> <span class='ocrx_word' id='word_1_72' title='bbox 1067 1038 1292 1123; x_wconf 88' lang='lat' dir='ltr'>itaque</span> <span class='ocrx_word' id='word_1_73' title='bbox 1319 1036 1627 1115; x_wconf 79' lang='lat' dir='ltr'>dimisse,</span> <span class='ocrx_word' id='word_1_74' title='bbox 1660 1038 1841 1105; x_wconf 83' lang='lat' dir='ltr'>venit</span> <span class='ocrx_word' id='word_1_75' title='bbox 1870 1042 2177 1116; x_wconf 87' lang='lat' dir='ltr'>Romam,</span> <span class='ocrx_word' id='word_1_76' title='bbox 2214 1050 2275 1105; x_wconf 91' lang='lat' dir='ltr'>et</span> <span class='ocrx_word' id='word_1_77' title='bbox 2306 1037 2698 1105; x_wconf 84' lang='lat' dir='ltr'>versabatur</span> <span class='ocrx_word' id='word_1_78' title='bbox 2728 1037 2937 1105; x_wconf 88' lang='lat' dir='ltr'>simul</span> <span class='ocrx_word' id='word_1_79' title='bbox 2967 1057 3127 1105; x_wconf 90' lang='lat' dir='ltr'>cum</span> 
     </span>
    </p>

    <p class='ocr_par' dir='ltr' id='par_1_4' title="bbox 603 1125 3175 4497">
     <span class='ocr_line' id='line_1_10' title="bbox 607 1125 3131 1214; baseline -0.001 -19"><span class='ocrx_word' id='word_1_80' title='bbox 607 1126 993 1195; x_wconf 67' lang='lat' dir='ltr'>Athanasio</span> <span class='ocrx_word' id='word_1_81' title='bbox 1035 1125 1256 1194; x_wconf 77' lang='lat' dir='ltr'>Refert</span> <span class='ocrx_word' id='word_1_82' title='bbox 1301 1147 1463 1214; x_wconf 85' lang='lat' dir='ltr'>ergo</span> <span class='ocrx_word' id='word_1_83' title='bbox 1509 1147 1683 1210; x_wconf 87' lang='lat' dir='ltr'>quae</span> <span class='ocrx_word' id='word_1_84' title='bbox 1736 1148 1979 1214; x_wconf 89' lang='lat' dir='ltr'>passus</span> <span class='ocrx_word' id='word_1_85' title='bbox 2029 1125 2269 1203; x_wconf 81' lang='lat' dir='ltr'>fuerat,</span> <span class='ocrx_word' id='word_1_86' title='bbox 2326 1130 2629 1194; x_wconf 90' lang='lat' dir='ltr'>Romano</span> <span class='ocrx_word' id='word_1_87' title='bbox 2658 1127 3029 1214; x_wconf 82' lang='lat' dir='ltr'>Episcopo:</span> <span class='ocrx_word' id='word_1_88' title='bbox 3062 1139 3131 1192; x_wconf 83' lang='lat' dir='ltr'>et</span> 
     </span>
     <span class='ocr_line' id='line_1_11' title="bbox 607 1213 3128 1304; baseline -0.001 -21"><span class='ocrx_word' id='word_1_89' title='bbox 607 1237 848 1284; x_wconf 86' lang='lat' dir='ltr'>rursus</span> <span class='ocrx_word' id='word_1_90' title='bbox 899 1217 1212 1284; x_wconf 90' lang='lat' dir='ltr'>munitus</span> <span class='ocrx_word' id='word_1_91' title='bbox 1258 1216 1408 1304; x_wconf 89' lang='lat' dir='ltr'>ejus</span> <span class='ocrx_word' id='word_1_92' title='bbox 1455 1213 1668 1281; x_wconf 86' lang='lat' dir='ltr'>literis</span> <span class='ocrx_word' id='word_1_93' title='bbox 1719 1226 1780 1282; x_wconf 90' lang='lat' dir='ltr'>et</span> <span class='ocrx_word' id='word_1_94' title='bbox 1822 1216 2202 1283; x_wconf 89' lang='lat' dir='ltr'>Constantis</span> <span class='ocrx_word' id='word_1_95' title='bbox 2254 1215 2711 1302; x_wconf 75' lang='lat' dir='ltr'>imperatoriS‚</span> <span class='ocrx_word' id='word_1_96' title='bbox 2759 1214 2986 1283; x_wconf 85' lang='lat' dir='ltr'>statim</span> <span class='ocrx_word' id='word_1_97' title='bbox 3026 1236 3128 1281; x_wconf 90' lang='lat' dir='ltr'>re-</span> 
     </span>
     <span class='ocr_line' id='line_1_12' title="bbox 607 1303 3128 1392; baseline 0 -22"><span class='ocrx_word' id='word_1_98' title='bbox 607 1303 913 1381; x_wconf 84' lang='lat' dir='ltr'>vertitur,</span> <span class='ocrx_word' id='word_1_99' title='bbox 957 1318 1020 1371; x_wconf 86' lang='lat' dir='ltr'>et</span> <span class='ocrx_word' id='word_1_100' title='bbox 1053 1326 1216 1374; x_wconf 90' lang='lat' dir='ltr'>suae</span> <span class='ocrx_word' id='word_1_101' title='bbox 1265 1303 1407 1372; x_wconf 90' lang='lat' dir='ltr'>sedi</span> <span class='ocrx_word' id='word_1_102' title='bbox 1461 1303 1861 1378; x_wconf 84' lang='lat' dir='ltr'>restituitur,</span> <span class='ocrx_word' id='word_1_103' title='bbox 1901 1325 2056 1370; x_wconf 90' lang='lat' dir='ltr'>cum</span> <span class='ocrx_word' id='word_1_104' title='bbox 2122 1324 2369 1390; x_wconf 81' lang='lat' dir='ltr'>magno</span> <span class='ocrx_word' id='word_1_105' title='bbox 2419 1303 2672 1392; x_wconf 83' lang='lat' dir='ltr'>gaudio</span> <span class='ocrx_word' id='word_1_106' title='bbox 2719 1315 3041 1391; x_wconf 87' lang='lat' dir='ltr'>exceptus</span> <span class='ocrx_word' id='word_1_107' title='bbox 3090 1325 3128 1370; x_wconf 85' lang='lat' dir='ltr'>a</span> 
     </span>
     <span class='ocr_line' id='line_1_13' title="bbox 607 1391 3129 1480; baseline -0 -19"><span class='ocrx_word' id='word_1_108' title='bbox 607 1393 899 1461; x_wconf 86' lang='lat' dir='ltr'>civitate.</span> <span class='ocrx_word' id='word_1_109' title='bbox 954 1393 1388 1461; x_wconf 80' lang='lat' dir='ltr'>Constantius</span> <span class='ocrx_word' id='word_1_110' title='bbox 1417 1405 1640 1460; x_wconf 86' lang='lat' dir='ltr'>autem</span> <span class='ocrx_word' id='word_1_111' title='bbox 1672 1414 1916 1461; x_wconf 87' lang='lat' dir='ltr'>rursus</span> <span class='ocrx_word' id='word_1_112' title='bbox 1954 1391 2013 1459; x_wconf 90' lang='lat' dir='ltr'>id</span> <span class='ocrx_word' id='word_1_113' title='bbox 2056 1391 2306 1460; x_wconf 77' lang='lat' dir='ltr'>factum</span> <span class='ocrx_word' id='word_1_114' title='bbox 2346 1414 2544 1480; x_wconf 77' lang='lat' dir='ltr'>aegre</span> <span class='ocrx_word' id='word_1_115' title='bbox 2575 1391 2752 1468; x_wconf 90' lang='lat' dir='ltr'>tulit,</span> <span class='ocrx_word' id='word_1_116' title='bbox 2792 1405 2855 1459; x_wconf 88' lang='lat' dir='ltr'>et</span> <span class='ocrx_word' id='word_1_117' title='bbox 2884 1413 3129 1460; x_wconf 85' lang='lat' dir='ltr'>rursus</span> 
     </span>
     <span class='ocr_line' id='line_1_14' title="bbox 608 1479 3127 1570; baseline -0.002 -22"><span class='ocrx_word' id='word_1_118' title='bbox 608 1481 693 1549; x_wconf 91' lang='lat' dir='ltr'>ab</span> <span class='ocrx_word' id='word_1_119' title='bbox 742 1503 821 1549; x_wconf 92' lang='lat' dir='ltr'>eo</span> <span class='ocrx_word' id='word_1_120' title='bbox 872 1479 1097 1568; x_wconf 82' lang='lat' dir='ltr'>prodit</span> <span class='ocrx_word' id='word_1_121' title='bbox 1133 1482 1374 1570; x_wconf 85' lang='lat' dir='ltr'>jussus</span> <span class='ocrx_word' id='word_1_122' title='bbox 1436 1482 1552 1564; x_wconf 87' lang='lat' dir='ltr'>qui</span> <span class='ocrx_word' id='word_1_123' title='bbox 1595 1481 1865 1569; x_wconf 86' lang='lat' dir='ltr'>justum</span> <span class='ocrx_word' id='word_1_124' title='bbox 1926 1480 2145 1548; x_wconf 85' lang='lat' dir='ltr'>mittat</span> <span class='ocrx_word' id='word_1_125' title='bbox 2195 1481 2260 1546; x_wconf 90' lang='lat' dir='ltr'>in</span> <span class='ocrx_word' id='word_1_126' title='bbox 2310 1481 2618 1548; x_wconf 83' lang='lat' dir='ltr'>exilium.</span> <span class='ocrx_word' id='word_1_127' title='bbox 2692 1486 2921 1566; x_wconf 86' lang='lat' dir='ltr'>Itaque</span> <span class='ocrx_word' id='word_1_128' title='bbox 2968 1501 3127 1547; x_wconf 91' lang='lat' dir='ltr'>cum</span> 
     </span>
     <span class='ocr_line' id='line_1_15' title="bbox 606 1568 3129 1657; baseline -0.001 -21"><span class='ocrx_word' id='word_1_129' title='bbox 606 1591 765 1637; x_wconf 89' lang='lat' dir='ltr'>eum</span> <span class='ocrx_word' id='word_1_130' title='bbox 816 1571 1190 1657; x_wconf 79' lang='lat' dir='ltr'>accepisset</span> <span class='ocrx_word' id='word_1_131' title='bbox 1233 1568 1611 1637; x_wconf 71' lang='lat' dir='ltr'>Praefectus</span> <span class='ocrx_word' id='word_1_132' title='bbox 1665 1568 2044 1657; x_wconf 84' lang='lat' dir='ltr'>Philippus,</span> <span class='ocrx_word' id='word_1_133' title='bbox 2110 1581 2417 1636; x_wconf 90' lang='lat' dir='ltr'>sanctum</span> <span class='ocrx_word' id='word_1_134' title='bbox 2468 1568 2746 1655; x_wconf 83' lang='lat' dir='ltr'>quidem</span> <span class='ocrx_word' id='word_1_135' title='bbox 2802 1569 3005 1637; x_wconf 85' lang='lat' dir='ltr'>mittit</span> <span class='ocrx_word' id='word_1_136' title='bbox 3060 1569 3129 1635; x_wconf 89' lang='lat' dir='ltr'>in</span> 
     </span>
     <span class='ocr_line' id='line_1_16' title="bbox 607 1656 3175 1746; baseline -0 -21"><span class='ocrx_word' id='word_1_137' title='bbox 607 1656 916 1736; x_wconf 90' lang='lat' dir='ltr'>exilium,</span> <span class='ocrx_word' id='word_1_138' title='bbox 952 1658 1101 1746; x_wconf 84' lang='lat' dir='ltr'>ejus</span> <span class='ocrx_word' id='word_1_139' title='bbox 1150 1680 1302 1727; x_wconf 90' lang='lat' dir='ltr'>vero</span> <span class='ocrx_word' id='word_1_140' title='bbox 1355 1657 1498 1725; x_wconf 92' lang='lat' dir='ltr'>loco</span> <span class='ocrx_word' id='word_1_141' title='bbox 1532 1659 1599 1725; x_wconf 92' lang='lat' dir='ltr'>in</span> <span class='ocrx_word' id='word_1_142' title='bbox 1650 1657 1947 1727; x_wconf 88' lang='lat' dir='ltr'>Ecclesia</span> <span class='ocrx_word' id='word_1_143' title='bbox 1984 1658 2246 1746; x_wconf 83' lang='lat' dir='ltr'>reponit</span> <span class='ocrx_word' id='word_1_144' title='bbox 2278 1660 2500 1726; x_wconf 84' lang='lat' dir='ltr'>Sancti</span> <span class='ocrx_word' id='word_1_145' title='bbox 2538 1659 2832 1746; x_wconf 86' lang='lat' dir='ltr'>Spiritus</span> <span class='ocrx_word' id='word_1_146' title='bbox 2859 1657 3128 1726; x_wconf 86' lang='lat' dir='ltr'>hostem</span> <span class='ocrx_word' id='word_1_147' title='bbox 3171 1682 3175 1686; x_wconf 92' lang='lat'>·</span> 
     </span>
     <span class='ocr_line' id='line_1_17' title="bbox 609 1745 3129 1835; baseline -0 -22"><span class='ocrx_word' id='word_1_148' title='bbox 609 1746 1107 1814; x_wconf 86' lang='lat' dir='ltr'>Macedonium.</span> <span class='ocrx_word' id='word_1_149' title='bbox 1167 1746 1495 1815; x_wconf 85' lang='lat' dir='ltr'>Processit</span> <span class='ocrx_word' id='word_1_150' title='bbox 1542 1761 1770 1815; x_wconf 90' lang='lat' dir='ltr'>autem</span> <span class='ocrx_word' id='word_1_151' title='bbox 1811 1746 2045 1814; x_wconf 90' lang='lat' dir='ltr'>missio</span> <span class='ocrx_word' id='word_1_152' title='bbox 2097 1748 2163 1830; x_wconf 73' lang='lat' dir='ltr'>in</span> <span class='ocrx_word' id='word_1_153' title='bbox 2213 1746 2518 1823; x_wconf 82' lang='lat' dir='ltr'>exilium,</span> <span class='ocrx_word' id='word_1_154' title='bbox 2553 1769 2683 1815; x_wconf 86' lang='lat' dir='ltr'>non</span> <span class='ocrx_word' id='word_1_155' title='bbox 2720 1758 2970 1835; x_wconf 89' lang='lat' dir='ltr'>aperte,</span> <span class='ocrx_word' id='word_1_156' title='bbox 3012 1745 3129 1812; x_wconf 90' lang='lat' dir='ltr'>sed</span> 
     </span>
     <span class='ocr_line' id='line_1_18' title="bbox 610 1834 3127 1924; baseline -0 -22"><span class='ocrx_word' id='word_1_157' title='bbox 610 1857 690 1902; x_wconf 83' lang='lat' dir='ltr'>ex</span> <span class='ocrx_word' id='word_1_158' title='bbox 744 1834 1037 1904; x_wconf 86' lang='lat' dir='ltr'>insidiis.</span> <span class='ocrx_word' id='word_1_159' title='bbox 1076 1836 1323 1905; x_wconf 81' lang='lat' dir='ltr'>Caedes</span> <span class='ocrx_word' id='word_1_160' title='bbox 1356 1835 1539 1902; x_wconf 86' lang='lat' dir='ltr'>enirn</span> <span class='ocrx_word' id='word_1_161' title='bbox 1592 1835 2038 1923; x_wconf 85' lang='lat' dir='ltr'>Hermogenis</span> <span class='ocrx_word' id='word_1_162' title='bbox 2088 1834 2385 1903; x_wconf 89' lang='lat' dir='ltr'>reddidit</span> <span class='ocrx_word' id='word_1_163' title='bbox 2437 1835 2830 1924; x_wconf 84' lang='lat' dir='ltr'>Philippum</span> <span class='ocrx_word' id='word_1_164' title='bbox 2866 1836 3127 1903; x_wconf 87' lang='lat' dir='ltr'>cautio-</span> 
     </span>
     <span class='ocr_line' id='line_1_19' title="bbox 609 1923 3133 2009; baseline 0 -19"><span class='ocrx_word' id='word_1_165' title='bbox 609 1945 750 1991; x_wconf 82' lang='lat' dir='ltr'>rem</span> <span class='ocrx_word' id='word_1_166' title='bbox 789 1923 873 1990; x_wconf 90' lang='lat' dir='ltr'>ad</span> <span class='ocrx_word' id='word_1_167' title='bbox 929 1923 1541 1992; x_wconf 87' lang='lat' dir='ltr'>malefaciendum:</span> <span class='ocrx_word' id='word_1_168' title='bbox 1596 1937 1660 1991; x_wconf 87' lang='lat' dir='ltr'>et</span> <span class='ocrx_word' id='word_1_169' title='bbox 1708 1923 2080 1992; x_wconf 87' lang='lat' dir='ltr'>honorilice</span> <span class='ocrx_word' id='word_1_170' title='bbox 2127 1923 2404 2009; x_wconf 88' lang='lat' dir='ltr'>quidem</span> <span class='ocrx_word' id='word_1_171' title='bbox 2446 1939 2631 1992; x_wconf 80' lang='lat' dir='ltr'>vocat</span> <span class='ocrx_word' id='word_1_172' title='bbox 2684 1924 2792 1992; x_wconf 88' lang='lat' dir='ltr'>Dei</span> <span class='ocrx_word' id='word_1_173' title='bbox 2857 1923 3133 1992; x_wconf 87' lang='lat' dir='ltr'>Pontili-</span> 
     </span>
     <span class='ocr_line' id='line_1_20' title="bbox 612 2010 3133 2120; baseline 0 -42"><span class='ocrx_word' id='word_1_174' title='bbox 612 2033 758 2079; x_wconf 90' lang='lat' dir='ltr'>cem</span> <span class='ocrx_word' id='word_1_175' title='bbox 811 2012 894 2079; x_wconf 87' lang='lat' dir='ltr'>ad</span> <span class='ocrx_word' id='word_1_176' title='bbox 949 2011 1319 2090; x_wconf 88' lang='lat' dir='ltr'>lavacrum,</span> <span class='ocrx_word' id='word_1_177' title='bbox 1372 2012 1552 2097; x_wconf 89' lang='lat' dir='ltr'>quod</span> <span class='ocrx_word' id='word_1_178' title='bbox 1615 2010 2000 2111; x_wconf 88' lang='lat' dir='ltr'>appellatur</span> <span class='ocrx_word' id='word_1_179' title='bbox 2038 2012 2443 2120; x_wconf 85' lang='lat' dir='ltr'>Zeuxippus,</span> <span class='ocrx_word' id='word_1_180' title='bbox 2485 2026 2809 2098; x_wconf 85' lang='lat' dir='ltr'>tanquam</span> <span class='ocrx_word' id='word_1_181' title='bbox 2857 2025 3133 2100; x_wconf 79' lang='lat' dir='ltr'>propter</span> 
     </span>
     <span class='ocr_line' id='line_1_21' title="bbox 610 2099 3130 2187; baseline 0 -19"><span class='ocrx_word' id='word_1_182' title='bbox 610 2099 944 2187; x_wconf 89' lang='lat' dir='ltr'>quaedam</span> <span class='ocrx_word' id='word_1_183' title='bbox 1005 2102 1070 2168; x_wconf 93' lang='lat' dir='ltr'>in</span> <span class='ocrx_word' id='word_1_184' title='bbox 1122 2101 1474 2169; x_wconf 89' lang='lat' dir='ltr'>communi</span> <span class='ocrx_word' id='word_1_185' title='bbox 1527 2101 1722 2169; x_wconf 73' lang='lat' dir='ltr'>utilia</span> <span class='ocrx_word' id='word_1_186' title='bbox 1769 2114 1833 2169; x_wconf 87' lang='lat' dir='ltr'>et</span> <span class='ocrx_word' id='word_1_187' title='bbox 1878 2123 2125 2170; x_wconf 86' lang='lat' dir='ltr'>arcana</span> <span class='ocrx_word' id='word_1_188' title='bbox 2185 2099 2512 2170; x_wconf 87' lang='lat' dir='ltr'>consilia:</span> <span class='ocrx_word' id='word_1_189' title='bbox 2568 2116 2632 2168; x_wconf 90' lang='lat' dir='ltr'>et</span> <span class='ocrx_word' id='word_1_190' title='bbox 2683 2100 2869 2169; x_wconf 86' lang='lat' dir='ltr'>illinc</span> <span class='ocrx_word' id='word_1_191' title='bbox 2922 2101 3130 2168; x_wconf 86' lang='lat' dir='ltr'>mittit</span> 
     </span>
     <span class='ocr_line' id='line_1_22' title="bbox 609 2189 3130 2279; baseline -0 -23"><span class='ocrx_word' id='word_1_192' title='bbox 609 2189 680 2256; x_wconf 91' lang='lat' dir='ltr'>in</span> <span class='ocrx_word' id='word_1_193' title='bbox 733 2189 962 2257; x_wconf 89' lang='lat' dir='ltr'>aulam</span> <span class='ocrx_word' id='word_1_194' title='bbox 1019 2189 1473 2279; x_wconf 82' lang='lat' dir='ltr'>Imperatoris,</span> <span class='ocrx_word' id='word_1_195' title='bbox 1512 2203 1576 2257; x_wconf 85' lang='lat' dir='ltr'>et</span> <span class='ocrx_word' id='word_1_196' title='bbox 1626 2211 1744 2278; x_wconf 89' lang='lat' dir='ltr'>per</span> <span class='ocrx_word' id='word_1_197' title='bbox 1791 2190 2008 2278; x_wconf 87' lang='lat' dir='ltr'>ipsam</span> <span class='ocrx_word' id='word_1_198' title='bbox 2061 2189 2306 2260; x_wconf 84' lang='lat' dir='ltr'>deinde</span> <span class='ocrx_word' id='word_1_199' title='bbox 2355 2190 2902 2258; x_wconf 80' lang='lat' dir='ltr'>Thessalonicam</span> <span class='ocrx_word' id='word_1_200' title='bbox 2953 2211 3130 2275; x_wconf 90' lang='lat' dir='ltr'>quae</span> 
     </span>
     <span class='ocr_line' id='line_1_23' title="bbox 610 2277 3129 2367; baseline 0 -23"><span class='ocrx_word' id='word_1_201' title='bbox 610 2277 739 2347; x_wconf 88' lang='lat' dir='ltr'>suit</span> <span class='ocrx_word' id='word_1_202' title='bbox 783 2278 998 2367; x_wconf 85' lang='lat' dir='ltr'>patria</span> <span class='ocrx_word' id='word_1_203' title='bbox 1046 2279 1193 2366; x_wconf 88' lang='lat' dir='ltr'>ejus</span> <span class='ocrx_word' id='word_1_204' title='bbox 1244 2277 1644 2367; x_wconf 82' lang='lat' dir='ltr'>majoribus;</span> <span class='ocrx_word' id='word_1_205' title='bbox 1675 2279 1819 2346; x_wconf 89' lang='lat' dir='ltr'>etei</span> <span class='ocrx_word' id='word_1_206' title='bbox 1853 2278 2131 2365; x_wconf 86' lang='lat' dir='ltr'>quidem</span> <span class='ocrx_word' id='word_1_207' title='bbox 2173 2291 2273 2346; x_wconf 86' lang='lat' dir='ltr'>est</span> <span class='ocrx_word' id='word_1_208' title='bbox 2316 2278 2730 2366; x_wconf 88' lang='lat' dir='ltr'>prohibitum</span> <span class='ocrx_word' id='word_1_209' title='bbox 2762 2278 3129 2347; x_wconf 87' lang='lat' dir='ltr'>ascendere</span> 
     </span>
     <span class='ocr_line' id='line_1_24' title="bbox 608 2365 2767 2456; baseline 0 -22"><span class='ocrx_word' id='word_1_210' title='bbox 608 2365 690 2434; x_wconf 87' lang='lat' dir='ltr'>ad</span> <span class='ocrx_word' id='word_1_211' title='bbox 748 2380 972 2454; x_wconf 87' lang='lat' dir='ltr'>partes</span> <span class='ocrx_word' id='word_1_212' title='bbox 1021 2367 1335 2444; x_wconf 85' lang='lat' dir='ltr'>Orientis,</span> <span class='ocrx_word' id='word_1_213' title='bbox 1395 2389 1527 2434; x_wconf 91' lang='lat' dir='ltr'>non</span> <span class='ocrx_word' id='word_1_214' title='bbox 1579 2365 1804 2435; x_wconf 81' lang='lat' dir='ltr'>autem</span> <span class='ocrx_word' id='word_1_215' title='bbox 1862 2368 1926 2434; x_wconf 93' lang='lat' dir='ltr'>in</span> <span class='ocrx_word' id='word_1_216' title='bbox 1983 2367 2402 2455; x_wconf 86' lang='lat' dir='ltr'>propinquas</span> <span class='ocrx_word' id='word_1_217' title='bbox 2438 2368 2767 2456; x_wconf 79' lang='lat' dir='ltr'>regiones.</span> 
     </span>
     <span class='ocr_line' id='line_1_25' title="bbox 627 2454 3122 2544; baseline -0.001 -19"><span class='ocrx_word' id='word_1_218' title='bbox 627 2508 634 2515; x_wconf 79' lang='lat'><em>.</em></span> <span class='ocrx_word' id='word_1_219' title='bbox 695 2457 730 2542; x_wconf 67' lang='grc' dir='ltr'>ξ</span> <span class='ocrx_word' id='word_1_220' title='bbox 777 2458 851 2525; x_wconf 64' lang='lat'>2.</span> <span class='ocrx_word' id='word_1_221' title='bbox 912 2456 1172 2544; x_wconf 87' lang='lat' dir='ltr'>Impius</span> <span class='ocrx_word' id='word_1_222' title='bbox 1211 2468 1435 2525; x_wconf 82' lang='lat' dir='ltr'>autem</span> <span class='ocrx_word' id='word_1_223' title='bbox 1478 2455 1936 2535; x_wconf 81' lang='lat' dir='ltr'>MacedoniuS,</span> <span class='ocrx_word' id='word_1_224' title='bbox 1992 2454 2268 2524; x_wconf 84' lang='lat' dir='ltr'>militari</span> <span class='ocrx_word' id='word_1_225' title='bbox 2322 2477 2531 2524; x_wconf 86' lang='lat' dir='ltr'>manu</span> <span class='ocrx_word' id='word_1_226' title='bbox 2587 2457 2644 2524; x_wconf 88' lang='lat' dir='ltr'>ei</span> <span class='ocrx_word' id='word_1_227' title='bbox 2695 2456 3122 2531; x_wconf 84' lang='lat' dir='ltr'>inserviente,</span> 
     </span>
     <span class='ocr_line' id='line_1_26' title="bbox 605 2544 3123 2632; baseline -0 -20"><span class='ocrx_word' id='word_1_228' title='bbox 605 2546 923 2632; x_wconf 87' lang='lat' dir='ltr'>equitans</span> <span class='ocrx_word' id='word_1_229' title='bbox 972 2544 1176 2613; x_wconf 90' lang='lat' dir='ltr'>simul</span> <span class='ocrx_word' id='word_1_230' title='bbox 1227 2568 1382 2612; x_wconf 87' lang='lat' dir='ltr'>cum</span> <span class='ocrx_word' id='word_1_231' title='bbox 1427 2544 1780 2621; x_wconf 83' lang='lat' dir='ltr'>Praefecto,</span> <span class='ocrx_word' id='word_1_232' title='bbox 1822 2546 1930 2613; x_wconf 89' lang='lat' dir='ltr'>Dei</span> <span class='ocrx_word' id='word_1_233' title='bbox 1986 2545 2243 2613; x_wconf 88' lang='lat' dir='ltr'>invadit</span> <span class='ocrx_word' id='word_1_234' title='bbox 2284 2546 2675 2621; x_wconf 80' lang='lat' dir='ltr'>Ecclesiam,</span> <span class='ocrx_word' id='word_1_235' title='bbox 2720 2566 2879 2612; x_wconf 89' lang='lat' dir='ltr'>cum</span> <span class='ocrx_word' id='word_1_236' title='bbox 2911 2567 2977 2613; x_wconf 91' lang='lat' dir='ltr'>se</span> <span class='ocrx_word' id='word_1_237' title='bbox 3008 2566 3123 2611; x_wconf 83' lang='lat' dir='ltr'>ex-</span> 
     </span>
     <span class='ocr_line' id='line_1_27' title="bbox 609 2632 3126 2723; baseline -0.001 -22"><span class='ocrx_word' id='word_1_238' title='bbox 609 2633 932 2702; x_wconf 87' lang='lat' dir='ltr'>tendisset</span> <span class='ocrx_word' id='word_1_239' title='bbox 983 2632 1295 2701; x_wconf 89' lang='lat' dir='ltr'>interitus</span> <span class='ocrx_word' id='word_1_240' title='bbox 1342 2633 1423 2700; x_wconf 88' lang='lat' dir='ltr'>ad</span> <span class='ocrx_word' id='word_1_241' title='bbox 1479 2648 1575 2701; x_wconf 89' lang='lat' dir='ltr'>ter</span> <span class='ocrx_word' id='word_1_242' title='bbox 1603 2633 1790 2702; x_wconf 90' lang='lat' dir='ltr'>mille</span> <span class='ocrx_word' id='word_1_243' title='bbox 1837 2647 1901 2701; x_wconf 89' lang='lat' dir='ltr'>et</span> <span class='ocrx_word' id='word_1_244' title='bbox 1946 2634 2466 2723; x_wconf 77' lang='lat' dir='ltr'>quinquaginta.</span> <span class='ocrx_word' id='word_1_245' title='bbox 2514 2634 2732 2719; x_wconf 86' lang='lat' dir='ltr'>Hujus</span> <span class='ocrx_word' id='word_1_246' title='bbox 2778 2646 3126 2701; x_wconf 86' lang='lat' dir='ltr'>contume-</span> 
     </span>
     <span class='ocr_line' id='line_1_28' title="bbox 613 2722 3131 2811; baseline -0.001 -22"><span class='ocrx_word' id='word_1_247' title='bbox 613 2722 742 2791; x_wconf 89' lang='lat' dir='ltr'>liae</span> <span class='ocrx_word' id='word_1_248' title='bbox 792 2722 1066 2789; x_wconf 89' lang='lat' dir='ltr'>fuerunt</span> <span class='ocrx_word' id='word_1_249' title='bbox 1109 2722 1311 2789; x_wconf 85' lang='lat' dir='ltr'>etiam</span> <span class='ocrx_word' id='word_1_250' title='bbox 1379 2723 1746 2811; x_wconf 85' lang='lat' dir='ltr'>participes</span> <span class='ocrx_word' id='word_1_251' title='bbox 1802 2723 2187 2793; x_wconf 84' lang='lat' dir='ltr'>Marcianus</span> <span class='ocrx_word' id='word_1_252' title='bbox 2234 2737 2298 2791; x_wconf 90' lang='lat' dir='ltr'>et</span> <span class='ocrx_word' id='word_1_253' title='bbox 2351 2725 2709 2807; x_wconf 72' lang='lat' dir='ltr'>Martyrius</span> <span class='ocrx_word' id='word_1_254' title='bbox 2756 2722 2876 2807; x_wconf 90' lang='lat' dir='ltr'>qui</span> <span class='ocrx_word' id='word_1_255' title='bbox 2936 2733 3131 2788; x_wconf 91' lang='lat' dir='ltr'>erant</span> 
     </span>
     <span class='ocr_line' id='line_1_29' title="bbox 609 2810 3130 2900; baseline -0.002 -21"><span class='ocrx_word' id='word_1_256' title='bbox 609 2815 917 2880; x_wconf 88' lang='lat' dir='ltr'>Lectores</span> <span class='ocrx_word' id='word_1_257' title='bbox 949 2825 1015 2877; x_wconf 90' lang='lat' dir='ltr'>et</span> <span class='ocrx_word' id='word_1_258' title='bbox 1064 2811 1326 2880; x_wconf 87' lang='lat' dir='ltr'>scribac</span> <span class='ocrx_word' id='word_1_259' title='bbox 1374 2810 1586 2879; x_wconf 85' lang='lat' dir='ltr'>divini</span> <span class='ocrx_word' id='word_1_260' title='bbox 1637 2811 1851 2885; x_wconf 83' lang='lat' dir='ltr'>Pauli.</span> <span class='ocrx_word' id='word_1_261' title='bbox 1889 2825 1963 2879; x_wconf 90' lang='lat' dir='ltr'>ut</span> <span class='ocrx_word' id='word_1_262' title='bbox 2010 2813 2130 2896; x_wconf 91' lang='lat' dir='ltr'>qui</span> <span class='ocrx_word' id='word_1_263' title='bbox 2196 2811 2323 2900; x_wconf 90' lang='lat' dir='ltr'>ipsi</span> <span class='ocrx_word' id='word_1_264' title='bbox 2357 2833 2629 2897; x_wconf 79' lang='lat' dir='ltr'>quoque</span> <span class='ocrx_word' id='word_1_265' title='bbox 2680 2810 2887 2880; x_wconf 88' lang='lat' dir='ltr'>libere</span> <span class='ocrx_word' id='word_1_266' title='bbox 2939 2830 3130 2897; x_wconf 84' lang='lat' dir='ltr'>prac-</span> 
     </span>
     <span class='ocr_line' id='line_1_30' title="bbox 607 2897 3131 2989; baseline 0 -24"><span class='ocrx_word' id='word_1_267' title='bbox 607 2898 912 2966; x_wconf 88' lang='lat' dir='ltr'>dicarent</span> <span class='ocrx_word' id='word_1_268' title='bbox 963 2899 1395 2967; x_wconf 89' lang='lat' dir='ltr'>homousion.</span> <span class='ocrx_word' id='word_1_269' title='bbox 1451 2899 1558 2969; x_wconf 90' lang='lat' dir='ltr'>Sic</span> <span class='ocrx_word' id='word_1_270' title='bbox 1606 2921 1768 2989; x_wconf 85' lang='lat' dir='ltr'>ergo</span> <span class='ocrx_word' id='word_1_271' title='bbox 1808 2899 2346 2968; x_wconf 88' lang='lat' dir='ltr'>Christianorum</span> <span class='ocrx_word' id='word_1_272' title='bbox 2398 2899 2747 2977; x_wconf 85' lang='lat' dir='ltr'>caedibus,</span> <span class='ocrx_word' id='word_1_273' title='bbox 2790 2897 3131 2967; x_wconf 84' lang='lat' dir='ltr'>Ecclesiae</span> 
     </span>
     <span class='ocr_line' id='line_1_31' title="bbox 608 2986 3131 3076; baseline 0.001 -23"><span class='ocrx_word' id='word_1_274' title='bbox 608 2987 937 3055; x_wconf 87' lang='lat' dir='ltr'>inimicus</span> <span class='ocrx_word' id='word_1_275' title='bbox 983 2986 1357 3056; x_wconf 88' lang='lat' dir='ltr'>collocatur</span> <span class='ocrx_word' id='word_1_276' title='bbox 1385 2988 1450 3056; x_wconf 91' lang='lat' dir='ltr'>in</span> <span class='ocrx_word' id='word_1_277' title='bbox 1485 2988 1765 3057; x_wconf 89' lang='lat' dir='ltr'>sedibus</span> <span class='ocrx_word' id='word_1_278' title='bbox 1791 2987 2304 3057; x_wconf 90' lang='lat' dir='ltr'>Ecclesiasticis.</span> <span class='ocrx_word' id='word_1_279' title='bbox 2341 2993 2487 3069; x_wconf 82' lang='lat' dir='ltr'>Quo</span> <span class='ocrx_word' id='word_1_280' title='bbox 2517 2988 2795 3074; x_wconf 87' lang='lat' dir='ltr'>quidem</span> <span class='ocrx_word' id='word_1_281' title='bbox 2824 3000 3131 3076; x_wconf 87' lang='lat' dir='ltr'>tempore</span> 
     </span>
     <span class='ocr_line' id='line_1_32' title="bbox 607 3075 3133 3175; baseline 0.002 -34"><span class='ocrx_word' id='word_1_282' title='bbox 607 3087 670 3142; x_wconf 85' lang='lat' dir='ltr'>et</span> <span class='ocrx_word' id='word_1_283' title='bbox 709 3075 1141 3143; x_wconf 89' lang='lat' dir='ltr'>Constantius</span> <span class='ocrx_word' id='word_1_284' title='bbox 1193 3098 1511 3175; x_wconf 83' lang='lat' dir='ltr'>magnam</span> <span class='ocrx_word' id='word_1_285' title='bbox 1561 3077 1895 3146; x_wconf 91' lang='lat' dir='ltr'>construit</span> <span class='ocrx_word' id='word_1_286' title='bbox 1940 3077 2301 3145; x_wconf 90' lang='lat' dir='ltr'>ecclesiam</span> <span class='ocrx_word' id='word_1_287' title='bbox 2349 3098 2525 3163; x_wconf 88' lang='lat' dir='ltr'>quae</span> <span class='ocrx_word' id='word_1_288' title='bbox 2558 3077 3045 3145; x_wconf 81' lang='lat' dir='ltr'>denominatur</span> <span class='ocrx_word' id='word_1_289' title='bbox 3093 3100 3133 3145; x_wconf 90' lang='lat' dir='ltr'>a</span> 
     </span>
     <span class='ocr_line' id='line_1_33' title="bbox 608 3162 3132 3254; baseline 0.001 -23"><span class='ocrx_word' id='word_1_290' title='bbox 608 3162 725 3231; x_wconf 86' lang='lat' dir='ltr'>Dei</span> <span class='ocrx_word' id='word_1_291' title='bbox 775 3164 1134 3253; x_wconf 89' lang='lat' dir='ltr'>sapientia,</span> <span class='ocrx_word' id='word_1_292' title='bbox 1172 3164 1538 3233; x_wconf 81' lang='lat' dir='ltr'>etdivinus</span> <span class='ocrx_word' id='word_1_293' title='bbox 1581 3165 1830 3234; x_wconf 89' lang='lat' dir='ltr'>Paulus</span> <span class='ocrx_word' id='word_1_294' title='bbox 1879 3166 2071 3234; x_wconf 90' lang='lat' dir='ltr'>tertio</span> <span class='ocrx_word' id='word_1_295' title='bbox 2124 3165 2325 3254; x_wconf 84' lang='lat' dir='ltr'>paulo</span> <span class='ocrx_word' id='word_1_296' title='bbox 2378 3178 2526 3254; x_wconf 84' lang='lat' dir='ltr'>post</span> <span class='ocrx_word' id='word_1_297' title='bbox 2580 3166 2758 3233; x_wconf 78' lang='lat' dir='ltr'>venit</span> <span class='ocrx_word' id='word_1_298' title='bbox 2799 3167 2864 3232; x_wconf 89' lang='lat' dir='ltr'>in</span> <span class='ocrx_word' id='word_1_299' title='bbox 2917 3165 3132 3233; x_wconf 91' lang='lat' dir='ltr'>eccle·</span> 
     </span>
     <span class='ocr_line' id='line_1_34' title="bbox 609 3253 3133 3341; baseline 0.001 -23"><span class='ocrx_word' id='word_1_300' title='bbox 609 3253 824 3319; x_wconf 90' lang='lat' dir='ltr'>siam:</span> <span class='ocrx_word' id='word_1_301' title='bbox 880 3265 945 3321; x_wconf 90' lang='lat' dir='ltr'>et</span> <span class='ocrx_word' id='word_1_302' title='bbox 995 3266 1270 3341; x_wconf 88' lang='lat' dir='ltr'>accepto</span> <span class='ocrx_word' id='word_1_303' title='bbox 1301 3253 1665 3322; x_wconf 77' lang='lat' dir='ltr'>Athanasio</span> <span class='ocrx_word' id='word_1_304' title='bbox 1698 3254 1881 3321; x_wconf 88' lang='lat' dir='ltr'>socio</span> <span class='ocrx_word' id='word_1_305' title='bbox 1928 3254 2344 3331; x_wconf 91' lang='lat' dir='ltr'>certaminis,</span> <span class='ocrx_word' id='word_1_306' title='bbox 2413 3254 2658 3323; x_wconf 88' lang='lat' dir='ltr'>docent</span> <span class='ocrx_word' id='word_1_307' title='bbox 2698 3258 3133 3322; x_wconf 88' lang='lat' dir='ltr'>Constantem</span> 
     </span>
     <span class='ocr_line' id='line_1_35' title="bbox 606 3340 3126 3430; baseline 0.001 -23"><span class='ocrx_word' id='word_1_308' title='bbox 606 3362 684 3407; x_wconf 89' lang='lat' dir='ltr'>ea</span> <span class='ocrx_word' id='word_1_309' title='bbox 733 3362 909 3425; x_wconf 81' lang='lat' dir='ltr'>quae</span> <span class='ocrx_word' id='word_1_310' title='bbox 958 3343 1144 3430; x_wconf 88' lang='lat' dir='ltr'>passi</span> <span class='ocrx_word' id='word_1_311' title='bbox 1193 3340 1500 3410; x_wconf 85' lang='lat' dir='ltr'>fuerant:</span> <span class='ocrx_word' id='word_1_312' title='bbox 1553 3344 1674 3427; x_wconf 90' lang='lat' dir='ltr'>qui</span> <span class='ocrx_word' id='word_1_313' title='bbox 1721 3354 1866 3411; x_wconf 87' lang='lat' dir='ltr'>erat</span> <span class='ocrx_word' id='word_1_314' title='bbox 1920 3342 2198 3426; x_wconf 90' lang='lat' dir='ltr'>quidem</span> <span class='ocrx_word' id='word_1_315' title='bbox 2276 3347 2370 3410; x_wconf 91' lang='lat' dir='ltr'>lm</span> <span class='ocrx_word' id='word_1_316' title='bbox 2469 3356 2650 3411; x_wconf 89' lang='lat' dir='ltr'>rator</span> <span class='ocrx_word' id='word_1_317' title='bbox 2710 3342 3126 3418; x_wconf 85' lang='lat' dir='ltr'>Occidentis.</span> 
     </span>
     <span class='ocr_line' id='line_1_36' title="bbox 605 3429 3134 3519; baseline 0.001 -22"><span class='ocrx_word' id='word_1_318' title='bbox 605 3440 750 3497; x_wconf 87' lang='lat' dir='ltr'>erat</span> <span class='ocrx_word' id='word_1_319' title='bbox 799 3450 952 3497; x_wconf 90' lang='lat' dir='ltr'>vero</span> <span class='ocrx_word' id='word_1_320' title='bbox 1000 3429 1205 3498; x_wconf 81' lang='lat' dir='ltr'>frater</span> <span class='ocrx_word' id='word_1_321' title='bbox 1254 3430 1646 3499; x_wconf 88' lang='lat' dir='ltr'>Constantii.</span> <span class='ocrx_word' id='word_1_322' title='bbox 1718 3434 1882 3498; x_wconf 91' lang='lat' dir='ltr'>Cum</span> <span class='ocrx_word' id='word_1_323' title='bbox 1927 3430 2039 3499; x_wconf 93' lang='lat' dir='ltr'>ille</span> <span class='ocrx_word' id='word_1_324' title='bbox 2085 3444 2314 3500; x_wconf 87' lang='lat' dir='ltr'>autem</span> <span class='ocrx_word' id='word_1_325' title='bbox 2411 3431 2721 3519; x_wconf 84' lang='lat' dir='ltr'>iligenter</span> <span class='ocrx_word' id='word_1_326' title='bbox 2769 3431 3134 3501; x_wconf 85' lang='lat' dir='ltr'>didicisset</span> 
     </span>
     <span class='ocr_line' id='line_1_37' title="bbox 606 3517 3136 3618; baseline 0.001 -33"><span class='ocrx_word' id='word_1_327' title='bbox 606 3540 688 3585; x_wconf 88' lang='lat' dir='ltr'>ea</span> <span class='ocrx_word' id='word_1_328' title='bbox 734 3539 910 3603; x_wconf 91' lang='lat' dir='ltr'>quae</span> <span class='ocrx_word' id='word_1_329' title='bbox 946 3517 1198 3587; x_wconf 80' lang='lat' dir='ltr'>nefarie</span> <span class='ocrx_word' id='word_1_330' title='bbox 1234 3520 1415 3607; x_wconf 88' lang='lat' dir='ltr'>passi</span> <span class='ocrx_word' id='word_1_331' title='bbox 1464 3518 1755 3600; x_wconf 86' lang='lat' dir='ltr'>fuerant,</span> <span class='ocrx_word' id='word_1_332' title='bbox 1796 3520 2033 3589; x_wconf 88' lang='lat' dir='ltr'>scribit</span> <span class='ocrx_word' id='word_1_333' title='bbox 2077 3520 2161 3589; x_wconf 87' lang='lat' dir='ltr'>ad</span> <span class='ocrx_word' id='word_1_334' title='bbox 2198 3520 2496 3593; x_wconf 85' lang='lat' dir='ltr'>fratrem,</span> <span class='ocrx_word' id='word_1_335' title='bbox 2534 3533 2608 3588; x_wconf 82' lang='lat' dir='ltr'>ut</span> <span class='ocrx_word' id='word_1_336' title='bbox 2636 3532 2767 3590; x_wconf 88' lang='lat' dir='ltr'>tres</span> <span class='ocrx_word' id='word_1_337' title='bbox 2820 3520 3136 3618; x_wconf 89' lang='lat' dir='ltr'>Episcopi</span> 
     </span>
     <span class='ocr_line' id='line_1_38' title="bbox 609 3605 3134 3695; baseline 0 -21"><span class='ocrx_word' id='word_1_338' title='bbox 609 3605 692 3674; x_wconf 92' lang='lat' dir='ltr'>ad</span> <span class='ocrx_word' id='word_1_339' title='bbox 743 3627 898 3674; x_wconf 91' lang='lat' dir='ltr'>eum</span> <span class='ocrx_word' id='word_1_340' title='bbox 954 3607 1224 3676; x_wconf 85' lang='lat' dir='ltr'>veniant</span> <span class='ocrx_word' id='word_1_341' title='bbox 1271 3607 1356 3675; x_wconf 91' lang='lat' dir='ltr'>ab</span> <span class='ocrx_word' id='word_1_342' title='bbox 1406 3608 1672 3677; x_wconf 82' lang='lat' dir='ltr'>Oriente</span> <span class='ocrx_word' id='word_1_343' title='bbox 1703 3662 1717 3685; x_wconf 90' lang='lat'>,</span> <span class='ocrx_word' id='word_1_344' title='bbox 1771 3608 2107 3677; x_wconf 85' lang='lat' dir='ltr'>reddituri</span> <span class='ocrx_word' id='word_1_345' title='bbox 2159 3610 2487 3678; x_wconf 87' lang='lat' dir='ltr'>rationem</span> <span class='ocrx_word' id='word_1_346' title='bbox 2537 3630 2775 3677; x_wconf 89' lang='lat' dir='ltr'>eorum</span> <span class='ocrx_word' id='word_1_347' title='bbox 2838 3630 3012 3695; x_wconf 87' lang='lat' dir='ltr'>quae</span> <span class='ocrx_word' id='word_1_348' title='bbox 3063 3630 3134 3675; x_wconf 83' lang='lat' dir='ltr'>tn</span> 
     </span>
     <span class='ocr_line' id='line_1_39' title="bbox 607 3695 3136 3787; baseline 0 -24"><span class='ocrx_word' id='word_1_349' title='bbox 607 3695 1052 3765; x_wconf 80' lang='lat' dir='ltr'>Athanasium</span> <span class='ocrx_word' id='word_1_350' title='bbox 1100 3707 1164 3763; x_wconf 91' lang='lat' dir='ltr'>et</span> <span class='ocrx_word' id='word_1_351' title='bbox 1221 3696 1507 3765; x_wconf 89' lang='lat' dir='ltr'>Paulum</span> <span class='ocrx_word' id='word_1_352' title='bbox 1561 3709 1723 3766; x_wconf 88' lang='lat' dir='ltr'>sunt</span> <span class='ocrx_word' id='word_1_353' title='bbox 1774 3710 2177 3787; x_wconf 86' lang='lat' dir='ltr'>perpetrata,</span> <span class='ocrx_word' id='word_1_354' title='bbox 2223 3710 2289 3765; x_wconf 87' lang='lat' dir='ltr'>et</span> <span class='ocrx_word' id='word_1_355' title='bbox 2337 3697 2542 3766; x_wconf 89' lang='lat' dir='ltr'>simul</span> <span class='ocrx_word' id='word_1_356' title='bbox 2597 3698 2662 3765; x_wconf 92' lang='lat' dir='ltr'>in</span> <span class='ocrx_word' id='word_1_357' title='bbox 2716 3697 2984 3786; x_wconf 87' lang='lat' dir='ltr'>scriptis</span> <span class='ocrx_word' id='word_1_358' title='bbox 3033 3696 3136 3764; x_wconf 87' lang='lat' dir='ltr'>al-</span> 
     </span>
     <span class='ocr_line' id='line_1_40' title="bbox 608 3782 3134 3873; baseline 0.001 -22"><span class='ocrx_word' id='word_1_359' title='bbox 608 3782 809 3852; x_wconf 86' lang='lat' dir='ltr'>laturi</span> <span class='ocrx_word' id='word_1_360' title='bbox 861 3784 1347 3873; x_wconf 83' lang='lat' dir='ltr'>expositionem</span> <span class='ocrx_word' id='word_1_361' title='bbox 1387 3783 1568 3853; x_wconf 81' lang='lat' dir='ltr'>fidei.</span> <span class='ocrx_word' id='word_1_362' title='bbox 1608 3790 1686 3855; x_wconf 88' lang='lat' dir='ltr'>Et</span> <span class='ocrx_word' id='word_1_363' title='bbox 1743 3789 2027 3855; x_wconf 86' lang='lat' dir='ltr'>Romam</span> <span class='ocrx_word' id='word_1_364' title='bbox 2089 3786 2368 3873; x_wconf 89' lang='lat' dir='ltr'>quidem</span> <span class='ocrx_word' id='word_1_365' title='bbox 2423 3787 2791 3855; x_wconf 89' lang='lat' dir='ltr'>mittuntur</span> <span class='ocrx_word' id='word_1_366' title='bbox 2837 3796 3134 3872; x_wconf 87' lang='lat' dir='ltr'>quatuor</span> 
     </span>
     <span class='ocr_line' id='line_1_41' title="bbox 609 3871 3136 3961; baseline 0.001 -22"><span class='ocrx_word' id='word_1_367' title='bbox 609 3871 950 3961; x_wconf 89' lang='lat' dir='ltr'>Episcopi,</span> <span class='ocrx_word' id='word_1_368' title='bbox 993 3874 1353 3942; x_wconf 87' lang='lat' dir='ltr'>Narciscus</span> <span class='ocrx_word' id='word_1_369' title='bbox 1402 3873 1589 3953; x_wconf 87' lang='lat' dir='ltr'>Cilix,</span> <span class='ocrx_word' id='word_1_370' title='bbox 1631 3886 1697 3941; x_wconf 90' lang='lat' dir='ltr'>et</span> <span class='ocrx_word' id='word_1_371' title='bbox 1743 3873 2135 3945; x_wconf 86' lang='lat' dir='ltr'>Theodorus</span> <span class='ocrx_word' id='word_1_372' title='bbox 2181 3875 2422 3953; x_wconf 76' lang='lat' dir='ltr'>Thrax,</span> <span class='ocrx_word' id='word_1_373' title='bbox 2476 3880 2805 3954; x_wconf 75' lang='lat' dir='ltr'>et‚Mares</span> <span class='ocrx_word' id='word_1_374' title='bbox 2853 3873 3136 3944; x_wconf 87' lang='lat' dir='ltr'>Chalce-</span> 
     </span>
     <span class='ocr_line' id='line_1_42' title="bbox 607 3959 3134 4051; baseline 0.002 -24"><span class='ocrx_word' id='word_1_375' title='bbox 607 3959 957 4040; x_wconf 89' lang='lat' dir='ltr'>donensis,</span> <span class='ocrx_word' id='word_1_376' title='bbox 996 3974 1060 4030; x_wconf 93' lang='lat' dir='ltr'>et</span> <span class='ocrx_word' id='word_1_377' title='bbox 1109 3967 1375 4031; x_wconf 84' lang='lat' dir='ltr'>Marcus</span> <span class='ocrx_word' id='word_1_378' title='bbox 1424 3967 1656 4051; x_wconf 81' lang='lat' dir='ltr'>Syrus.</span> <span class='ocrx_word' id='word_1_379' title='bbox 1709 3964 1762 4030; x_wconf 87' lang='lat' dir='ltr'>li</span> <span class='ocrx_word' id='word_1_380' title='bbox 1808 3985 1967 4032; x_wconf 88' lang='lat' dir='ltr'>cum</span> <span class='ocrx_word' id='word_1_381' title='bbox 2018 3968 2303 4033; x_wconf 86' lang='lat' dir='ltr'>Romam</span> <span class='ocrx_word' id='word_1_382' title='bbox 2333 3964 2696 4043; x_wconf 89' lang='lat' dir='ltr'>venissent,</span> <span class='ocrx_word' id='word_1_383' title='bbox 2735 3984 2895 4032; x_wconf 86' lang='lat' dir='ltr'>cum</span> <span class='ocrx_word' id='word_1_384' title='bbox 2932 3962 3134 4032; x_wconf 87' lang='lat' dir='ltr'>Atha-</span> 
     </span>
     <span class='ocr_line' id='line_1_43' title="bbox 608 4049 3129 4145; baseline 0.002 -29"><span class='ocrx_word' id='word_1_385' title='bbox 608 4049 803 4119; x_wconf 91' lang='lat' dir='ltr'>nasio</span> <span class='ocrx_word' id='word_1_386' title='bbox 836 4050 1114 4135; x_wconf 88' lang='lat' dir='ltr'>quidem</span> <span class='ocrx_word' id='word_1_387' title='bbox 1149 4061 1214 4119; x_wconf 89' lang='lat' dir='ltr'>et</span> <span class='ocrx_word' id='word_1_388' title='bbox 1249 4050 1454 4119; x_wconf 87' lang='lat' dir='ltr'>Paulo</span> <span class='ocrx_word' id='word_1_389' title='bbox 1504 4072 1636 4120; x_wconf 90' lang='lat' dir='ltr'>non</span> <span class='ocrx_word' id='word_1_390' title='bbox 1689 4052 1841 4120; x_wconf 88' lang='lat' dir='ltr'>ausi</span> <span class='ocrx_word' id='word_1_391' title='bbox 1888 4065 2051 4121; x_wconf 88' lang='lat' dir='ltr'>sunt</span> <span class='ocrx_word' id='word_1_392' title='bbox 2075 4050 2410 4122; x_wconf 85' lang='lat' dir='ltr'>disserere</span> <span class='ocrx_word' id='word_1_393' title='bbox 2438 4077 2475 4145; x_wconf 67' lang='lat'>:⁸</span> <span class='ocrx_word' id='word_1_394' title='bbox 2504 4075 2662 4121; x_wconf 88' lang='lat' dir='ltr'>cum</span> <span class='ocrx_word' id='word_1_395' title='bbox 2693 4065 2922 4122; x_wconf 85' lang='lat' dir='ltr'>autern</span> <span class='ocrx_word' id='word_1_396' title='bbox 2951 4072 3129 4131; x_wconf 89' lang='lat' dir='ltr'>eam,</span> 
     </span>
     <span class='ocr_line' id='line_1_44' title="bbox 603 4138 3136 4230; baseline 0.001 -24"><span class='ocrx_word' id='word_1_397' title='bbox 603 4159 780 4224; x_wconf 89' lang='lat' dir='ltr'>quae</span> <span class='ocrx_word' id='word_1_398' title='bbox 828 4139 913 4207; x_wconf 91' lang='lat' dir='ltr'>ab</span> <span class='ocrx_word' id='word_1_399' title='bbox 959 4139 1059 4209; x_wconf 91' lang='lat' dir='ltr'>eis</span> <span class='ocrx_word' id='word_1_400' title='bbox 1089 4138 1483 4208; x_wconf 78' lang='lat' dir='ltr'>Antiochiae</span> <span class='ocrx_word' id='word_1_401' title='bbox 1529 4140 1836 4230; x_wconf 86' lang='lat' dir='ltr'>exposita</span> <span class='ocrx_word' id='word_1_402' title='bbox 1886 4140 2128 4221; x_wconf 87' lang='lat' dir='ltr'>fuerat,</span> <span class='ocrx_word' id='word_1_403' title='bbox 2182 4140 2392 4209; x_wconf 87' lang='lat' dir='ltr'>fidem</span> <span class='ocrx_word' id='word_1_404' title='bbox 2432 4140 2795 4220; x_wconf 79' lang='lat' dir='ltr'>celassent,</span> <span class='ocrx_word' id='word_1_405' title='bbox 2832 4153 2900 4209; x_wconf 91' lang='lat' dir='ltr'>et</span> <span class='ocrx_word' id='word_1_406' title='bbox 2923 4140 3136 4210; x_wconf 89' lang='lat' dir='ltr'>aliam</span> 
     </span>
     <span class='ocr_line' id='line_1_45' title="bbox 607 4228 3130 4318; baseline 0.001 -23"><span class='ocrx_word' id='word_1_407' title='bbox 607 4228 1155 4315; x_wconf 88' lang='lat' dir='ltr'>composuissent</span> <span class='ocrx_word' id='word_1_408' title='bbox 1200 4249 1377 4313; x_wconf 88' lang='lat' dir='ltr'>quae</span> <span class='ocrx_word' id='word_1_409' title='bbox 1424 4241 1653 4318; x_wconf 87' lang='lat' dir='ltr'>aperte</span> <span class='ocrx_word' id='word_1_410' title='bbox 1684 4228 1965 4315; x_wconf 86' lang='lat' dir='ltr'>quidem</span> <span class='ocrx_word' id='word_1_411' title='bbox 1990 4228 2160 4298; x_wconf 89' lang='lat' dir='ltr'>nihil</span> <span class='ocrx_word' id='word_1_412' title='bbox 2194 4230 2587 4299; x_wconf 85' lang='lat' dir='ltr'>continebat</span> <span class='ocrx_word' id='word_1_413' title='bbox 2616 4228 3130 4318; x_wconf 86' lang='lat' dir='ltr'>blasphemum,</span> 
     </span>
     <span class='ocr_line' id='line_1_46' title="bbox 609 4315 3133 4409; baseline 0 -24"><span class='ocrx_word' id='word_1_414' title='bbox 609 4315 724 4385; x_wconf 88' lang='lat' dir='ltr'>sed</span> <span class='ocrx_word' id='word_1_415' title='bbox 777 4337 911 4385; x_wconf 90' lang='lat' dir='ltr'>non</span> <span class='ocrx_word' id='word_1_416' title='bbox 961 4316 1280 4385; x_wconf 85' lang='lat' dir='ltr'>tuebatur</span> <span class='ocrx_word' id='word_1_417' title='bbox 1327 4317 1765 4398; x_wconf 74' lang='lat' dir='ltr'>homousiam,</span> <span class='ocrx_word' id='word_1_418' title='bbox 1812 4316 2091 4386; x_wconf 89' lang='lat' dir='ltr'>tradunt</span> <span class='ocrx_word' id='word_1_419' title='bbox 2140 4319 2577 4409; x_wconf 82' lang='lat' dir='ltr'>Imperatori:</span> <span class='ocrx_word' id='word_1_420' title='bbox 2630 4331 2716 4397; x_wconf 88' lang='lat' dir='ltr'>et,</span> <span class='ocrx_word' id='word_1_421' title='bbox 2760 4338 2921 4388; x_wconf 86' lang='lat' dir='ltr'>cum</span> <span class='ocrx_word' id='word_1_422' title='bbox 2960 4317 3133 4388; x_wconf 86' lang='lat' dir='ltr'>nihil</span> 
     </span>
     <span class='ocr_line' id='line_1_47' title="bbox 608 4403 2627 4497; baseline 0.001 -24"><span class='ocrx_word' id='word_1_423' title='bbox 608 4403 910 4493; x_wconf 89' lang='lat' dir='ltr'>amplius</span> <span class='ocrx_word' id='word_1_424' title='bbox 960 4426 1083 4474; x_wconf 88' lang='lat' dir='ltr'>nec</span> <span class='ocrx_word' id='word_1_425' title='bbox 1131 4404 1448 4476; x_wconf 83' lang='lat' dir='ltr'>fecissent</span> <span class='ocrx_word' id='word_1_426' title='bbox 1482 4428 1605 4476; x_wconf 90' lang='lat' dir='ltr'>nec</span> <span class='ocrx_word' id='word_1_427' title='bbox 1655 4407 1843 4497; x_wconf 90' lang='lat' dir='ltr'>passi</span> <span class='ocrx_word' id='word_1_428' title='bbox 1890 4404 2201 4488; x_wconf 82' lang='lat' dir='ltr'>fuissent,</span> <span class='ocrx_word' id='word_1_429' title='bbox 2258 4407 2627 4477; x_wconf 89' lang='lat' dir='ltr'>redierunt.</span> 
     </span>
    </p>
   </div>
  </div>
 </body>
</html>
