3357 4995
114 318 335 384 JUNII
382 319 416 382 4
762 336 841 382 ns
888 336 944 381 s.
998 333 1343 383 rnANcisco
1393 332 1785 384 cAnAccioLo
1835 333 2019 382 conr.
2453 320 2598 400 -109,

117 417 404 486 eximius
430 437 637 506 saepe
685 414 937 487 domus
967 415 1225 506 angulo
1257 438 1383 506 pro
1431 416 1607 486 cella
1643 417 2013 501 utebatur;
2050 416 2299 497 lacera,
2342 430 2407 487 et
2440 418 2670 488 attrita

119 518 297 578 veste
343 505 538 573 indui
587 505 976 662 {audebam
1021 506 1373 604 jejunium
1428 526 1710 575 mensae
1759 505 1983 575 cuivis
2035 505 2260 575 lautae
2310 518 2375 575 et
2422 507 2671 595 jucun-

128 594 251 663 dae
337 593 593 664 raefere
645 606 747 674 at;
800 607 876 665 ut
921 594 1410 665 brevissimum
1462 605 1777 684 carperet
1840 614 2191 675 somnum,
2256 594 2508 665 lectulo
2555 595 2671 664 de·

128 703 277 751 cum
361 684 500 764 bat,
569 684 692 770 qui
750 683 985 754 tabula
1040 694 1160 753 aut
1206 683 1423 754 humo
1471 682 1905 753 commodior
1953 689 2090 751 non
2140 696 2340 753 esset.
2399 677 2663 763 Men'tis,
2695 695 2714 714 '

129 772 560 861 corporisque
593 771 965 862 puritatem
999 772 1301 842 maxima
1334 777 1504 841 cura
1541 771 1938 850 custodivit,
1995 772 2425 859 servavitque
2474 771 2669 841 illae-

127 881 282 929 sam.
334 864 631 931 Carnem
681 860 779 930 ita
823 861 1271 950 compescuit,
1326 873 1391 929 et
1441 862 1509 929 in
1560 861 1967 931 servitutem
2007 860 2295 950 redegit,
2336 872 2412 930 ut
2461 861 2670 930 homo

128 971 361 1019 aeneus
403 948 902 1040 appellaretur.
943 950 1260 1020 Effrontis
1311 949 1628 1019 mulieris
1674 962 1879 1028 artes,
1934 969 2112 1035 quae
2155 949 2388 1039 ipsum
2442 948 2671 1039 impu-

125 1036 274 1107 lerat
319 1052 400 1108 ut
450 1038 750 1116 caderet,
788 1039 1023 1107 divina
1074 1050 1467 1127 protegente
1514 1039 1761 1127 gratia,
1819 1036 2065 1117 elusit;
2120 1036 2670 1127 impudentiam-

122 1148 241 1213 que
283 1128 651 1216 coarguit;
704 1150 881 1214 quae
926 1127 1085 1197 facti
1139 1127 1519 1215 poenitens,
1551 1127 1638 1196 ad
1681 1128 1834 1216 ejus
1884 1126 2093 1215 pedes
2142 1125 2527 1215 provoluta,
2562 1147 2671 1194 ve-

118 1217 294 1286 niam
343 1239 383 1284 a
442 1221 578 1285 Deo
622 1227 689 1285 et
736 1239 776 1285 a
824 1217 938 1285 Dei
988 1237 1183 1285 servo
1231 1217 1628 1304 lacrymans
1664 1227 1941 1305 precata
1990 1226 2115 1284 est.

195 1308 231 1392 ξ
276 1309 372 1374 θ.
428 1310 592 1374 ,lam
628 1304 1055 1375 obedientiae
1084 1306 1427 1385 virtutem,
1463 1326 1641 1391 quae
1667 1304 1983 1374 omnium
2025 1304 2358 1372 virtutum
2393 1302 2668 1392 lydium

118 1393 409 1483 lapidem
458 1415 617 1464 esse
664 1393 956 1472 dicebat,
997 1406 1423 1482 quantopere
1471 1393 1849 1472 adamaret,
1884 1391 1985 1461 vel
2015 1407 2179 1462 tunc
2215 1392 2383 1461 satis
2418 1394 2663 1481 patuit,

116 1505 267 1551 cum
318 1495 484 1552 ante
532 1482 861 1571 Deiparae
895 1483 1273 1572 imaginem
1322 1496 1485 1551 voce
1533 1481 1932 1571 paullulum
1962 1480 2141 1550 elata
2177 1480 2668 1550 salutationem

118 1571 498 1658 angelicam
549 1572 739 1640 dorni
793 1572 1108 1650 recitans,
1164 1593 1203 1639 a
1253 1570 1609 1659 superiore
1636 1583 1858 1640 tacere
1875 1570 2119 1657 jussus
2152 1580 2278 1638 est.
2329 1569 2672 1639 Conticuit

122 1659 227 1729 ille
271 1662 538 1739 statim,
573 1674 643 1729 et
687 1660 1057 1731 submissis
1086 1659 1383 1750 genibus
1410 1659 1793 1728 immobilis
1821 1658 2099 1737 mansit,
2140 1657 2311 1727 dum
2344 1658 2524 1727 idem
2555 1680 2673 1727 su-

126 1749 361 1837 perior,
428 1766 585 1838 post
633 1748 913 1835 aliquod
979 1748 1309 1838 temporis
1358 1748 1689 1837 spatium,
1757 1759 1832 1816 ut
1881 1759 2215 1836 surgeret,
2272 1747 2665 1836 imperavit.

122 1841 337 1923 Neque
388 1838 624 1908 minor
673 1839 740 1905 in
800 1838 940 1906 viro
989 1838 1106 1906 Dci
1169 1836 1486 1906 elucebat
1538 1836 1758 1906 animi
1806 1835 2160 1917 demissio,
2214 1836 2336 1922 qui
2384 1836 2673 1905 caeteris

119 1928 441 1996 omnibus
489 1948 569 1995 eo
635 1948 706 1996 se
756 1928 1094 1995 minorem
1143 1935 1208 1995 et
1255 1924 1952 2015 contemptibiliorem
2012 1924 2474 2004 existimabat,
2533 1946 2674 2011 quo

119 2037 341 2085 coram
382 2021 540 2092 Deo,
595 2027 801 2102 atque
850 2016 1219 2084 hominum
1262 2015 1466 2083 etiam
1521 2013 1851 2103 opinione
1880 2035 1960 2082 ac
1979 2013 2251 2102 judicio
2280 2013 2501 2103 major
2526 2026 2675 2082 erat

117 2117 175 2172 et
220 2103 527 2194 dignior.
570 2104 841 2173 Electus
875 2115 1249 2194 perpetuus
1276 2103 1714 2192 Praepositus
1748 2102 2091 2191 generalis
2131 2101 2435 2182 Ordinis,
2468 2123 2672 2191 aegre

119 2192 578 2262 honorificum
632 2192 816 2262 istud
858 2213 1037 2261 onus
1076 2191 1311 2272 subiit,
1359 2214 1398 2260 a
1445 2213 1584 2277 quo
1619 2203 1865 2279 sponte
1895 2212 2043 2271 sese
2071 2190 2513 2279 postmodum
2551 2190 2673 2259 ab-

118 2280 386 2351 dicavit.
448 2287 621 2351 Dum
679 2293 904 2349 tamen
957 2281 1328 2368 Praepositi
1378 2280 1725 2369 generalis
1761 2300 2048 2349 munere
2074 2278 2518 2369 fungebatur,
2556 2300 2675 2348 ae·

166 2371 552 2440 rotantibus
604 2370 751 2439 suis
779 2369 1086 2438 alumnis
1126 2367 1385 2438 fercula
1423 2368 1785 2448 inferebat,
1819 2368 2106 2438 lectulos
2147 2368 2516 2446 sternebat,
2552 2389 2675 2437 cu-

119 2393 344 2529 {inula
384 2458 720 2538 verrebat,
775 2458 936 2526 vilia
968 2469 1033 2527 et
1071 2457 1338 2547 abjecta
1380 2459 1665 2545 quaevis
1717 2456 1961 2528 munia
2001 2455 2414 2546 praestabat,
2450 2467 2515 2527 et
2552 2477 2672 2546 per

125 2562 347 2618 noctes
397 2550 609 2618 etiam
662 2547 1002 2617 insomnis
1050 2547 1420 2618 assidebat.
1458 2551 1624 2617 Cum
1669 2569 1794 2636 pro
1819 2546 2098 2616 Ordinis
2147 2546 2257 2616 sui
2297 2544 2674 2614 confirma-

127 2638 296 2707 tione
327 2637 714 2708 obtinenda
764 2641 1048 2706 Romam
1098 2636 1249 2705 sine
1296 2635 1600 2715 sacculo,
1645 2636 1794 2706 sine
1834 2655 1998 2723 pera
2047 2633 2366 2714 venisset,
2424 2647 2501 2703 ut
2550 2632 2676 2702 ho-

130 2746 311 2795 nores
361 2727 507 2796 effu
557 2739 720 2804 eret,
762 2725 845 2794 ad
874 2726 1167 2814 januam
1201 2724 1516 2794 coenobii
1574 2729 1888 2793 Fratrum
1945 2722 2490 2812 capuccinorum
2524 2742 2675 2791 sese

130 2814 288 2884 inter
336 2837 502 2883 men
560 2815 701 2884 icos
749 2812 1134 2892 abscondit,
1180 2824 1243 2882 et
1290 2815 1378 2883 ab
1426 2812 1689 2882 eisdem
1717 2811 1844 2881 hos
1897 2812 2017 2881 itio
2058 2822 2396 2900 receptuS,
2434 2809 2673 2879 cibum

132 2902 195 2970 in
237 2904 485 2973 eadem
522 2903 885 3003 paropside
913 2923 1074 2971 cum
1111 2902 1380 2992 leproso
1410 2914 1476 2970 et
1501 2900 1817 2971 ulceroso
1886 2899 2317 2986 ibentissime
2343 2900 2668 2988 sumpsit.

134 2991 293 3061 Nihil
343 2994 569 3083 igitur
618 3013 873 3061 mirum
924 2990 1140 3059 videri
1191 2990 1425 3071 debet,
1501 2991 1559 3059 si
1609 2988 2116 3059 ecclesiasticas
2164 2987 2539 3088 dignitates
2588 2990 2675 3057 ab

134 3080 351 3151 eodem
412 3081 626 3150 Paulo
659 3085 708 3148 V
740 3080 1006 3149 oblatas
1039 3079 1600 3149 constantissime
1649 3078 2090 3159 recusaverit,
2142 3088 2208 3146 et
2255 3098 2326 3145 in
2379 3098 2507 3147 suo
2558 3079 2676 3146 Or·

138 3166 277 3238 dine
322 3169 490 3239 aliis
539 3188 812 3259 semper
859 3169 1141 3238 subesse
1190 3167 1795 3238 vehementissime
1834 3166 2190 3257 optaverit.

209 3260 242 3343 ξ
277 3262 433 3330 10.
472 3259 806 3348 Supernis
833 3278 990 3326 vero
1011 3256 1213 3326 donis
1250 3261 1427 3325 Deus
1475 3277 1752 3326 servum
1780 3278 1984 3328 suum
2014 3256 2110 3325 ita
2140 3255 2440 3324 demisse
2481 3253 2567 3323 de
2599 3274 2672 3331 se

141 3347 530 3417 sentientem
564 3345 987 3426 clarificavit,
1032 3346 1401 3435 praecipue
1427 3345 1868 3415 sanationum
1902 3344 2151 3435 gratia,
2182 3356 2248 3414 et
2274 3342 2677 3433 prophetiae

146 3436 397 3521 spiritu.
451 3440 616 3504 Nam
645 3434 1079 3525 gravissimis
1105 3455 1474 3524 oppressos
1523 3433 1786 3503 morbis
1835 3434 2036 3523 signo
2061 3433 2323 3512 Crucis,
2357 3431 2676 3519 quando-

142 3541 252 3605 que
296 3525 449 3594 sola
500 3544 749 3594 manus
798 3523 1240 3613 impositione
1290 3522 1566 3594 sanitati
1618 3522 1936 3591 restituit.
1974 3523 2359 3591 Effraenato
2399 3520 2670 3610 juveni,

148 3610 460 3682 salutaria
493 3613 643 3712 ejus
674 3612 934 3682 monita
981 3612 1322 3692 irridenti,
1362 3612 1544 3681 intra
1569 3610 1786 3680 unius
1815 3610 2023 3680 horae
2051 3609 2355 3701 spatium
2386 3622 2676 3679 mortem

146 3696 595 3781 denimciavit‚
653 3722 860 3789 quam
912 3701 1052 3781 ille,
1106 3715 1182 3771 ut
1235 3700 1666 3791 praedixerat
1714 3721 1952 3770 servus
2004 3699 2158 3780 Dei,
2220 3711 2501 3789 repente
2553 3719 2677 3787 op-

152 3789 339 3872 petiit.
382 3790 621 3860 Navim
671 3790 1168 3869 conscendenS,
1224 3789 1580 3859 horridam
1632 3799 2133 3876 tempestatem,
2187 3800 2252 3856 et
2301 3808 2548 3856 omnes
2597 3808 2680 3855 ex

147 3893 210 3942 ea
250 3878 636 3949 incolumes
681 3901 1005 3948 evasuros
1056 3878 1393 3969 praevidit
1441 3877 1943 3968 praedixitque.
2013 3882 2183 3947 Cum
2234 3887 2465 3946 autem
2536 3875 2676 3944 voti

154 3964 444 4036 solvendi
478 3971 691 4037 causa
720 3989 989 4036 sacram
1023 3972 1475 4037 Lauretanam
1502 3965 1745 4035 aedem
1786 3965 2228 4035 Beatissimae
2256 3964 2506 4034 Mariae
2533 3964 2679 4032 Vir-

154 4053 317 4139 ginis
378 4054 728 4136 adivisset,
780 4068 846 4125 et
883 4056 1160 4146 Jamdiu
1192 4077 1479 4146 corpore
1526 4054 1837 4135 dissolvi,
1897 4068 1963 4125 et
2009 4076 2168 4124 cum
2220 4054 2484 4123 Christo
2531 4074 2680 4122 esse

151 4157 431 4231 cuperet,
485 4143 669 4213 brevi
710 4166 869 4214 eum
908 4146 1017 4214 sui
1071 4147 1203 4215 voti
1237 4155 1626 4234 compotem
1658 4143 1998 4224 futurum,
2041 4149 2215 4213 Deus
2264 4144 2334 4210 in
2386 4154 2680 4231 augusto

153 4232 389 4321 templo
429 4232 549 4301 illo
597 4233 732 4323 ipsi
790 4233 1127 4323 patefecit.
1185 4239 1360 4303 Sane
1412 4232 1574 4302 inde
1621 4232 1922 4311 rediens,
1965 4255 2125 4303 cum
2165 4232 2252 4301 ad
2295 4234 2675 4321 Agnbnem‚

152 4316 467 4417 citerioris
530 4321 1216 4422 Aprutiicppidum,
1256 4321 1534 4391 Ordinis
1584 4320 2020 4412 propagandi
2067 4343 2231 4412 ergo
2279 4320 2674 4390 accederet:

153 4407 259 4474 Hic
294 4410 564 4496 requies
612 4432 786 4492 mea,
841 4411 1033 4492 dixit,
1067 4412 1136 4480 in
1166 4411 1521 4483 saeculum
1551 4411 1836 4481 saeculi.
1877 4410 2096 4481 Altero
2151 4421 2492 4481 transacto
2536 4409 2670 4487 die,
