3357 4995
223 326 266 390 J
278 324 451 391 UNII
499 323 585 388 29
902 339 981 386 nn
1027 338 1120 387 ss.
1174 338 1511 386 APOSTOLIS
1558 336 1759 388 rErao
1796 340 1873 387 Er
1920 339 2123 388 PAULO
2563 325 2691 391 633

225 424 309 496 Et
356 447 515 496 cum
566 423 817 495 deinde
870 423 1377 493 duodenarium
1419 423 1702 509 quidem
1753 446 2125 495 numerum
2175 425 2652 515 Apostolorum
2706 429 2775 498 in

224 515 516 586 alterius
563 512 795 583 locum
850 512 1223 583 substituto
1271 512 1572 613 Matthia,
1618 513 2111 613 supplevisset:
2158 515 2496 605 plurimas
2545 528 2779 589 autem

223 604 601 674 conciones
647 601 951 681 JudaeiS,
1004 601 1124 688 qui
1179 600 1249 669 in
1308 606 1539 672 Sancti
1597 602 1893 691 Spiritus
1956 603 2291 674 effusione
2339 605 2651 689 aderant,
2715 620 2780 678 et

222 708 587 784 propterea
645 690 1035 780 stupebant,
1091 689 1275 778 quod
1325 689 1482 760 aliis
1533 689 1792 781 linguis
1842 691 1957 761 Dei
2008 693 2362 783 magnalia
2405 697 2779 767 annuntia-

222 794 404 861 rent,
441 780 817 861 effudisset,
856 792 920 849 et
967 779 1124 850 aliis
1184 778 1615 849 orationibus
1640 780 1742 850 eis
1784 780 2055 851 tulisset
2103 783 2602 866 testimonium,
2650 787 2780 855 tria

223 870 451 940 millia
499 869 728 941 statim
784 868 869 937 ad
923 866 1130 937 fidem
1180 869 1252 936 in
1304 868 1646 938 Christum
1697 869 2022 938 evocavit.
2067 875 2144 939 Et
2193 893 2353 941 cum
2405 894 2593 953 eum,
2648 875 2772 961 qui

224 959 373 1029 erat
405 960 491 1029 ab
539 970 695 1028 ortu
726 956 1043 1037 clauduS,
1081 957 1153 1025 in
1205 958 1513 1047 speciosa
1544 957 1783 1048 templi
1839 970 2055 1058 porta,
2121 982 2259 1029 una
2291 982 2452 1030 cum
2501 967 2776 1033 Joanne

226 1054 408 1118 Evan
464 1047 659 1118 elista
714 1058 1062 1116 curasset:
1112 1058 1178 1115 et
1233 1069 1474 1116 rursus
1520 1068 1671 1127 θος,
1732 1069 1855 1133 qut
1912 1058 2109 1117 erant
2153 1051 2590 1139 congregati,
2658 1074 2772 1121 ar-

226 1071 505 1227 guenfio
555 1135 987 1216 instituisset,
1024 1147 1090 1204 et
1117 1134 1204 1203 ad
1237 1135 1526 1204 salutem
1580 1135 1973 1205 invitasset:
2005 1148 2072 1205 et
2109 1158 2346 1208 verum
2382 1143 2594 1209 Deum
2624 1163 2776 1211 esse

226 1226 598 1295 Dominum
633 1237 942 1293 nostrum
973 1229 1212 1293 Jesum
1262 1224 1603 1293 Christum
1641 1246 1721 1293 ex
1771 1230 1950 1294 Mose
1998 1239 2064 1295 et
2110 1227 2468 1317 Prophetis
2493 1229 2777 1299 eviden-

225 1326 329 1385 ter
380 1312 811 1393 ostendisset,
869 1333 1003 1380 non
1056 1311 1281 1382 solum
1339 1311 1656 1382 miraculi
1702 1314 2203 1405 magnitudine,
2251 1315 2368 1385 sed
2436 1319 2768 1389 orationis

222 1425 501 1491 quoque
552 1401 975 1471 vehementia
1023 1422 1264 1470 omnes
1295 1401 1768 1492 obstupefecit,
1821 1417 1887 1472 et
1932 1403 2016 1472 ad
2069 1404 2274 1472 fidem
2319 1405 2387 1473 in
2424 1406 2768 1477 Christum

224 1491 523 1572 attraxit,
559 1503 624 1560 et
653 1491 881 1560 decies
932 1490 1120 1559 mille
1170 1489 1469 1559 virorum
1505 1490 1880 1561 Ecclesiam
1908 1493 2265 1562 constituit
2289 1495 2765 1584 ser-osolymis.

225 1581 560 1650 Ananiam
610 1591 839 1649 autem
887 1591 952 1648 et
1010 1578 1418 1669 Sapphiram
1471 1580 1622 1669 ejus
1692 1602 2000 1662 uxorem,
2053 1582 2173 1667 qui
2227 1603 2469 1652 novam
2520 1606 2769 1671 quam-

223 1670 385 1739 dam
421 1669 722 1738 fecerant
747 1668 1294 1757 usurpationem,
1332 1668 1490 1749 sibi,
1539 1668 1852 1756 inquam,
1885 1681 2214 1757 tanquam
2253 1672 2533 1761 propria
2559 1696 2765 1744 usur·

226 1769 469 1847 pantes
514 1778 692 1844 quae
724 1761 855 1826 Deo
902 1770 1490 1837 consecraverant,
1545 1759 1736 1847 gravi
1777 1759 2309 1843 reprehensione
2366 1762 2599 1830 statim
2633 1762 2769 1833 vita

277 1845 538 1915 rivavit.
608 1846 999 1932 Umbraque
1046 1846 1195 1935 ejus
1253 1867 1387 1914 non
1453 1845 1678 1915 solum
1737 1848 1959 1917 varios
2010 1850 2284 1919 morbos
2354 1850 2617 1940 expulit
2679 1853 2768 1922 ab

224 1870 650 2015 liominibuS,
708 1934 821 2003 sed
863 1947 1167 2005 mortuos
1214 1936 1415 2004 etiam
1452 1935 1787 2005 excitavit.
1846 1936 2096 2006 Liddae
2132 1938 2587 2027 paralyticum
2641 1945 2766 2010 Ae-

222 2045 425 2093 neam
459 2023 663 2092 verbo
712 2024 997 2093 curavit.
1040 2023 1297 2114 Joppae
1349 2046 1732 2115 pauperum
1761 2037 2107 2095 amantem
2159 2027 2530 2096 Dorcadem
2582 2052 2766 2098 mor-

225 2124 412 2181 tuam
466 2112 803 2182 excitavit.
868 2115 1230 2182 Caesareae
1277 2114 1755 2183 Centurionem
1793 2114 2208 2195 Cornelium,
2262 2116 2559 2201 quierat
2599 2140 2768 2217 gen-

224 2199 390 2282 tilis,
426 2201 511 2270 ad
564 2200 766 2269 fidem
812 2200 882 2269 in
934 2200 1274 2270 Christum
1326 2202 1625 2271 evocavit
1672 2225 1833 2271 cum
1878 2215 2009 2272 tota
2072 2202 2359 2283 familia,
2408 2218 2472 2273 et
2505 2208 2766 2296 Spiritu

227 2294 472 2360 Sancto
523 2288 831 2380 implevit
899 2311 1020 2380 per
1067 2290 1515 2379 baptismum.
1579 2292 1965 2373 Quinetiam
2029 2291 2189 2360 fidei
2258 2306 2522 2383 portam
2594 2318 2764 2384 gen—

227 2378 413 2448 tibus
461 2379 730 2468 aperuit
766 2399 885 2468 per
915 2400 1066 2447 eam
1100 2401 1277 2466 quae
1329 2378 1428 2447 illi
1479 2380 1803 2469 apparuit
1852 2381 2029 2449 vasis
2082 2380 2245 2451 linei
2279 2382 2638 2465 visionem,
2693 2385 2764 2454 in

221 2488 360 2555 quo
399 2479 594 2537 erant
639 2489 880 2537 omnes
913 2468 1167 2538 bestiae
1218 2481 1456 2548 terrae,
1494 2482 1560 2538 et
1598 2490 1828 2539 vocem
1858 2490 2034 2556 quae
2082 2469 2167 2539 de
2214 2470 2402 2541 coelo
2428 2494 2567 2541 una
2592 2496 2755 2544 cum

218 2577 376 2627 vase
422 2569 524 2626 est
571 2556 819 2637 delata,
860 2569 924 2626 et
961 2578 1121 2626 eum
1171 2570 1275 2627 est
1320 2557 1701 2637 adhortata,
1758 2571 1833 2627 ut
1888 2581 2182 2648 surgens
2237 2561 2657 2631 sacrificaret
2696 2576 2761 2632 et

220 2646 631 2726 comederet,
697 2646 871 2715 nihil
920 2668 1159 2716 eorum
1218 2668 1365 2715 esse
1426 2668 1798 2716 commune
1867 2649 2294 2718 existimans.
2352 2650 2447 2718 Ab
2497 2651 2763 2721 Herode

221 2744 474 2810 autem,
529 2734 650 2822 qui
699 2736 901 2804 etiam
938 2735 1165 2804 dictus
1212 2749 1313 2804 est
1343 2739 1389 2804 A
1443 2736 1663 2826 rippa,
1718 2735 1992 2806 duabus
2041 2738 2300 2807 catenis
2347 2739 2643 2820 vinetus,
2699 2753 2765 2810 et

224 2823 292 2892 in
332 2844 674 2893 carcerem
706 2823 1081 2924 conjectuS‚
1118 2846 1274 2893 cum
1312 2824 1383 2892 di
1418 2825 1680 2914 igenter
1710 2825 2171 2896 custodiretur
2202 2849 2242 2895 a
2263 2840 2560 2927 quatuor
2591 2852 2762 2916 qua-

224 2911 655 2982 ternionibus
705 2912 1027 2993 milltum‚
1087 2934 1126 2981 a
1188 2913 1421 2982 divino
1470 2913 1723 3003 Angelo
1773 2913 2104 2985 liberatur
2151 2938 2191 2984 a
2242 2915 2558 2998 vinculiS‚
2612 2933 2677 2987 et
2724 2941 2764 2987 a

222 3022 518 3082 carcere,
563 3002 625 3070 ei
660 3002 873 3091 portis
913 3024 1034 3072 sua
1086 3013 1327 3092 sponte
1355 3002 1633 3091 apertis.
1670 3008 1951 3093 Propter
1977 3004 2322 3072 Simonem
2361 3019 2586 3075 autem
2621 3030 2764 3077 sce-

219 3088 511 3160 leratum
561 3089 759 3160 illum
798 3096 1097 3180 Magum,
1150 3090 1292 3160 obit
1339 3113 1580 3160 omnes
1628 3092 1936 3162 civitates
1969 3093 2414 3182 Coelesyriae,
2454 3109 2519 3163 et
2570 3117 2763 3185 prae-

220 3189 398 3248 terea
431 3184 719 3249 Pontum
761 3192 826 3248 et
872 3178 1099 3248 Asiam
1154 3192 1356 3266 atque
1408 3180 1610 3249 etiam
1665 3180 2025 3250 Galatiam.
2062 3186 2139 3250 Et
2185 3205 2344 3251 cum
2391 3184 2456 3250 in
2508 3184 2607 3253 eis
2656 3206 2763 3255 se-

224 3266 555 3337 minasset
586 3268 870 3338 verbum
908 3267 1093 3349 fidei,
1126 3268 1209 3336 ad
1247 3268 1469 3368 ipsam
1522 3291 1742 3356 usque
1784 3274 2068 3339 Romam
2103 3271 2433 3360 pervenit.

305 3357 342 3443 ξ
388 3362 477 3428 5.
533 3362 614 3427 Ut
669 3377 785 3427 eas
832 3371 1060 3425 autem
1113 3379 1371 3425 cursim
1427 3379 1947 3445 persequamur,
2003 3359 2132 3428 hae
2178 3373 2386 3429 sunt:
2455 3365 2620 3431 Cum
2670 3363 2757 3431 ab

216 3445 595 3516 Jerusalem
647 3445 946 3516 venisset
976 3449 1369 3515 Caesaream
1410 3448 1767 3528 Stratonis,
1821 3460 1886 3516 et
1932 3470 2011 3516 ex
2057 3448 2162 3526 iis,
2201 3448 2322 3535 qui
2366 3450 2593 3538 ipsum
2647 3473 2755 3521 se-

218 3533 631 3619 quebantur,
672 3534 1090 3623 presbyteris
1124 3535 1540 3624 Episcopum
1570 3536 1631 3604 ei
1665 3537 2158 3618 constituisset,
2189 3538 2374 3606 venit
2406 3539 2754 3608 Sidonem.

220 3621 341 3691 Ubi
392 3645 553 3692 cum
591 3622 843 3691 multos
880 3636 1211 3704 curasset,
1265 3637 1330 3692 et
1379 3623 1791 3714 Episcopum
1843 3626 2335 3706 constituisset,
2395 3628 2579 3697 venit
2636 3633 2756 3697 Be-

218 3723 470 3799 rytum.
525 3715 602 3780 In
664 3733 800 3798 qua
856 3711 1060 3780 etiam
1110 3734 1269 3781 cum
1331 3734 1410 3781 ex
1460 3713 1544 3782 iis
1593 3713 1713 3799 qui
1763 3713 2252 3800 sequebantur,
2299 3737 2517 3785 unum
2569 3717 2756 3785 ordi-

220 3812 445 3870 nasset
470 3799 882 3890 Episcopum
926 3800 1110 3874 venit
1150 3799 1467 3890 Byblum.
1507 3801 1759 3871 Deinde
1808 3803 2175 3892 Tripolim:
2228 3816 2293 3873 et
2339 3804 2525 3895 apud
2580 3811 2757 3874 Mar-

219 3908 450 3958 sonem
500 3890 725 3958 virum
759 3889 1128 3976 quemdam
1182 3889 1590 4046 prudentem
1641 3890 2051 3961 diversatur.
2107 3896 2319 3975 Quem
2369 3915 2528 3962 cum
2582 3893 2754 3963 fide-

220 3971 420 4057 libus,
457 3978 576 4065 qui
614 3983 809 4047 erant
836 3977 1093 4068 Tripoli
1134 3983 1180 4046 P
1235 3979 1564 4062 oeniciae,
1598 3980 2014 4070 Episcopum
2050 3982 2540 4062 constituisset,
2572 3983 2757 4053 venit

219 4064 620 4135 Orthosiam.
691 4066 940 4135 Deinde
989 4067 1391 4136 Antardum.
1435 4067 1692 4136 Deinde
1721 4068 1791 4136 in
1834 4069 2065 4139 insula
2093 4092 2270 4157 quae
2320 4070 2575 4140 dicitur
2599 4077 2753 4141 Ata-

219 4149 369 4220 dus.
424 4154 680 4224 Deinde
724 4155 1136 4226 Balanaeas:
1195 4168 1261 4226 et
1324 4156 1517 4225 illinc
1570 4162 1805 4225 Panta.
1860 4159 2112 4228 Deinde
2176 4158 2623 4229 Laodiceam:
2678 4161 2747 4228 in

218 4261 351 4326 qua
388 4263 545 4311 cum
581 4243 835 4314 multos
881 4245 1003 4331 qui
1054 4245 1315 4315 morbis
1356 4244 1785 4326 laborabant,
1821 4259 1886 4316 et
1934 4248 2355 4317 vexabantur
2400 4271 2439 4317 a
2472 4248 2752 4318 daemo-

219 4328 447 4410 nibuS,
503 4345 834 4415 curasset,
874 4333 1387 4421 Ecclesiamque
1437 4347 1944 4426 congregasset,
2005 4349 2070 4406 et
2116 4338 2531 4427 Episcopum
2583 4360 2750 4408 con-

218 4417 568 4501 stituisset,
616 4422 796 4492 venit
843 4422 1269 4493 Antiochiam
1310 4424 1539 4512 Syriae
1579 4423 1946 4495 civitatem.
2002 4430 2147 4508 Quo
2208 4425 2278 4495 in
2330 4425 2476 4495 loco
2511 4426 2743 4497 Simon
