3357 4995
660 294 790 359 376
1287 307 1365 354 nn
1412 306 1469 353 s,
1522 303 1813 354 amnone
1859 302 2153 352 msnmsi
2200 303 2401 352 muse.
2759 288 2799 352 J
2807 288 2981 353 UNII
3033 290 3126 353 ⁴6

574 391 886 462 moribus
914 411 993 459 ac
1044 387 1255 457 literis
1287 386 1603 476 apprime
1635 383 2059 454 decoratum.
2098 385 2238 454 Sub
2284 384 2492 471 cujus
2524 384 2898 475 disciplina
2925 387 3121 456 brevi

571 492 841 551 tantum
882 475 1188 570 profecit,
1243 487 1320 544 ut
1348 476 1611 563 optima
1658 495 1829 565 puer
1869 471 2098 544 indole
2128 473 2477 563 ingentem
2525 473 2611 544 de
2635 495 2709 543 se
2739 496 2932 563 spem
2966 475 3125 566 pol-

570 568 915 639 liceretur.
971 571 1137 635 Nam
1172 575 1248 633 ut
1278 576 1462 633 aetas
1509 562 1634 633 illa
1677 561 1947 632 erudita
1980 561 2133 642 fuit,
2185 573 2253 630 et
2291 563 2601 632 bumana
2648 563 2916 633 colebat
2964 576 3120 635 stu-

571 658 728 727 dia:
782 655 850 724 id
915 653 1101 742 quod
1147 675 1227 722 ex
1295 651 1618 742 pluribus
1687 652 1840 742 ejus
1905 651 2234 740 temporis
2305 651 2470 720 viris
2528 651 3008 724 disertissimis
3055 667 3131 722 et

571 766 810 816 eorum
869 741 1341 813 monumentis
1390 740 1619 812 videre
1668 742 1847 812 licet:
1894 742 1989 810 ita
2038 741 2349 830 Wigerus
2379 754 2610 810 noster
2659 763 2951 831 puerum
2984 742 3126 813 sibi

570 833 1022 906 commissum
1059 852 1196 899 non
1250 840 1498 920 passus
1544 842 1648 899 est
1694 853 1736 899 a
1771 829 2204 920 politioribus
2252 828 2622 899 abhorrere
2652 829 2928 901 studiis:
2977 832 3125 921 pri-

572 943 822 1011 moque
849 923 921 990 in
954 920 1293 989 ducendis
1331 918 1852 1005 formandisque
1901 919 2253 989 literarum
2293 918 2627 1008 apicibus
2658 920 2963 1007 antiquis
2989 975 3004 1000 ,
3058 935 3130 989 et

570 1011 682 1081 his
728 1033 904 1097 quae
956 1008 1156 1078 bodie
1195 1030 1316 1109 per
1348 1014 1631 1079 Venetos
1676 1008 2129 1099 impressores
2160 1008 2230 1076 in
2268 1030 2476 1077 usum
2512 1020 2862 1078 revocatae
2911 1022 3114 1089 sunt,

572 1122 730 1171 eum
769 1098 1155 1170 luculenter
1203 1098 1545 1167 instituit:
1598 1096 2185 1184 quemadmodum
2234 1096 2467 1166 literae
2516 1118 2731 1166 manu
2778 1119 2905 1167 sua
2959 1119 3128 1167 con-

572 1190 893 1278 scriptae,
934 1200 1000 1255 et
1030 1186 1214 1276 apud
1247 1184 1622 1256 Ecclesiam
1656 1207 1858 1255 suam
1881 1185 2327 1256 Missnensem
2356 1185 2424 1253 in
2459 1185 2871 1256 hodiernum
2899 1191 3127 1273 usque

572 1277 755 1348 diem
807 1288 1112 1348 servatae
1159 1275 1357 1344 facile
1385 1287 1710 1365 arguunt3
1748 1274 1999 1345 deinde
2035 1273 2464 1344 carminibus
2501 1273 2705 1344 etiam
2739 1296 2899 1344 eum
2930 1297 3128 1345 exer—

575 1366 741 1445 cuit,
788 1379 1188 1434 nontamen
1226 1363 1359 1432 nisi
1406 1363 1661 1434 divinis
1708 1375 1774 1432 et
1817 1363 2009 1432 omni
2058 1363 2420 1433 verborum
2482 1362 2943 1433 obscoenitate
3003 1387 3123 1433 ca—

577 1455 912 1524 rentibus.
957 1458 1087 1522 Nec
1122 1451 1389 1522 difficili
1438 1449 1611 1542 puer
1657 1452 1958 1521 Minerva
1994 1473 2197 1523 versu
2232 1452 2381 1541 jam
2433 1450 2670 1522 ludere
2716 1465 2782 1522 et
2820 1451 3125 1542 hymnos

573 1563 986 1632 componere
1017 1542 1373 1630 didicerat.
1427 1546 1648 1624 Quare
1694 1562 1856 1610 cum
1904 1562 2168 1622 omnes,
2225 1552 2369 1610 tum
2421 1541 2717 1611 maxime
2751 1553 3119 1631 patronum

574 1652 781 1701 suum
816 1644 1131 1701 sanctum
1183 1630 1662 1700 Bernwardum
1735 1629 1868 1698 sibi
1923 1629 2306 1719 plurimum
2363 1629 2779 1710 devinxerat,
2839 1642 3124 1717 eratque
3190 1668 3196 1673 Δ

577 1731 719 1789 tarn
760 1720 972 1799 coelo,
1012 1741 1223 1805 quam
1276 1719 1677 1788 hominibus
1726 1717 2187 1808 gratissimus.

662 1815 702 1889 ἓ
755 1813 844 1879 ².
901 1813 1189 1878 Sanctus
1231 1830 1385 1877 vero
1462 1809 1844 1897 Episcopus
1885 1808 2338 1876 Bernwardus
2389 1820 2690 1877 extrema
2739 1808 2888 1897 jam
2940 1808 3123 1878 vitae

574 1900 847 1967 senecta
881 1895 1190 1968 febribus
1227 1909 1607 1986 correptus,
1662 1895 1832 1965 adeo
1879 1896 2318 1985 pertinaciter
2353 1909 2705 1986 aegrotare
2753 1895 3009 1996 coepit,
3045 1908 3125 1966 ut

573 1997 712 2056 toto
759 1984 1126 2056 decubaret
1157 1986 1660 2073 quinquennio.
1716 1989 1862 2067 Quo
1914 1996 2219 2075 tempore
2268 1985 2474 2055 unico
2521 1984 2625 2054 illi
2688 1984 2931 2055 solatio
2976 1999 3129 2055 erat

574 2095 748 2163 puer
788 2079 1039 2153 Benno‚
1107 2074 1309 2144 modo
1344 2073 1705 2165 poetando,
1770 2072 1974 2142 modo
2023 2073 2350 2174 legendo,
2406 2073 2608 2143 modo
2663 2072 3115 2164 disputando.

572 2162 904 2252 Inprimis
952 2175 1178 2231 autem
1229 2176 1624 2253 pergratum
1685 2160 1783 2230 illi
1819 2174 1962 2231 erat
1993 2160 2607 2252 diligentissimum
2677 2162 2870 2252 pueri
2920 2162 3124 2232 obse-

573 2252 845 2339 quium,
897 2252 1017 2337 qui
1097 2273 1219 2320 nec
1283 2262 1628 2320 momento
1659 2249 1941 2335 quidam
1994 2272 2036 2320 a
2081 2272 2245 2320 sene
2290 2250 2483 2321 abiit.
2536 2254 2702 2320 Cum
2759 2271 2915 2320 vero
2969 2251 3124 2337 jam

573 2340 737 2409 finis
774 2339 1059 2409 instaret
1110 2340 1486 2409 beatissimi
1525 2340 1738 2430 patris
1785 2339 2197 2420 Bernwardi,
2237 2354 2469 2409 vocato
2503 2359 2717 2429 puero
2763 2361 2907 2408 una
2953 2361 3121 2408 cum

573 2428 844 2529 Wigero
898 2428 1297 2519 paedagogo
1345 2451 1495 2508 suo,
1541 2427 1845 2497 oratione
1883 2426 1972 2496 ad
2018 2449 2178 2505 eum
2220 2450 2390 2497 usus
2438 2440 2541 2497 est
2586 2427 3119 2518 hujuscemodi:

576 2541 613 2584 «
647 2518 848 2588 Vides
899 2519 992 2587 mi
1049 2518 1150 2587 fili
1216 2517 1500 2588 assidua
1556 2539 1664 2587 me
1712 2516 1897 2586 febre
1949 2516 2362 2597 confectum,
2427 2531 2494 2587 et
2538 2517 2888 2588 sinistram
2942 2517 3125 2587 hanc

573 2606 883 2697 corporis
953 2606 1415 2677 valetudinem
1474 2617 1539 2676 et
1584 2605 1917 2695 quicquid
1977 2605 2246 2677 adversi
2294 2605 2423 2676 fuit
2469 2604 2557 2675 ad
2630 2605 2839 2675 finem
2904 2627 3129 2694 usque

571 2707 969 2766 constanter
1032 2696 1417 2785 pertulisse.
1469 2700 1699 2782 Neque
1750 2695 1938 2787 enim
1987 2695 2071 2764 ad
2124 2699 2337 2764 Deum
2411 2693 2633 2764 redire
2691 2716 3067 2785 possumus
3102 2750 3118 2775 ‚

572 2783 712 2854 nisi
768 2783 1290 2854 tribulationum
1345 2796 1412 2853 et
1475 2783 1904 2855 adversitatis
1965 2783 2238 2853 camino
2294 2783 2579 2853 decocti.
2645 2782 2841 2867 Quod
2901 2783 2958 2853 si
3005 2805 3127 2854 eos

570 2873 781 2943 etiam
809 2873 931 2959 qui
970 2886 1149 2942 recte
1189 2873 1477 2943 vixerint
1521 2873 2083 2943 conturbationes
2113 2884 2179 2941 et
2223 2871 2494 2942 dolores
2533 2872 3118 2942 circumveniunt:

571 2972 829 3049 quanto
881 2962 1102 3050 magis
1140 2962 1330 3050 justo
1381 2961 1495 3030 Dei
1522 2960 1793 3051 judicio
1835 2962 2003 3031 istos
2048 2960 2170 3047 qui
2217 2961 2480 3048 absque
2507 2960 2652 3030 ullo
2710 2960 2827 3030 Dei
2877 2960 3125 3031 timore

573 3048 787 3119 veluti
839 3070 1082 3139 pecora
1143 3048 1447 3150 degunt,
1501 3049 1717 3119 ethic
1792 3049 2156 3119 infelicitas
2202 3062 2517 3139 occupat,
2569 3061 2636 3118 et
2684 3049 2755 3118 in
2806 3048 3125 3120 futurum

573 3137 879 3207 miseria.
935 3142 1158 3220 Quare
1191 3161 1248 3209 s1
1297 3140 1509 3228 sapiS,
1549 3152 1670 3208 aut
1706 3139 1764 3208 si
1816 3160 1936 3228 per
1987 3150 2275 3208 aetatem
2324 3159 2563 3229 sapere
2616 3138 2762 3228 ipse
2809 3137 3125 3208 nondum

576 3238 816 3316 poteS,
872 3224 1111 3295 saltem
1163 3227 1418 3298 nostris
1472 3228 1831 3314 acquiesce
1887 3226 2217 3306 monitis,
2277 3239 2482 3314 atque
2529 3226 2717 3297 hunc
2775 3225 3123 3296 mundum

575 3315 933 3384 aerumnis
978 3329 1043 3384 et
1069 3315 1527 3385 anxietatibus
1577 3315 1939 3406 repletum,
1990 3315 2173 3395 dolo,
2230 3315 2508 3397 fraude,
2564 3314 2971 3397 mendaciiS,
3020 3316 3125 3383 in·

574 3402 774 3473 sidiis
819 3425 901 3473 ac
950 3401 1216 3490 laqueis
1246 3403 1597 3484 refertum,
1631 3404 1995 3494 sanguine,
2034 3404 2288 3475 scelere
2333 3418 2401 3474 et
2438 3403 2924 3491 iniquitatibus
2977 3403 3127 3494 pol-

573 3491 826 3573 lutum,
880 3513 1007 3561 ceu
1057 3506 1312 3583 pestem
1349 3491 1653 3580 aliquam
1696 3493 2165 3583 contagiosam
2188 3516 2268 3564 ac
2302 3492 2714 3566 virulentam
2749 3492 2934 3582 fuge.
2966 3513 3124 3562 exe·

576 3602 795 3667 crare,
849 3602 929 3650 ac
976 3580 1276 3672 despice:
1305 3585 1575 3668 Deoque
1617 3580 1747 3650 soli
1786 3580 2180 3651 adhaerere.
2235 3583 2426 3665 Quod
2476 3594 2553 3651 ut
2591 3580 2866 3652 facilius
2898 3582 3128 3672 possis

576 3670 932 3757 consequi,
988 3683 1053 3738 et
1082 3682 1267 3739 aetas
1316 3682 1457 3750 tua,
1510 3668 1740 3739 adhuc
1774 3691 1969 3741 cerea
2017 3670 2087 3739 in
2126 3671 2364 3741 vitium
2415 3670 2620 3752 ssccti,
2666 3668 2862 3740 nulla
2907 3669 3126 3741 malo-

574 3779 734 3827 rum
762 3757 1127 3827 hominum
1179 3758 1331 3828 tabe
1363 3757 1797 3848 depravetur,
1841 3758 1932 3828 ab
1985 3759 2197 3849 hujus
2250 3759 2711 3850 praeceptoris
2759 3758 2861 3828 tui
2913 3754 3126 3827 latere

626 3844 865 3916 osthac
915 3867 1258 3933 nusquam
1307 3845 1607 3928 discede,
1638 3847 1859 3933 eique,
1900 3848 1959 3918 si
2008 3869 2117 3917 me
2155 3870 2373 3929 amaS,
2427 3848 2497 3916 in
2530 3846 2858 3917 omnibus
2906 3848 3125 3935 patris

605 3955 729 4003 oco
780 3935 1279 4025 obtemperes.»
1315 3935 1436 4005 His
1483 3934 1713 4015 dictis,
1764 3952 2050 4007 manum
2107 3937 2305 4026 pueri
2352 3934 2792 4007 deosculatus
2852 3936 3127 4025 Wigero

572 4023 966 4113 Praeposito
997 4046 1156 4093 eum
1208 4024 1457 4093 iterum
1506 4036 1712 4110 atque
1751 4023 1997 4094 iterum
2049 4025 2581 4095 commendavit.
2620 4030 2775 4115 Ipse
2817 4044 2982 4092 vero
3024 4045 3127 4092 re-

576 4111 713 4181 bus
749 4113 904 4182 suis
951 4111 1277 4182 omnibus
1309 4112 1664 4202 dispositis
1715 4112 1963 4202 plenus
2008 4111 2306 4195 dierum,
2342 4113 2534 4184 dives
2579 4112 2919 4183 bonorum
2955 4132 3121 4201 ope-

573 4221 763 4279 rum,
802 4213 874 4270 et
922 4222 1210 4271 securus
1308 4213 1536 4271 aratae
1568 4199 1703 4271 sibi
1751 4201 2104 4271 aethereae
2143 4202 2549 4283 mansionis,
2583 4200 2843 4272 clausis
2891 4200 3122 4270 subito

572 4288 799 4359 oculis
826 4290 1150 4389 migravit
1195 4312 1235 4359 a
1333 4290 1704 4360 Dominum
1747 4312 1931 4360 anno
1976 4313 2183 4372 nxxu,
2242 4292 2556 4384 sepultus
2606 4291 2677 4359 in
2712 4288 3121 4360 Monasterio

569 4398 704 4448 suo
745 4382 817 4448 S.
859 4378 1230 4461 Michaelis,
1284 4379 1406 4450 ubi
1453 4390 1519 4450 et
1568 4377 1927 4451 miraculis
1973 4378 2206 4451 claret.
