3357 4995
224 350 437 429 JUNI'I
487 366 529 428 8
1058 384 1137 430 m:
1186 384 1242 431 s.
1295 382 1587 431 numano
1635 381 1932 430 BPISCOPO
2298 377 2301 381 ·
2551 366 2676 430 243

222 489 299 535 ex
365 465 577 535 altera
627 467 775 535 sine
824 466 966 536 ulla
1016 466 1419 537 difficultate
1477 467 1835 537 sublevare
1899 478 2307 556 potuerunt:
2366 480 2557 556 parte
2610 490 2764 538 vero

224 578 299 623 ex
363 555 571 623 altera
626 556 1052 626 incredibilis
1116 557 1441 646 ponderis
1510 570 1573 625 et
1653 557 1927 646 penitus
1996 555 2347 624 immobile
2414 579 2766 645 persense-

226 657 406 713 runt.
477 644 569 712 Ad
638 645 804 714 haec
863 667 976 714 rex
1025 645 1341 735 jucundo
1409 646 1572 715 satis
1633 645 1825 713 vultu
1890 657 2150 712 tantam
2216 645 2330 712 Dei
2392 659 2764 715 retractans

223 733 539 822 gratiam,
585 755 791 819 quam
820 733 1025 802 citius
1057 735 1298 824 potuit,
1344 734 1425 803 ad
1466 733 1889 802 sanctissimi
1914 732 2326 802 confessoris
2367 733 2761 803 dominium

224 822 439 903 illam,
481 844 690 908 quam
744 822 873 891 sibi
926 823 1320 904 retinuerat,
1377 823 1588 908 jussit
1651 822 2016 911 resigillari
2070 833 2326 910 partem
2384 823 2757 891 residuam.

227 915 352 979 Nec
405 933 638 979 mora:
695 912 805 978 Dei
858 911 1027 980 adeo
1076 912 1292 1002 gratia
1346 916 1666 980 Sanctum
1724 932 1877 979 mox
1912 910 2250 979 sustulere
2301 910 2647 990 leviatum,
2689 926 2765 980 ut

224 1000 401 1085 quod
468 1015 754 1068 eatenus
815 1000 1363 1090 desperaverant,
1418 1002 1568 1069 sine
1628 1000 1773 1069 ulla
1825 998 2230 1068 difficultate
2279 1022 2318 1066 a
2367 999 2607 1089 paucis
2647 1000 2765 1068 de-

227 1100 615 1176 portaretur
652 1088 734 1156 ad
789 1088 1212 1177 sepulcrum.
1259 1089 1569 1158 Defertur
1603 1090 1815 1178 igitur
1862 1110 2116 1178 corpus
2149 1100 2465 1156 sanctum
2520 1088 2603 1156 ad
2658 1111 2766 1157 se-

227 1177 625 1264 pulturam:
681 1198 918 1245 verum
979 1178 1094 1246 illo
1153 1178 1219 1244 in
1275 1179 1515 1248 itinere
1558 1178 1891 1246 Dominus
1944 1177 2508 1265 pretiosissimam
2565 1193 2765 1245 suam

228 1287 359 1332 non
413 1278 517 1333 est
563 1265 976 1356 dedignatus
1016 1267 1397 1336 clarificare
1440 1268 1918 1356 margaritam.

311 1357 348 1439 ξ
400 1357 562 1424 28.
619 1361 991 1440 Antequam
1027 1357 1208 1424 enim
1249 1368 1464 1425 terrae
1503 1378 1756 1444 corpus
1806 1368 2119 1423 sanctum
2172 1353 2583 1423 conderetur
2609 1355 2761 1440 qui-

228 1442 382 1509 dam
439 1445 1082 1512 vastiscatenarum
1121 1443 1284 1513 loris
1337 1444 1617 1514 brachia
1665 1466 2003 1530 surasque
2042 1443 2424 1519 devinctus,
2461 1465 2578 1532 per
2620 1466 2760 1511 me-

227 1531 374 1600 dias
424 1553 574 1600 sese
624 1533 1138 1621 properantium
1175 1546 1440 1602 turmas
1468 1555 1603 1601 non
1639 1533 1787 1603 sine
1830 1534 2045 1601 multa
2076 1531 2477 1601 difficultate
2504 1532 2757 1622 injecit.

229 1621 343 1688 Cui
396 1643 555 1689 mox
603 1633 680 1690 ut
727 1622 948 1691 sancti
982 1622 1394 1693 confessoris
1442 1643 1844 1691 concessum
1896 1634 1997 1691 est
2046 1635 2322 1721 tangere
2379 1621 2767 1710 operimen-

227 1721 395 1790 tum,
436 1710 668 1778 omnia
700 1733 855 1778 mox
886 1710 1250 1780 dissiluere
1277 1710 1607 1801 repagula
1637 1723 2061 1790 catenarum,
2117 1710 2553 1798 diruptisque
2579 1731 2768 1777 com·

227 1797 479 1954 gedum
533 1798 853 1877 vinculi5‚
896 1800 1242 1868 liberrime
1290 1822 1447 1869 cum
1502 1798 1716 1869 multa
1768 1799 2143 1888 gratiarum
2188 1800 2479 1880 actione,
2524 1820 2766 1885 seque-

273 1900 431 1980 ajur
464 1889 934 1957 munerarium
989 1911 1222 1958 suum.
1261 1894 1665 1958 Perventum
1716 1902 1815 1955 est
1863 1887 2137 1956 tandem
2189 1887 2271 1955 ad
2324 1910 2500 1968 eam,
2555 1909 2766 1974 quam

227 1977 286 2044 ei
350 1998 466 2045 rex
519 1997 650 2046 non
715 1978 864 2045 sine
932 1978 1046 2045 Dei
1114 1977 1542 2068 providentia
1605 1976 2221 2066 praeordinaverat.
2279 1976 2760 2066 sepulturam:

230 2064 554 2154 Episcopi
604 2088 762 2134 cum
805 2066 1204 2146 AbbatibuS,
1263 2067 1553 2156 peractis
1604 2066 1798 2154 prius
1838 2087 2013 2153 quae
2070 2066 2182 2133 Dei
2214 2078 2429 2146 erant,
2480 2066 2767 2134 sanctis—

231 2154 490 2221 simum
542 2153 714 2222 illud
767 2176 1019 2243 corpus
1068 2167 1285 2224 terrae
1333 2155 1816 2224 decentissime
1864 2153 2376 2223 commendant.

312 2245 347 2326 ξ
396 2246 546 2313 24.
604 2244 897 2311 Peractis
930 2243 1372 2320 celeberrime
1405 2244 1788 2313 beatissimi
1825 2244 1933 2311 Dei
1986 2242 2277 2311 athletae
2330 2243 2615 2322 inferiis,
2653 2264 2767 2311 rex

227 2329 563 2399 Clotarius
598 2352 809 2420 supra
859 2332 1246 2400 venerabile
1295 2333 1513 2403 sancti
1541 2353 1796 2420 corpus
1829 2353 2113 2418 parvum
2148 2331 2232 2398 ad
2269 2344 2540 2420 tempus
2558 2332 2769 2420 jussit

226 2418 579 2486 aedificari
631 2421 1013 2510 tugurium,
1067 2443 1427 2508 quousque
1476 2420 1560 2489 ad
1613 2419 1997 2489 faciendam
2036 2420 2206 2488 inibi
2255 2419 2615 2487 ecclesiam
2656 2442 2819 2486 ne·-

228 2506 527 2577 cessaria
565 2523 833 2597 pararet
871 2531 1356 2598 expensarum.
1398 2516 1753 2580 Contracta
1805 2531 1962 2578 vero
2011 2508 2497 2594 undecumque
2548 2509 2767 2597 potuit

227 2618 360 2664 non
417 2618 624 2685 parva
660 2599 975 2687 pecunia,
1030 2613 1346 2668 sanctum
1386 2599 1559 2668 illud
1592 2597 1706 2665 Dei
1761 2597 2235 2666 habitaculum
2274 2598 2607 2665 instanter
2654 2619 2768 2665 or-

226 2685 359 2753 diri
411 2687 970 2776 perproperabat,
1007 2702 1072 2757 et
1106 2687 1450 2776 plerisque
1507 2686 1798 2776 negotiis
1849 2687 2269 2776 postpositis,
2310 2686 2393 2753 ad
2447 2686 2575 2754 hoc
2622 2706 2769 2774 per-

226 2773 602 2842 ficiendum
652 2776 925 2845 enixius
958 2775 1392 2845 elaborabat:
1449 2776 1854 2861 fecissetque
1884 2797 2092 2865 parvo
2128 2775 2193 2842 in
2252 2788 2553 2864 tempore
2582 2773 2770 2859 quod

225 2862 555 2931 benevola
601 2877 1003 2954 conceperat
1047 2879 1294 2945 mente,
1332 2866 1464 2933 nisi
1517 2864 1903 2934 secundum
1959 2863 2143 2950 quod
2206 2863 2588 2949 unicuique
2639 2863 2769 2930 im·

229 2951 464 3031 minet,
508 2952 711 3021 rebus
749 2975 905 3022 eum
957 2954 1287 3023 humanis
1333 2955 1538 3022 nimis
1589 2953 2064 3041 intempestive
2098 2952 2497 3041 contigisset
2544 2972 2771 3020 exces-
2856 3004 2865 3011 .

227 3041 423 3108 sisse.
462 3045 628 3109 Cum
680 3042 864 3110 enim
916 3043 985 3110 in
1038 3043 1216 3111 Cotia
1256 3043 1445 3131 sylva
1496 3055 1745 3111 venatu
1793 3053 2240 3119 exerceretur,
2273 3040 2497 3109 valida
2544 3062 2771 3110 corre-

230 3143 387 3217 ptus
425 3128 637 3208 febre,
676 3153 833 3199 cum
871 3130 957 3198 ad
1008 3132 1409 3220 Compendii
1453 3128 1916 3221 (comptaque)
1965 3130 2296 3220 palatium
2351 3129 2765 3219 repedasset,

227 3239 435 3306 parvo
487 3230 641 3305 post
690 3230 992 3309 tempore
1043 3233 1258 3288 morte
1320 3233 1771 3309 praeventuS,
1828 3219 2269 3307 postmodum
2336 3240 2490 3287 vero
2541 3219 2608 3287 in
2662 3240 2771 3287 ec-

225 3305 434 3375 clesia
468 3306 732 3386 eadem,
788 3329 997 3393 quam
1040 3307 1187 3395 jam
1239 3307 1600 3377 aedificare
1649 3320 1987 3395 coeperat,
2027 3320 2183 3376 ante
2224 3307 2484 3376 scilicet
2536 3312 2600 3376 S.
2641 3313 2771 3375 Me—

227 3394 428 3462 dardi
493 3394 727 3476 altare,
794 3396 1170 3465 honorifice
1208 3412 1310 3465 est
1358 3397 1694 3486 sepultus.
1761 3402 2105 3486 Expensas
2156 3418 2334 3476 vero,
2381 3419 2555 3483 quas
2604 3396 2769 3464 huic

225 3497 753 3573 praeparaverat
782 3485 997 3574 operi,
1043 3484 1425 3553 secundum
1462 3485 1640 3572 quod
1688 3484 1895 3554 David
1937 3508 2048 3554 rex
2081 3485 2224 3553 filio
2257 3507 2383 3554 suo
2420 3486 2768 3553 Salomoni

224 3573 306 3640 ad
343 3570 581 3661 templi
633 3574 901 3642 Domini
954 3573 1501 3643 aedificationem
1552 3575 1879 3644 ecclesiae
1911 3596 2120 3660 quam
2163 3579 2288 3642 Deo
2322 3587 2616 3653 voverat,
2655 3596 2772 3643 ex-

223 3659 630 3750 pendendas
655 3662 1045 3749 dereliquit,
1086 3663 1429 3731 mandans
1460 3676 1525 3732 et
1565 3663 1984 3733 remandans
2033 3663 2117 3741 ei,
2145 3674 2510 3748 quatenus,
2551 3664 2607 3731 si
2634 3685 2773 3748 qua

220 3750 280 3817 ei
314 3771 480 3840 erga
507 3763 770 3839 patrem
807 3752 1162 3820 charitatis
1192 3751 1461 3820 debitae
1495 3752 1770 3821 dilectio
1814 3763 2143 3829 maneret,
2186 3751 2377 3819 omni
2411 3750 2772 3822 occasione

222 3838 546 3928 seposita,
580 3853 854 3909 sanctae
904 3840 1067 3909 huic
1115 3840 1578 3909 aedificationi
1626 3861 1989 3926 quousque
2040 3839 2417 3909 honorifice
2466 3840 2770 3929 comple-

221 3940 433 4007 retur,
493 3939 699 3996 totam
755 3950 1039 4017 prorsus
1075 3929 1520 3997 intentionem
1564 3928 1945 3997 adhiberet.

308 4018 344 4099 ξ
398 4021 554 4087 25.
610 4016 1005 4107 Sigebertus
1057 4032 1250 4096 vero,·
1315 4027 1503 4106 patre
1554 4017 1847 4107 sepulto,
1903 4018 2239 4106 iniregno
2288 4017 2763 4111 cbonfirmatu&

222 4104 406 4188 quod
442 4126 482 4172 a
534 4117 724 4194 patre
774 4106 841 4173 in
893 4106 1023 4174 hoc
1057 4119 1453 4196 susceperat
1483 4104 1764 4193 negotii,
1824 4105 2142 4195 largiflue
2202 4119 2608 4194 prosecutus
2639 4120 2763 4175 est.

225 4191 628 4263 Admirabili
652 4195 836 4262 enim
865 4194 1115 4264 diversi
1144 4195 1415 4285 generis
1452 4193 1765 4284 lapidum
1800 4193 2331 4274 constructione,
2376 4194 2771 4264 secundum

225 4280 406 4365 quod
458 4304 498 4350 a
548 4296 737 4372 patre
795 4305 920 4353 suo
971 4296 1387 4374 susceperat,
1427 4282 1789 4352 ecclesiam
1836 4281 2025 4351 illam
2077 4282 2445 4365 decoravit,
2486 4305 2655 4352 auro
2706 4295 2772 4353 et

225 4383 505 4458 argento
534 4393 614 4440 ac
672 4372 1083 4441 necessariis
1132 4373 1199 4440 in
1251 4371 1477 4442 officio
1525 4370 1994 4440 ecclesiastico
2043 4384 2607 4440 ornamentorum
2663 4395 2772 4440 va-

227 4457 584 4529 rietatibus
609 4460 1048 4531 abundanter
1072 4462 1446 4542 exornavit,
1483 4482 1697 4531 censu
1726 4473 1790 4530 et
1821 4459 2229 4540 redditibuS,
2268 4474 2471 4549 prout
2511 4460 2767 4549 regiam
