3357 4995
553 331 686 396 430
1302 349 1380 394 DE
1428 349 1483 396 s.
1540 346 1865 395 tui-exuuii
1921 345 2178 395 vmomn
2657 331 2876 396 JUNII
2929 332 3011 397 ⁴6

457 429 792 498 instanter
886 427 1143 498 ulsaret
1192 428 1589 507 Dominum,
1638 439 1714 496 ut
1762 450 1801 495 a
1868 427 2272 497 Germaniae
2321 426 2580 498 finibus
2631 427 2802 495 illud
2855 435 3014 498 Tar-

460 531 761 587 tarorum
864 516 1167 607 agellum
1199 516 1590 607 depelleret.
1638 524 1717 586 At
1749 515 1903 584 illa:
1948 522 2123 606 ‹Ego
2159 538 2336 596 vero,
2380 516 2627 602 inquit,
2684 538 2817 585 non
2864 518 3016 608 jam

455 607 733 676 demum
771 627 895 695 pro
942 605 1071 674 hac
1120 606 1408 696 recoepi
1458 627 1701 696 rogare
1749 605 2140 675 Dominum.
2177 610 2366 674 Certa
2425 627 2581 674 sum
2631 617 2862 675 autem
2922 607 3010 675 ad

457 694 582 766 has
615 693 928 784 regiones
957 716 1095 764 non
1150 706 1473 764 venturos
1505 693 1707 765 modo
1747 699 2132 763 TartaroS.»
2180 694 2371 776 Quod
2425 692 2539 762 ille
2588 693 2773 763 haud
2812 694 3010 766 aliter

458 784 745 872 accepit,
785 805 863 852 ac
913 784 973 852 si
1019 783 1105 852 de
1151 783 1340 852 coelo
1388 784 1756 853 sonuisset.

546 875 584 959 ὃ
629 877 781 945 45.
840 872 1295 973 interroganti
1345 870 1625 941 cuidam
1675 871 1899 940 amieo
1933 870 2228 961 spiritali
2275 883 2340 939 et
2389 871 2713 960 speciali,
2766 873 3004 962 cujus-

459 960 647 1030 modi
698 961 946 1031 Christi
996 960 1240 1030 faciem
1292 961 1362 1029 in
1411 959 1990 1050 contemplatione
2040 959 2333 1038 videret,
2405 960 2797 1049 respondit:
2859 985 2896 1027 «
2928 967 3004 1030 In

455 1062 805 1119 momento
838 1061 1124 1139 apparet
1154 1050 1326 1119 mihi
1376 1071 1409 1118 s
1462 1049 1707 1118 lendor
1740 1048 2289 1129 inaestimabilis,
2329 1058 2395 1117 et
2437 1049 2654 1118 instar
2702 1048 3004 1140 fulguris

458 1139 653 1209 video
704 1139 1120 1208 ineffabilem
1171 1139 1322 1228 ejus
1374 1137 1900 1228 gorificationis
1953 1137 2570 1227 pulchritudinem.
2634 1144 2818 1219 Quae
2869 1140 3005 1208 nisi

453 1228 705 1317 raptim
775 1227 1280 1297 subduceretur
1344 1227 1655 1316 aspectui
1724 1227 2325 1317 contemplationis
2385 1248 2615 1304 meae,
2698 1228 3005 1297 mortalis

454 1315 629 1385 vitae
677 1316 890 1405 hujus
923 1315 1360 1385 imbecillitas
1405 1337 1553 1384 eam
1608 1315 1782 1383 ferre
1831 1314 2022 1384 nullo
2071 1315 2272 1384 modo
2325 1328 2574 1404 posset.
2643 1321 2798 1384 Post
2843 1338 3005 1385 eum

453 1409 684 1474 autem
715 1404 1053 1493 fulgorem
1090 1416 1320 1473 manet
1350 1404 1678 1493 splendor
1728 1403 2234 1483 intellectualis,
2272 1417 2337 1472 et
2377 1426 2538 1472 cum
2587 1403 2703 1472 illo
2744 1425 3003 1491 quaero

450 1515 636 1573 eum,
689 1515 895 1580 quem
949 1494 1199 1582 raptim
1249 1493 1552 1562 videram
1586 1548 1600 1572 ,
1661 1493 1778 1561 sed
1833 1515 1966 1562 non
2019 1494 2317 1561 invenio.
2357 1516 2391 1556 »
2445 1497 2681 1578 ltaque
2729 1493 3001 1563 dicebat

447 1582 687 1651 oculos
737 1582 982 1652 Christi
1034 1594 1170 1652 tam
1208 1581 1540 1650 ineffabili
1587 1604 1955 1653 coruscare
2003 1581 2390 1671 splendore,
2439 1595 2514 1650 ut
2563 1582 2622 1649 si
2672 1582 2999 1671 splendor

449 1669 565 1739 ille
615 1670 791 1740 Solis
843 1670 1095 1740 lumini
1138 1671 1660 1751 infunderetur,
1720 1671 1789 1739 in
1849 1670 2200 1740 infinitum
2251 1669 2557 1760 amplius
2608 1669 2724 1739 ille
2775 1671 3016 1742 Solem*

445 1758 865 1840 obscuraret,
892 1780 1104 1846 quam
1139 1759 1313 1828 Solis
1353 1758 1529 1827 radii
1563 1755 1920 1828 stella'rum
1948 1757 2183 1828 lumen
2216 1761 2562 1848 obtegant.
2607 1759 2992 1849 Religiosus

442 1847 729 1934 quidam
772 1847 1091 1916 sacerdos
1139 1849 1315 1918 scire
1363 1830 1711 1938 cupiebat}
1750 1846 1917 1935 quid
1956 1849 2089 1917 sibi
2139 1847 2392 1916 vellent
2436 1869 2517 1915 ea
2553 1849 2780 1924 verba,
2831 1853 2990 1917 Pul-

446 1938 736 2005 chrior-es
777 1948 932 2005 sunt
982 1940 1166 2005 oculi
1210 1941 1355 2027 ejus
1406 1939 1581 2006 vino.
1643 1938 1820 2006 Vidit
1878 1958 2040 2025 ergo
2091 1937 2161 2005 in
2211 1950 2449 2006 sancto
2498 1937 2711 2006 calice
2759 1937 2992 2005 divina

446 2026 773 2113 mysteria
808 2024 1188 2106 celebrans,
1247 2026 1493 2094 Christi
1547 2024 1819 2103 faciem,
1872 2026 2158 2114 ejusque
2207 2026 2444 2095 oculos
2498 2039 2681 2094 tanto
2730 2026 2994 2094 lumine

447 2114 813 2192 radiantes,
848 2128 926 2183 ut
973 2114 1315 2184 mundum
1350 2114 1751 2183 universum
1800 2116 2006 2182 etiam
2058 2115 2128 2182 in
2163 2114 2412 2183 mediis
2466 2115 2762 2183 tenebris
2790 2114 2994 2203 longe

444 2203 751 2282 uberiuS,
804 2225 1014 2291 quam
1063 2202 1163 2271 vel
1217 2202 1404 2271 mille
1445 2203 1631 2271 Soles
1665 2214 1943 2293 possent
1996 2203 2363 2272 illustrare.
2409 2210 2537 2272 Nec
2579 2202 2774 2272 facile
2804 2204 2996 2272 credi

452 2303 700 2380 posset,
757 2304 1181 2379 quantopere
1227 2291 1470 2361 arserit
1502 2291 1865 2381 Lutgardis
1896 2292 2241 2360 Christum
2296 2292 2571 2360 videndi
2619 2291 2991 2362 desiderio.

450 2381 757 2462 Quodam
794 2380 906 2449 die
934 2379 1256 2449 audiente
1306 2379 1591 2449 moniali
1641 2381 1800 2455 alia,
1853 2380 2197 2462 ejusmodi
2241 2403 2364 2450 vox
2404 2402 2613 2470 super
2646 2380 2837 2449 illam
2890 2382 3000 2449 in-

447 2469 721 2540 sonuit:
774 2471 1070 2539 Deliciae
1108 2492 1295 2540 meae
1334 2493 1470 2539 esse
1499 2494 1650 2539 cum
1678 2472 1844 2560 filiis
1876 2471 2219 2540 hominum
2249 2471 2474 2559 (Pr-ov.
2518 2493 2652 2549 vin,
2693 2469 2830 2559 31).

533 2561 570 2645 §
620 2563 776 2630 46.
831 2558 1041 2628 Paulo
1081 2559 1385 2649 amplius
1424 2581 1606 2628 anno
1640 2581 1781 2629 uno
1829 2572 1985 2627 ante
2035 2572 2322 2629 mortem
2372 2561 2523 2648 eJus
2563 2560 2885 2648 apparuit
2935 2560 2996 2629 ei

447 2647 801 2727 Dominus,
855 2647 1366 2747 gratulabundo
1414 2648 1610 2717 vultu
1650 2648 2038 2727 blandienS,
2093 2661 2158 2718 et
2204 2648 2469 2717 dicens:
2525 2672 2560 2713 «
2599 2654 2817 2717 Instat
2843 2648 2993 2737 jam

443 2735 606 2806 finis
656 2736 912 2807 laboris
947 2738 1070 2817 tui,
1112 2736 1270 2806 nolo
1297 2750 1359 2806 te
1392 2737 1658 2806 diutius
1689 2760 1731 2805 a
1763 2757 1869 2805 me
1909 2738 2239 2825 separari.
2279 2736 2434 2805 Tria
2483 2736 2834 2806 dumtaxat
2863 2736 2990 2804 hoc

441 2844 625 2893 anno
674 2848 714 2893 a
764 2838 825 2894 te
873 2837 1134 2915 expeto:
1170 2827 1421 2903 Primo,
1461 2838 1539 2895 ut
1569 2848 1736 2915 agas
1766 2827 2022 2916 gratias
2058 2848 2180 2915 pro
2229 2825 2584 2894 beneficiis
2605 2827 2753 2914 jam
2800 2846 2991 2894 acce-

444 2914 608 3003 ptis:
658 2925 722 2982 et
770 2915 853 2982 ad
900 2914 1027 2983 hoc
1077 2928 1269 3004 petas
1302 2915 1513 2984 suffra
1569 2915 1633 2983 ia
1686 2914 2067 2984 beatorum.
2125 2914 2401 2993 Deinde,
2459 2928 2533 2984 ut
2582 2938 2704 3004 pro
2756 2936 2994 3002 pecca-

442 3002 708 3071 toribus
763 3005 934 3073 meis
972 3014 1183 3073 totam
1235 3016 1298 3073 te
1329 3005 1512 3072 effun
1569 3025 1644 3071 as
1697 3003 1765 3070 in
1803 3003 2126 3103 precibus
2156 3003 2240 3071 ad
2280 3008 2569 3073 Patrem.
2620 3008 2988 3082 PostremO,

441 3103 517 3159 ut
564 3092 918 3180 pervenire
947 3091 1030 3160 ad
1083 3113 1192 3160 me
1225 3092 1486 3178 absque
1533 3091 1678 3161 ulla
1728 3091 1864 3160 alia
1899 3091 2363 3175 solicitudine,
2401 3091 2670 3161 ardenti
2722 3091 2992 3161 deside-

444 3179 545 3247 rio
593 3180 1113 3269 concupiscas.»
1169 3181 1483 3250 Proximo
1532 3193 1689 3249 ante
1721 3180 1987 3250 obitum
2037 3181 2187 3269 ejus
2219 3182 2545 3250 Paschate
2574 3182 2898 3271 apparuit
2927 3181 2993 3250 ei

443 3268 753 3338 Christus
782 3291 943 3337 cum
977 3270 1414 3338 sanctissima
1456 3275 1661 3337 Matre
1710 3291 1837 3339 sua
1874 3270 1940 3336 in
1991 3269 2387 3339 admirabili
2419 3270 2745 3339 claritate.
2789 3275 2995 3339 Cum-

447 3379 581 3443 que
634 3357 1018 3448 LutgardiS,
1058 3370 1135 3428 ut
1180 3356 1318 3427 fere
1359 3380 1651 3448 semper,
1682 3358 1766 3426 de
1820 3359 1989 3427 vitae
2024 3359 2403 3447 praesentis
2445 3359 2646 3428 exilio
2678 3372 2743 3428 et
2773 3373 2989 3429 aeter-

442 3467 570 3515 nae
630 3448 892 3536 patriae
939 3446 1281 3517 desiderio
1334 3446 1474 3517 illis
1524 3461 1957 3538 proponeret,
2015 3469 2150 3516 non
2202 3449 2350 3518 sine
2398 3449 2513 3548 pia
2559 3449 2995 3535 querimonia

440 3533 763 3604 dixerunt
809 3536 913 3604 ei:
971 3559 1007 3601 «
1055 3541 1196 3606 Non
1268 3547 1532 3624 oportet
1582 3549 1643 3605 te
1704 3536 2116 3607 charissima
2149 3593 2166 3618 ‚
2237 3538 2501 3606 diutius
2553 3538 2762 3624 hujus
2816 3537 2993 3607 vitae

440 3622 797 3695 laboribus
828 3624 1138 3716 fatigari:
1186 3637 1469 3715 paratur
1492 3626 1639 3714 jam
1675 3625 1798 3694 tibi
1829 3626 2514 3716 sempiternaefe'pacis
2557 3626 2991 3716 refrigerium

438 3712 524 3781 ad
573 3736 925 3795 coronam,
980 3735 1103 3783 nec
1153 3714 1476 3785 volumus
1508 3727 1626 3784 tua
1676 3715 2065 3803 praesentia
2114 3714 2406 3785 ulterius
2455 3738 2758 3784 carcre.»
2805 3715 2995 3783 Deci-

439 3803 798 3889 moquinto
829 3815 984 3872 ante
1016 3814 1302 3872 mortem
1351 3804 1501 3892 ejus
1535 3804 1646 3871 die
1695 3818 2172 3894 apparuerunt
2202 3806 2263 3873 ei
2306 3805 2704 3873 beatissima
2740 3804 2994 3872 Christi

438 3896 647 3959 Mater
683 3903 750 3960 et
797 3892 1279 3963 sanctissimus
1305 3897 1608 3961 Joannes
1664 3894 1991 3983 Baptista,
2045 3914 2252 3980 quem
2287 3892 2600 3983 impense
2638 3908 2704 3962 ct
2745 3893 2994 3981 singu—

438 3978 671 4048 lariter
699 3979 822 4049 dili
874 3982 1052 4062 ebat,
1106 3981 1564 4068 dixeruntque
1617 3981 1722 4049 ei:
1777 3983 2099 4051 Imminet
2138 3982 2283 4066 jam
2343 3982 2505 4051 finis
2554 3983 2730 4051 vitae
2783 3996 2984 4051 tuae:

438 4081 753 4158 superest
793 4070 842 4138 ti
896 4069 917 4138 i
955 4091 1209 4140 corona
1245 4071 1598 4159 justitiae:
1635 4071 1964 4141 nolumus
2004 4083 2065 4139 te
2093 4071 2206 4138 hic
2237 4091 2385 4139 esse
2412 4071 2699 4139 diutius:
2747 4091 2988 4139 omnes

439 4159 611 4227 coeli
661 4158 845 4228 cives
877 4172 940 4228 te
971 4169 1350 4250 expectant.
1405 4160 1532 4230 Alii
1570 4182 1845 4248 quoque
1889 4160 2114 4229 Sancti
2156 4157 2275 4227 illo
2301 4181 2485 4228 anno
2514 4169 2991 4248 apparuerunt

440 4245 503 4315 ei
537 4248 778 4318 crebro
826 4249 898 4316 in
921 4269 1175 4340 magna
1205 4249 1672 4331 multitudine,
1702 4249 2322 4340 praedixeruntque
2349 4248 2411 4316 ei
2438 4248 2706 4318 obitum
2740 4247 2986 4337 ipsius,

441 4337 877 4428 Apparebant
921 4338 984 4407 ei
1007 4338 1214 4409 etiam
1300 4340 1540 4411 uidam
1588 4338 1922 4430 speciales
1951 4337 2158 4407 amici
2205 4337 2380 4428 ejuS,
2433 4337 2553 4424 qui
2594 4338 2738 4424 jam
2769 4360 2806 4406 e
2845 4359 2994 4406 cor—

444 4448 607 4515 pore
654 4426 981 4512 exierant,
1017 4427 1254 4519 magni
1310 4451 1387 4499 ce
1426 4449 1497 4500 se
1523 4427 1764 4499 laetari
1795 4436 2196 4508 asserentes,
2223 4426 2409 4514 quod
2458 4426 2647 4497 brevi
2677 4424 2762 4496 ad
2798 4426 2986 4516 ipsos
