3357 4995
256 325 464 394 JUNII
516 329 587 391 Μ
1078 348 1154 394 m:
1202 348 1260 395 s.
1318 347 1607 395 BARNABA
1653 344 1971 394 Arosroto
2118 341 2123 344 ’
2586 331 2703 395 251

258 430 694 517 tranquillus,
750 430 974 500 fidelis
1023 443 1097 500 et
1136 432 1442 521 prudens
1489 431 1923 521 dispensator
1945 430 2065 517 qui
2100 429 2459 499 coelestem
2497 432 2564 499 in
2603 434 2803 503 terris

255 521 568 591 semitam
622 519 860 599 tenuit,
925 532 990 588 et
1030 543 1262 610 parem
1315 519 1580 609 angelis
1629 521 1833 588 vitam
1885 519 2102 588 duxit.
2157 519 2504 590 Barnabas
2553 522 2801 592 Christi

253 609 739 698 mysteriorum
793 609 1182 690 thesauruS‚
1219 609 1753 679 orthodoxorum
1806 620 2081 677 sanctae
2116 608 2229 675 Dei
2263 608 2602 678 Ecclesiae
2631 609 2804 701 dog-

257 710 519 766 matum
572 697 927 775 minister,
1000 700 1503 788 aegrotantium
1561 697 1904 775 medicuS,
1961 718 2167 765 sanos
2213 708 2278 764 et
2325 697 2627 767 valentes
2676 701 2803 767 ho-

254 787 500 864 mines,
580 785 778 854 firma
849 799 1172 874 certaque
1240 787 1456 855 animi
1514 785 1950 876 jucunditate
2011 783 2365 864 afficiens,
2435 785 2803 868 Christiani

253 875 443 965 gregi
503 893 736 944 custos
792 874 1390 963 vigilantissimuS,
1446 877 1514 942 in
1559 875 1758 945 terris
1808 894 2120 953 manens,
2174 886 2239 941 et
2287 873 2354 939 in
2409 874 2618 945 coelis
2666 877 2804 945 vita

253 978 458 1050 atque
492 963 920 1032 institutione
969 986 1282 1034 versans:
1335 965 1457 1050 qui
1505 964 1576 1031 in
1613 963 1874 1032 mundo
1925 961 2194 1051 pietatis
2243 962 2565 1052 dogmata
2616 964 2799 1034 clara

253 1067 314 1120 et
362 1053 498 1121 alta
533 1075 696 1121 voce
745 1053 1184 1141 praedicavit,
1238 1054 1401 1121 etin
1453 1051 1662 1122 coelis
1697 1052 2185 1140 sempiternam
2238 1073 2559 1120 coronam
2615 1076 2800 1121 recc-

257 1144 393 1231 pit:
447 1139 569 1226 qui
617 1141 748 1210 suit
787 1142 1096 1231 gentium
1146 1141 1311 1218 dux,
1354 1142 1438 1209 ad
1491 1147 1701 1210 Deum
1754 1163 1870 1208 eas
1921 1138 2328 1229 perducenS,
2364 1153 2429 1208 et
2463 1140 2799 1210 Ecclesia-

250 1253 403 1299 rum
445 1230 560 1297 Dei
596 1229 1033 1300 beatissimus
1076 1252 1342 1328 praece,
1371 1251 1662 1319 campus
1689 1229 1974 1316 quidam
2006 1227 2528 1299 beneolentibus
2556 1229 2801 1300 Christi

252 1319 544 1388 floribus
585 1317 1097 1396 refertissimus,
1139 1319 1386 1388 Christi
1421 1319 1800 1409 gratiarum
1834 1341 1869 1387 a
1923 1339 1996 1386 er
2023 1316 2493 1388 fertilissimus
2518 1319 2572 1384 ⁴³.
2608 1319 2797 1386 Idem

255 1409 584 1476 virtutum
641 1408 1121 1476 exercitatione
1169 1409 1506 1498 insignis,
1560 1419 1880 1496 contemp
1913 1405 2262 1476 ationibus
2309 1420 2375 1475 et
2439 1407 2797 1476 miraculis

256 1508 636 1584 praestans,
697 1497 1109 1584 virginitatis
1161 1496 1533 1587 margarita
1580 1496 1919 1583 quaedam
1987 1496 2302 1584 pretiosa,
2348 1508 2412 1564 et
2467 1498 2800 1564 castitatis

251 1584 556 1673 beryllus
619 1584 1062 1664 lectissimus,
1119 1586 1611 1676 temperantiae
1658 1607 1933 1674 gemma
1983 1584 2381 1674 purissima,
2456 1585 2798 1653 Christum

253 1675 318 1741 in
373 1696 447 1743 se
502 1673 892 1759 loquentem
956 1675 1240 1753 habenS‚
1294 1675 1586 1743 electum
1641 1674 1755 1742 Dei
1799 1696 1935 1750 vas,
1989 1673 2110 1759 qui
2162 1672 2505 1742 mundum
2555 1673 2801 1740 dereli-

254 1764 425 1848 quit,
479 1776 543 1831 et
590 1763 822 1831 omnia
870 1784 1045 1848 quae
1099 1764 1162 1831 in
1199 1763 1316 1831 illo
1368 1776 1549 1843 sunt,
1605 1762 2021 1849 quisquilias
2068 1761 2404 1848 quasdam
2457 1762 2672 1840 duxit,
2726 1776 2802 1830 ut

251 1852 604 1940 Christum
649 1863 912 1920 tantum
969 1851 1399 1921 lucrifaceret
1450 1852 1842 1921 seculorum
1881 1856 2217 1950 Regem...

339 1943 374 2026 ξ
423 1944 514 2010 3.
573 1938 846 2010 Defessa
893 1954 993 2008 est
1042 1942 1258 2010 oratio
1295 1956 1548 2018 nostra,
1609 1941 1773 2009 dum
1827 1937 2334 2015 admirabilem,
2380 1939 2693 2028 divinum
2737 1953 2801 2006 et

252 2029 761 2117 optatissimum
815 2030 1206 2118 Apostolum
1245 2032 1626 2100 Barnabam
1672 2029 2000 2098 laudibus
2026 2026 2343 2097 extollere
2383 2029 2573 2117 cupit
2599 2043 2802 2112 atque

249 2116 623 2194 contendit,
679 2118 1001 2204 quodque
1052 2119 1308 2187 mirum
1357 2132 1482 2196 est,
1538 2118 1848 2187 nondum
1902 2117 1987 2186 ad
2038 2116 2395 2185 exordium
2462 2117 2789 2206 pervenit.

255 2208 478 2295 Hujus
518 2205 703 2273 enim
738 2206 1170 2276 admirabilis
1221 2208 1344 2275 viri
1401 2208 1637 2277 laudes
1672 2209 1965 2307 ma‚jores
1994 2217 2175 2283 sunt,
2216 2227 2419 2291 quam
2460 2218 2533 2274 ut
2569 2219 2796 2273 nostra

257 2295 470 2363 oratio
520 2295 676 2363 illas
725 2296 1058 2385 attingere
1101 2298 1337 2384 possit.
1408 2302 1653 2365 Earum
1711 2297 1921 2385 igitur
1972 2294 2468 2371 tractationem,
2524 2308 2598 2362 ut
2646 2316 2799 2361 ora-

258 2384 563 2452 tionibus
606 2385 857 2452 nostris
902 2385 1259 2473 majorem,
1295 2386 1705 2465 omittentes,
1742 2406 1959 2474 pauca
1995 2382 2333 2469 quaedam
2370 2382 2453 2449 de
2483 2383 2633 2468 ejus
2662 2383 2797 2449 vita

255 2487 316 2541 et
365 2472 698 2561 martyrio
758 2472 843 2542 ab
894 2486 1172 2543 auctore
1234 2476 1649 2544 Str‘omatum
1702 2474 2082 2553 Clemente,
2137 2471 2572 2557 aliorumque
2623 2485 2800 2537 vete-

255 2584 407 2630 rum
453 2562 816 2630 hominum
871 2564 1170 2651 scriptis,
1228 2564 1508 2651 repetita
1575 2564 1789 2642 vobis,
1846 2560 2216 2630 venerandi
2257 2560 2628 2633 auditores,
2689 2583 2799 2627 ex-

257 2673 530 2740 ponam,
586 2664 650 2719 et
699 2644 792 2719 ita
847 2652 1226 2720 narrationi
1278 2652 1438 2720 huic
1496 2651 1708 2720 finem
1761 2653 2223 2739 imponemus,
2279 2648 2533 2716 divinis
2585 2648 2797 2716 literis

253 2739 726 2817 concedentes,
780 2752 857 2809 ut
890 2740 1101 2829 hujus
1152 2741 1276 2808 viri
1328 2762 1600 2829 semper
1633 2739 1975 2808 decantati
2024 2751 2089 2806 et
2135 2736 2801 2825 celeberrimicaput

252 2827 623 2917 magnifico
673 2808 790 2896 ill‘o
844 2830 1206 2917 praeconio
1255 2841 1623 2898 coronent:
1671 2834 1835 2897 Erat
1896 2829 2241 2896 Barnabas
2299 2829 2403 2893 vir
2452 2828 2677 2901 bonus,
2741 2837 2799 2892 ct

249 2920 487 3003 plenus
519 2919 781 3006 Spiritu
811 2920 1052 2986 Sancto
1107 2930 1168 2987 et
1220 2920 1350 3006 fide
1378 2918 1551 3007 (Act.
1607 2918 1725 3005 xi).
1787 2917 1962 2997 Quid
2016 2916 2177 2984 huic
2230 2914 2593 3003 praeconio
2646 2936 2793 3003 par,

255 3018 371 3073 aut
419 3027 729 3092 unquam
781 3005 908 3076 fuit
950 3006 1221 3075 simile?

340 3098 375 3179 ξ
424 3099 509 3165 4.
565 3098 802 3162 Ortum
839 3094 1033 3163 duxit
1069 3095 1510 3165 beatissimus
1544 3095 1655 3162 hic
1691 3093 1794 3161 vir
1826 3093 1909 3159 de
1952 3092 2425 3162 laudatissima
2464 3091 2581 3159 illa
2615 3091 2799 3159 tribu

261 3182 430 3261 Levi,
472 3204 550 3251 ex
582 3205 717 3269 qua
769 3188 983 3254 Moses
1030 3196 1096 3252 et
1128 3189 1369 3264 Aaron,
1427 3184 1661 3273 magni
1712 3181 1813 3249 illi
1868 3182 1979 3251 Dei
2032 3181 2402 3272 prophetae
2443 3193 2508 3248 et
2550 3179 2796 3336 populi

256 3272 620 3426 optimates
668 3284 894 3340 ortum
958 3272 1234 3353 duxere,
1294 3274 1496 3362 cujus
1544 3271 1976 3362 cognationis
2038 3272 2243 3339 etiam
2297 3275 2544 3338 Samue
2643 3290 2797 3356 pro-

259 3382 298 3447 p
353 3374 456 3427 eta
492 3360 836 3450 particeps
885 3361 1035 3428 fuit.
1094 3364 1255 3451 Ejus
1304 3376 1530 3430 autem
1582 3361 1817 3451 proavi
1865 3360 2205 3429 bellorum
2240 3362 2452 3428 causa
2500 3377 2659 3425 cum
2710 3356 2791 3423 ad

257 3450 659 3536 Cypriorum
713 3449 1060 3538 regionem
1105 3451 1609 3539 migravissent‚
1650 3471 1870 3536 aequo
1919 3450 2152 3517 animo
2188 3447 2328 3515 illic
2362 3445 2792 3513 habitabant.

255 3541 459 3604 Erant
525 3549 756 3605 autem
807 3538 932 3605 viri
1001 3539 1378 3608 admodum
1439 3539 1767 3628 religiosi,
1826 3539 1938 3607 Dei
1988 3536 2205 3693 legem
2260 3546 2663 3613 reverenteS,
2736 3548 2801 3601 et

253 3625 445 3693 valde
476 3624 757 3711 divites:
803 3627 1253 3712 quamobrem
1297 3641 1360 3695 et
1385 3626 1853 3717 ‘ierosolymis
1901 3625 2059 3695 facu
2093 3636 2259 3695 tates
2297 3623 2549 3692 multas
2582 3624 2801 3712 possi-

253 3713 527 3793 debant,
574 3726 928 3803 et·agru1n
969 3737 1180 3806 prope
1230 3717 1471 3785 urbem
1519 3716 1713 3785 illam
1749 3715 2325 3805 pulcherrimum,
2383 3734 2517 3781 non
2573 3710 2796 3808 solum

251 3803 562 3870 omnium
597 3825 929 3893 generum
983 3804 1356 3873 fructuosis
1405 3805 1772 3874 arboribus
1821 3805 2225 3894 elegantem,
2284 3801 2401 3871 sed
2453 3800 2801 3868 aedificio-

254 3912 400 3959 rum
451 3891 930 3980 magnitudine
982 3893 1178 3961 valde
1238 3892 1602 3964 illustrem.
1659 3899 1751 3963 Ex
1800 3915 1936 3979 quo
2001 3894 2183 3961 enim
2239 3903 2541 3979 tempore
2594 3888 2804 3956 isaias

251 3980 583 4134 propheta
617 3983 710 4050 ita
749 3980 1024 4068 reliquit
1074 3983 1409 4071 scriptum
1444 4008 1457 4049 :
1508 3988 1776 4062 Beatus,
1829 3982 1949 4068 qui
1987 3981 2193 4051 habet
2224 4001 2454 4050 semen
2508 3978 2577 4045 in
2618 3978 2801 4055 Sion,

250 4081 312 4135 et
404 4091 639 4137 omum
699 4070 766 4137 in
815 4071 1242 4140 Jerusalem:
1301 4072 1479 4141 hanc
1526 4072 1677 4161 ejus
1714 4071 2146 4160 prophetiam
2182 4070 2648 4138 Hebraeorum
2684 4065 2806 4133 tilii

250 4179 578 4247 corporeo
627 4179 840 4229 sensu
892 4160 1561 4248 interpretabantur,
1636 4173 1702 4229 et
1775 4159 2165 4229 ditissimus
2238 4157 2532 4244 quisque
2602 4154 2810 4223 dabat

307 4352 322 4372 “-
358 4353 668 4399 synonymiae
702 4353 841 4393 nimis
869 4351 1145 4401 frequentis,
1173 4358 1220 4394 et
1250 4353 1399 4394 otiose
1429 4356 1477 4394 in
1507 4355 1701 4395 laudum
1728 4353 1943 4404 congerie
1974 4357 2244 4405 productae,
2284 4355 2438 4395 taedio
2469 4355 2693 4393 lectorem
2724 4352 2806 4390 ali·

250 4408 536 4451 quantulum
568 4407 726 4446 levare
755 4408 1038 4446 curavimus·
1068 4408 1317 4448 Caeterum
1348 4408 1465 4449 hanc
1486 4409 1747 4453 historiam,
1768 4410 1936 4449 merito
1958 4411 2014 4455 (si
2034 4419 2183 4457 pauca
2204 4406 2444 4458 excludas)
2469 4404 2699 4447 Batonius
2718 4406 2806 4443 sub

250 4466 373 4499 anno
398 4462 490 4503 455,
513 4462 630 4499 onun'
649 4462 886 4509 acceptione
904 4460 1204 4510 ‹h'yniosfnmm
1225 4461 1351 4502 dicit.
