3357 4995
241 320 458 386 JUNII
510 321 595 384 to
967 340 1044 386 na
1092 340 1146 386 s.
1202 339 1486 388 irAnnmo
1535 339 1678 389 ΑΒΒ.
1734 342 1808 388 m·
1856 342 2045 390 MART.
2570 327 2698 391 237

240 444 523 515 corpore
555 437 742 493 extra
775 444 1008 493 muros
1037 424 1231 493 urbis
1258 424 1642 495 secundum
1681 424 2100 496 desiderium
2139 426 2366 496 cordis
2401 429 2509 498 sui
2552 451 2789 497 recon-

240 510 426 583 ditus
478 515 546 581 in
583 512 946 583 oratoriolo
995 525 1388 582 sanctorum
1451 513 1885 584 Pantaleonis
1918 570 1933 590 ,
1995 519 2273 585 Cosmae
2328 527 2393 585 et
2443 518 2779 597 Damiani,

240 598 468 671 locum
520 623 724 688 quem
776 602 1011 670 vivens
1056 601 1309 682 coluit,
1369 614 1681 671 mortuus
1733 604 2041 672 ornabat.
2086 608 2239 673 Erat
2288 617 2517 674 autem
2567 620 2788 675 orato-

235 691 486 760 riolum
543 712 662 779 pro
706 703 933 758 tenera
983 690 1288 761 novellae
1336 691 1871 760 conversationis
1914 691 2203 761 infantia
2262 705 2663 783 angustum,
2724 709 2787 763 et

238 781 513 869 magnis
591 780 851 848 meritis
930 780 1161 869 magni
1235 779 1577 849 Praesulis
1629 781 1874 870 impar.
1932 782 2093 850 Ruit
2153 803 2315 872 ergo
2385 782 2529 852 solo
2583 796 2787 853 tenus

238 869 555 958 piissimo
603 868 876 936 divinae
924 869 1262 967 potentiae
1296 868 1540 937 effectu
1572 869 1721 936 sine
1771 870 2306 940 inhabitantium
2351 870 2780 950 discrimine,

241 958 387 1026 sine
438 956 798 1026 familiaris
852 977 943 1025 rei
993 956 1270 1037 damn0,
1317 969 1383 1025 et
1429 958 1538 1025 sui
1599 958 1800 1026 ruina
1850 959 2280 1028 occasionem
2331 959 2639 1030 editioris
2687 960 2790 1028 fa-

239 1047 470 1115 bricae
519 1046 859 1136 praebuit.
905 1044 1079 1113 Coeli
1132 1066 1406 1132 quoque
1455 1046 1849 1136 inopinatas
1896 1046 2233 1116 dederunt
2281 1049 2515 1138 copias
2550 1104 2565 1126 ‚
2635 1072 2787 1138 pro-

240 1146 525 1205 venturo
574 1136 758 1225 operi
804 1134 1202 1203 thesaurum
1255 1134 1768 1215 inexhaustum,
1808 1157 2154 1224 gemmam
2205 1136 2613 1206 diadematis
2660 1143 2783 1206 Do-

242 1225 435 1304 mini,
475 1244 713 1293 curam
764 1224 871 1292 sui
904 1235 968 1291 et
1016 1222 1318 1312 Angelici
1366 1222 1628 1313 populi.
1686 1228 1850 1292 Nam
1899 1224 2065 1310 quia
2114 1246 2246 1294 non
2304 1226 2521 1315 potuit
2579 1225 2787 1295 latere

240 1315 367 1382 sub
401 1312 632 1381 modio
676 1311 955 1381 lucerna
989 1311 1239 1380 ardens
1287 1333 1517 1379 coram
1585 1312 1894 1393 Domino,
1948 1312 2116 1381 dum
2172 1313 2487 1403 ponendo
2537 1313 2785 1384 funda-

243 1413 470 1471 mento
507 1413 682 1470 terra
745 1400 1088 1472 effoditur.
1146 1398 1439 1478 loculUS‚
1497 1402 1790 1469 Maurini
1834 1403 2155 1490 martyris
2220 1403 2607 1483 invenitur,
2667 1405 2787 1491 qui

241 1493 541 1559 Brunoni
598 1511 878 1558 manum
931 1488 1290 1569 conferret,
1326 1490 1500 1557 etin
1549 1488 1760 1559 altero
1813 1489 2017 1558 latere
2066 1491 2460 1561 Pantaleoni
2512 1506 2783 1561 astaret.

246 1578 640 1648 Folcmarus
688 1600 849 1668 ergo
882 1578 1137 1667 dignus
1190 1578 1530 1646 Brunonis
1564 1579 1632 1645 in
1670 1578 2051 1666 sacerdotio
2090 1601 2470 1659 successor,
2509 1595 2788 1650 vocatus

241 1667 458 1736 adfuit
491 1667 803 1737 coelestis
844 1665 1007 1735 doni
1059 1666 1335 1743 arbiter,
1388 1678 1452 1734 et
1499 1666 1897 1736 coelestium
1950 1669 2393 1754 exequiarum
2449 1670 2784 1741 minister.

239 1760 319 1824 Ac
358 1757 582 1844 primo
636 1754 1025 1846 pervidetur
1074 1754 1250 1843 lapis
1285 1754 1593 1825 loculum
1643 1755 2000 1834 claudenS,
2034 1757 2413 1858 inscriptus
2463 1760 2789 1848 martyris

243 1845 547 1925 nomine,
601 1856 665 1912 et
713 1842 960 1923 officio,
1015 1855 1077 1910 et
1119 1843 1429 1932 martyrii
1470 1844 1620 1932 ejus
1691 1844 1801 1913 die
1854 1856 1918 1912 et
1969 1845 2137 1913 loco:
2194 1850 2316 1915 Hic
2351 1847 2792 1933 requiescunt

242 1954 394 2001 ossa
427 1933 648 2002 bonae
683 1933 1054 2001 memoriae
1087 1932 1379 2000 Maurini
1421 1932 1718 2012 Abbatis,
1759 1933 1876 2019 qui
1917 1934 1983 2001 in
2026 1935 2200 2003 atrio
2250 1935 2577 2004 ecclesiae
2615 1959 2792 2005 mar·

242 2022 497 2110 tyrium
532 2021 809 2112 pertulit
860 2022 989 2089 sub
1038 2019 1148 2088 die
1197 2033 1438 2108 quarto
1474 2021 1639 2089 Idus
1687 2022 1895 2089 lunii.

327 2112 362 2195 ξ
410 2116 495 2182 ὅ.
537 2113 770 2179 Amoto
821 2109 1072 2199 lapide,
1114 2109 1338 2199 lignea
1381 2109 1559 2178 ferro
1606 2111 1870 2178 evincta
1916 2111 2262 2180 invenitur
2295 2111 2555 2192 arcula,
2610 2114 2792 2182 carie

245 2198 560 2268 indicans
614 2199 877 2288 priscae
929 2197 1269 2285 passionis
1320 2210 1649 2287 tempora.
1706 2204 1864 2267 Tota
1914 2201 2243 2269 omnibus
2292 2202 2504 2290 portis
2553 2202 2792 2270 civitas

240 2287 320 2355 ad
375 2286 846 2375 spectaculum
901 2286 1069 2355 illud
1124 2287 1514 2376 angelicum
1578 2308 1711 2354 non
1764 2300 1984 2377 potest
2031 2288 2165 2357 dici
2230 2311 2437 2375 quam
2492 2290 2605 2378 pio
2658 2292 2792 2359 ruit

244 2375 490 2444 affectu
528 2375 811 2445 :Clerus
860 2387 922 2443 et
971 2374 1602 2444 sanctimonialium
1654 2398 1726 2443 se
1775 2376 1962 2445 dedit
2008 2376 2285 2452 chorus.
2343 2383 2627 2446 Sanctae
2663 2401 2787 2447 au-

249 2476 378 2532 tem
436 2465 806 2535 memoriae
855 2464 1159 2545 antistes,
1214 2485 1374 2533 curn
1428 2464 1839 2533 reverentiae
1900 2464 2228 2553 obsequia
2291 2478 2354 2534 et
2401 2468 2790 2536 orationum

241 2554 692 2643 praelibasset
740 2554 1097 2632 solemnia,
1156 2575 1275 2642 spe
1323 2565 1387 2621 et
1427 2565 1662 2622 sancto
1713 2554 1960 2642 plenus
2008 2555 2250 2641 timore
2285 2554 2610 2642 reliquias
2657 2558 2791 2623 vir-

245 2653 466 2711 tutum
539 2655 603 2711 et
652 2642 954 2711 medelae
1004 2642 1182 2711 scias
1237 2642 1522 2721 detexit,
1577 2655 1640 2710 et
1689 2656 1960 2711 ostenso
2013 2644 2076 2711 in
2131 2644 2328 2711 terris
2377 2644 2789 2733 Angelorum

243 2730 408 2810 cive,
453 2730 787 2820 populum
839 2732 954 2799 Dei
1035 2729 1242 2799 audio
1292 2744 1355 2799 et
1381 2730 1614 2821 gaudii
1658 2730 1987 2819 lacrymis
2026 2732 2315 2800 satiavit.
2356 2736 2792 2801 Renovantur

242 2820 526 2905 antiqua
576 2820 934 2899 miracula,
1052 2823 1321 2888 auritur
1369 2819 1559 2898 odor,
1606 2841 1742 2905 quo
1794 2819 2043 2888 electos
2093 2841 2255 2889 suos
2316 2821 2645 2888 Dominus
2695 2835 2788 2890 te-

245 2920 484 2977 statur.
538 2912 820 2977 Putares
870 2907 1198 2977 balsamis
1247 2907 1636 2977 veneranda
1698 2930 1852 2979 ossa
1910 2909 2146 2978 fluere.
2210 2909 2520 2978 Vincitur
2566 2931 2791 2978 sermo

245 2995 615 3065 miraculo:
663 2996 896 3065 minus
943 3008 1040 3065 est
1089 3017 1292 3065 omne
1331 2996 1511 3083 quod
1565 2996 1760 3065 dico:
1818 2996 1932 3065 sed
1998 2997 2159 3085 quia
2215 2997 2547 3066 hodierna
2587 2998 2792 3088 agitis

241 3084 519 3172 gaudia,
564 3085 630 3151 in
684 3097 1034 3153 aeternum
1087 3084 1326 3154 eadem
1355 3107 1472 3154 vos
1523 3085 1758 3154 satiari
1802 3086 2155 3176 contingat
2196 3085 2595 3176 fragrantia.
2634 3093 2790 3157 Jam

239 3194 396 3241 vero
428 3173 606 3259 quis,
641 3194 771 3240 non
825 3172 1050 3241 dicam
1101 3173 1433 3262 expediet,
1475 3173 1590 3241 sed
1642 3174 1852 3263 digne
1917 3175 2202 3244 miretur
2269 3176 2576 3264 ipsorum
2634 3177 2791 3266 pul-

239 3261 474 3329 chram
533 3260 821 3351 gloriam
873 3262 1188 3330 ossium?
1237 3262 1529 3332 Pulchro
1587 3284 1887 3350 namque
1962 3264 2270 3353 corporis
2339 3264 2785 3346 indumentO,

239 3362 498 3506 guanta
534 3350 620 3418 sit
655 3350 942 3449 spiritus
985 3347 1427 3438 pulchritudo
1483 3362 1548 3418 et
1607 3351 1970 3432 munditia,
2025 3364 2454 3442 compertum
2488 3366 2630 3433 est.
2688 3355 2793 3421 Vi-

287 3460 435 3507 eres
469 3438 751 3507 brachia
787 3444 946 3507 nota
982 3438 1144 3506 ferri
1195 3440 1404 3508 inseri
1460 3452 1547 3517 ta,
1581 3439 1846 3509 videres
1872 3462 2029 3509 ossa
2064 3441 2409 3530 passionis
2451 3442 2793 3531 grandine

1411 3461 1633 3596 litaris
1660 3530 1877 3597 animi
1926 3550 2241 3599 cerneres
2290 3530 2512 3620 signa.
2555 3531 2788 3599 velent

239 3614 500 3691 ducum
561 3627 681 3684 aut
730 3637 971 3705 regum
1021 3615 1350 3684 cadavera
1411 3616 1660 3705 byssus
1712 3617 1900 3697 litiis,
1971 3633 2090 3688 aut
2153 3640 2467 3707 purpura
2507 3631 2792 3688 conten-

238 3703 413 3772 dens
457 3703 675 3782 violis,
730 3716 848 3773 aut
885 3704 1127 3772 detorti
1165 3704 1471 3793 pondera
1509 3705 1661 3774 auri
1694 3706 1747 3773 ⁴¹.
1805 3706 1983 3787 Quid
2034 3721 2197 3778 sunt
2230 3719 2457 3777 autem
2496 3707 2662 3776 haec
2704 3708 2789 3777 ad

237 3792 535 3861 Maurini
582 3792 829 3861 collata
872 3792 1213 3883 gloriam?
1249 3798 1502 3881 Byssus
1550 3805 1614 3861 et
1650 3816 1983 3883 purpura,
2042 3797 2377 3865 vermium
2427 3809 2528 3866 est
2585 3817 2785 3865 esca:

233 3880 532 3948 Maurini
573 3880 929 3951 cicatrices
975 3894 1040 3950 et
1075 3881 1358 3949 vulnera
1419 3894 1583 3951 sunt
1632 3882 2170 3953 immortalitatis
2218 3885 2437 3973 signa.
2829 3950 2834 3957 .

330 3971 369 4055 ξ
418 3973 512 4039 θ.
567 3969 693 4037 Hic
721 3970 1059 4056 quaedam
1112 3969 1496 4059 Reginildis
1547 3972 1829 4040 nomine
1868 3972 2413 4043 sanctimonialis
2464 3972 2784 4053 foemina,

238 4079 397 4126 cum
449 4058 661 4126 Maria
711 4058 1112 4147 Magdalena
1163 4060 1388 4159 prima
1443 4059 1527 4127 ad
1581 4060 2029 4149 sepulchrum
2094 4074 2382 4150 reperta,
2450 4062 2787 4130 viventem

239 4146 563 4234 spiritum
599 4146 669 4213 in
723 4148 1013 4216 mortuis
1053 4147 1328 4218 osstbus
1361 4148 1621 4217 invenit
1668 4161 1734 4216 et
1768 4150 2142 4218 nunciavit.
2206 4154 2381 4218 Haec
2433 4150 2501 4217 in
2547 4173 2789 4219 mona-

239 4234 445 4302 sterio
493 4234 906 4305 ancillarum
958 4236 1203 4305 Christi
1253 4247 1440 4305 extra
1469 4237 1664 4306 urbis
1707 4259 1942 4307 muros
1977 4239 2128 4318 sim,
2178 4240 2420 4307 merito
2468 4250 2534 4306 et
2565 4238 2792 4307 officio

242 4334 424 4401 nota,
477 4321 747 4393 diutino
802 4324 1048 4413 capitis
1119 4325 1558 4394 incommodo
1606 4324 1887 4395 auditus
1939 4348 2224 4397 munere
2284 4338 2549 4397 cassata
2629 4341 2779 4405 est,

292 4442 318 4468 ¹·
348 4440 570 4494 intellige
588 4452 797 4493 pannum
817 4454 931 4487 auro
953 4447 1144 4488 textum.

239 3547 515 3612 quassa,
564 3539 628 3596 et
678 3528 745 3595 in
800 3539 933 3596 toto
980 3548 1262 3615 corpore
1315 3528 1407 3595 mi
