3357 4995
764 327 883 392 ‘¹64
1466 344 1542 388 1)ss
1590 344 1643 389 s.
1699 341 2063 390 Nonrssssnro
2113 342 2405 390 EPISCOPO
2902 327 3115 391 JUMI
3158 328 3192 390 6

672 429 939 498 clericis
988 430 1137 516 ejus
1177 439 1491 496 stantem.
1556 432 1753 497 Hunc
1807 429 2016 517 igitur
2055 428 2406 498 submissa
2449 450 2606 497 voce
2655 430 2938 519 rogavit,
2973 441 3048 499 ut
3100 430 3194 497 in-

673 517 1055 587 troduceret
1103 516 1331 615 ipsum
1382 515 1467 584 ad
1520 516 1960 616 Episcopum.
2016 522 2171 585 Erat
2217 517 2403 585 enim
2459 517 2619 606 gelu
2667 539 2877 607 super
2927 532 3188 599 terram,

671 619 734 675 et
781 608 928 696 ipse
978 604 1183 673 nudis
1235 603 1524 693 pedibus
1575 605 1922 673 lncedenS.
1973 610 2335 695 Ingressus
2382 606 2399 673 i
2452 606 2591 675 itur
2634 605 3023 694 praedictus
3069 605 3196 675 cle-

674 695 884 774 ricus,
938 694 1342 779 locutusque
1382 693 1466 761 ad
1509 694 1950 783 Episcopum,
2007 629 2804 764 introduxitbliominem.
2860 696 2990 776 Qui
3039 716 3195 784 pau-

675 782 894 851 lulum
934 784 1108 852 inter
1156 803 1226 850 se
1260 781 1750 868 colloquentes,
1795 795 2337 872 recognoverunt
2364 804 2433 851 se
2481 785 2834 864 continuo,
2877 804 3199 851 memores

673 872 1001 970 pristinae
1050 870 1559 939 familiaritatis.
1644 876 1691 939 E
1748 872 2024 960 iscopus
2080 885 2306 941 autem
2358 871 2635 940 intuens
2701 872 3093 950 hominem,
3143 883 3200 938 et

674 974 853 1029 intra
887 982 958 1029 se
992 959 1588 1029 vehementissime
1635 982 1672 1027 a
1733 960 1992 1031 mirans
2022 983 2100 1029 ac
2142 973 2449 1049 stupen3‚
2504 958 3036 1048 collacrymatus
3080 973 3193 1038 est,

675 1071 809 1118 non
860 1050 1044 1117 enim
1116 1059 1375 1136 poterat
1423 1070 1493 1116 se
1540 1049 1912 1118 continere.
1991 1055 2342 1117 Commota
2393 1050 2652 1138 quippe
2723 1063 2887 1118 sunt
2958 1050 3200 1118 viscera

675 1138 825 1294 e{us
874 1159 1084 1226 super
1130 1158 1313 1204 eum.
1364 1142 1439 1205 Et
1487 1137 1759 1205 irruens
1819 1138 1885 1204 in
1946 1137 2202 1207 collum
2269 1138 2443 1226 ejus,
2496 1159 2574 1206 ac
2640 1138 2751 1226 pio
2794 1138 3052 1226 ejulatu
3096 1158 3197 1204 ex·

674 1249 710 1295 c
743 1248 1008 1304 amans,
1063 1247 1222 1292 cum
1258 1225 1558 1313 suspirio
1592 1225 1805 1294 dixit:
1867 1251 1891 1288 α
1931 1231 1981 1294 O
2023 1225 2392 1306 Nortberte,
2448 1228 2834 1295 Nortberte:
2882 1227 3035 1314 quis
3082 1247 3197 1294 un—

673 1337 881 1402 quam
933 1314 1093 1382 talia
1126 1313 1210 1381 de
1259 1327 1319 1382 te
1374 1314 1677 1383 crederet
1725 1328 1842 1382 aut
1888 1315 2269 1404 cogitaret?
2305 1339 2339 1379 »
2393 1319 2591 1384 Stans
2629 1337 2783 1383 vero
2826 1315 3198 1404 praedictus

675 1403 968 1473 clericus
1030 1403 1148 1488 qui
1190 1425 1348 1471 eum
1386 1403 1876 1480 introduxerat,
1930 1419 1995 1472 et
2043 1404 2360 1471 affectum
2418 1405 2733 1493 Episcopi
2781 1403 3017 1473 videns
3050 1424 3196 1490 erga

678 1493 1056 1569 hominem,
1113 1491 1397 1558 minime
1437 1497 1661 1559 tamen
1717 1513 2064 1561 sermones
2105 1514 2340 1560 eorum
2378 1491 2771 1582 intelligens
2831 1494 2988 1579 quia
3040 1497 3196 1559 Teu-

678 1581 900 1649 tonice
948 1579 1441 1666 loquebantur,
1498 1602 1945 1669 praesumens
2001 1581 2308 1659 accessit,
2364 1592 2429 1647 et
2494 1582 2956 1671 interrogavit,
3012 1578 3196 1667 quid-

678 1691 836 1737 nam
891 1669 1018 1750 hoc
1050 1680 1245 1736 esset.
1304 1669 1538 1737 Statim
1594 1669 1996 1758 Episcopus.
2036 1693 2071 1734 «
2111 1674 2237 1740 Iste
2304 1691 2508 1754 quem
2561 1670 2672 1737 sic'
2695 1669 2908 1750 vides,
2961 1668 3189 1755 inquit,

678 1759 748 1826 in
786 1757 945 1826 aula
988 1757 1169 1846 regis
1223 1769 1488 1825 mecum
1550 1759 1802 1846 pariter
1836 1757 2137 1828 nutritus
2196 1771 2318 1834 est,
2376 1757 2579 1825 bomo
2635 1759 2890 1830 nobilis
2935 1771 2998 1827 et
3043 1755 3197 1825 deli-

678 1847 805 1916 ciis
853 1845 1163 1924 affluenS,
1219 1847 1558 1914 intantum
1605 1859 1676 1914 ut
1724 1845 2193 1936 episcopatum
2233 1868 2488 1925 meum,
2542 1868 2699 1915 cum
2744 1849 2808 1915 ei
2839 1848 3191 1920 offerretur,

679 1946 1053 2024 respueret.
1092 1956 1127 1997 »
1178 1934 1474 2004 Audiens
1506 1935 1671 2003 baec
1706 1933 2021 2012 clericuS,
2085 1933 2409 2022 lacrymis
2458 1935 2684 2004 statim
2723 1935 3037 2025 perfusus
3081 1945 3191 2010 est,

681 2037 824 2092 tum
858 2024 1021 2109 quia
1070 2021 1432 2091 dominum
1484 2046 1689 2091 suum
1745 2024 2014 2091 flentem
2053 2023 2342 2100 videbat,
2388 2036 2529 2091 tum
2564 2025 2729 2109 quia
2769 2047 2960 2093 mens
2984 2036 3097 2092 ets
3149 2021 3195 2087 i-

680 2112 853 2180 ritus
894 2111 1050 2201 *ejus
1087 2110 1153 2177 in
1205 2132 1505 2179 amorem
1561 2112 1728 2180 tanti
1794 2111 2095 2180 hominis
2124 2112 2454 2179 charitate
2491 2112 2826 2183 melliflua
2877 2111 3084 2182 redun
3133 2131 3194 2175 a·

681 2200 817 2270 bat.
876 2205 1030 2267 Erat
1076 2199 1279 2267 etiam
1323 2201 1469 2288 ipse
1522 2200 1871 2288 praeditus
1922 2199 2264 2269 voluntate
2300 2199 2733 2285 relinquendi
2788 2202 3110 2278 seculum,
3141 2209 3194 2263 et

681 2286 1490 2378 hujuscemodi-vivendi
1529 2288 1834 2368 modum,
1888 2311 2089 2373 quem
2143 2289 2213 2356 in
2267 2288 2545 2356 homine
2587 2289 2702 2358 illo
2751 2290 3083 2368 cernebat,
3134 2285 3191 2351 in

681 2376 886 2447 corde
935 2398 1059 2446 suo
1098 2376 1359 2463 jamdiu
1407 2390 1832 2466 conceperat,
1887 2399 2183 2463 eumque
2235 2377 2448 2445 nimia
2497 2399 2653 2446 cum
2707 2378 3056 2448 devotione
3093 2394 3194 2464 per

678 2466 825 2537 dies
874 2449 1185 2555 singulos
1231 2465 1562 2551 consequi
1598 2465 1898 2555 optabat.

768 2560 805 2642 ξ
853 2560 1001 2626 1².
1058 2559 1211 2623 Post
1252 2554 1416 2622 baec
1454 2556 1553 2622 vir
1588 2556 1701 2624 Dei
1737 2555 1927 2644 gravi
1979 2555 2374 2623 infirmitate
2414 2556 2810 2646 corripitur.
2845 2556 3191 2646 Episcopus

680 2658 909 2713 autem
964 2641 1547 2734 praestolabatur,
1618 2666 1823 2729 quem
1875 2645 2129 2712 exitum
2185 2644 2554 2713 infirmitas
2600 2666 2779 2731 quae
2828 2643 3184 2714 acciderat,

682 2733 986 2811 haberet,
1038 2743 1103 2799 et
1161 2710 1568 2799 familiarem
1636 2754 1840 2800 suum
1909 2754 2029 2821 per
2098 2732 2669 2802 Arcliidiaconum
2735 2732 3092 2820 quemdam
3137 2738 3190 2791 et

684 2820 858 2890 alios
888 2819 1220 2906 quosdam
1275 2843 1440 2889 suae
1473 2820 1671 2889 aulae
1708 2820 2022 2889 homines
2075 2820 2411 2889 visitabat.
2469 2820 2867 2890 Praedictus
2898 2842 3045 2889 vero
3070 2816 3186 2914 cle-

681 2909 895 2988 ricuS,
935 2921 1166 2977 utrum
1200 2908 1702 2978 convalesceret
1730 2922 1795 2978 et
1833 2908 2134 2995 quand0‚
2175 2908 2258 2977 de
2288 2909 2400 2979 die
2431 2910 2497 2978 in
2535 2910 2716 2978 diem
2772 2910 3070 2979 solicitus
3101 2924 3191 2998 ¹¹¹5

683 2998 1081 3087 vestigabat.
1139 3001 1503 3084 Postquam
1537 3020 1701 3087 ergo
1749 2997 2119 3075 convaluit,
2176 2999 2462 3067 accessit
2509 2998 2592 3065 ad
2643 3021 2829 3078 eum,
2882 3011 2944 3067 et
2972 3015 3116 3091 cum
3141 3010 3192 3057 el

683 3084 1042 3155 consessus
1098 3098 1273 3153 esset
1326 3099 1555 3154 votum
1593 3100 1656 3155 et
1691 3086 2111 3155 desiderium
2172 3086 2386 3154 animi
2428 3088 2561 3165 sui,
2618 3109 2825 3172 seque
2866 3108 3016 3155 cum
3065 3099 3191 3168 ipso

684 3173 1050 3264 sponderet
1081 3174 1365 3251 iturum,
1404 3173 1776 3243 extendens
1809 3175 2013 3243 homo
2062 3175 2392 3245 continuo
2427 3196 2677 3244 manus
2726 3198 2890 3245 suas
2934 3172 3013 3241 ad
3061 3188 3191 3238 coe-

685 3262 853 3342 lum,
892 3276 956 3330 et
986 3262 1361 3332 immensas
1411 3264 1666 3352 gratias
1706 3285 1940 3351 egem,
1981 3263 2183 3330 dixit:
2228 3264 2508 3331 Domine
2547 3248 2743 3343 Deus,
2787 3264 2983 3333 hodie
3023 3272 3077 3327 te
3106 3275 3193 3354 ro-

684 3373 1029 3441 gaveram‚
1070 3362 1145 3418 ut
1193 3350 1393 3418 dares
1461 3351 1626 3419 milii
1692 3352 1979 3421 socium.
2035 3351 2479 3420 Existimabat
2525 3352 2708 3420 enim
2752 3352 2932 3439 quod
2991 3358 3190 3417 statim

683 3462 841 3509 cum
882 3440 1031 3528 ipso
1074 3460 1460 3517 remanenS,
1505 3461 1851 3525 nusquam
1888 3440 1971 3507 ad
2010 3438 2142 3506 alia
2172 3439 2440 3527 agenda
2480 3440 2972 3529 digrederetur.
3004 3442 3072 3504 At
3099 3428 3192 3498 illc

684 3529 812 3597 hoc
859 3550 989 3596 non
1041 3550 1118 3595 eo
1172 3528 1372 3596 modo
1415 3541 1773 3597 statuerat:
1831 3528 1943 3597 sed
2016 3528 2236 3617 primo
2290 3528 2553 3597 volebat
2613 3551 2719 3598 res
2785 3552 2945 3600 mas
2990 3526 3191 3615 dispo-

685 3639 869 3686 nere.
914 3622 1144 3702 ltaque
1175 3638 1333 3685 curn
1389 3630 1537 3706 post
1573 3617 1739 3685 haec
1774 3618 1972 3685 verba
2005 3616 2369 3694 intulisset,
2412 3616 2580 3686 velle
2621 3641 2692 3686 se
2725 3619 2809 3687 de
2847 3617 3043 3685 rebus
3068 3628 3191 3678 suis

685 3705 1073 3795 disponere,
1130 3707 1575 3776 contristatus
1623 3720 1724 3775 est
1775 3706 1978 3774 homo
2034 3706 2117 3773 ad
2172 3706 2650 3795 hujuscemodi
2701 3721 3093 3775 sermonem,
3140 3705 3192 3791 {31

684 3794 809 3862 ait:
853 3819 886 3859 «
913 3794 1029 3883 Eja
1074 3792 1298 3872 frater,
1356 3795 1412 3861 si
1447 3808 1545 3862 est
1576 3817 1655 3862 ex
1689 3800 1839 3872 De0‚
1876 3816 2005 3863 non
2043 3794 2526 3864 dissolvetur.»
2559 3802 2635 3863 At
2668 3794 2831 3863 baec
2868 3792 2976 3861 ille
3006 3797 3193 3856 conti·

686 3904 824 3950 nuo
855 3882 1203 3970 respondit
1233 3906 1244 3947 :
1289 3906 1323 3946 «
1356 3882 1639 3952 vinculo
1675 3882 2145 3952 indissolubili
2179 3882 2517 3973 colligasti
2556 3905 2664 3952 me
2694 3883 2813 3953 tibi
2844 3895 3087 3972 pater.»
3122 3877 3191 3938 AG

689 3971 789 4039 sic
828 3972 1088 4050 abienS,
1131 3970 1337 4039 rebus
1386 3973 1531 4040 suis
1572 3972 1986 4051 constitutis,
2033 3970 2234 4060 paulo
2289 3984 2435 4060 post
2489 3995 2798 4043 reversus
2847 3984 2965 4048 est,
3002 3979 3061 4034 et
3088 3961 3188 4027 ‹le-

690 4059 925 4149 inceps
972 4072 1295 4148 perpetuo
1346 4072 1622 4129 secutus
1655 4074 1758 4129 est
1809 4061 2157 4149 hominem
2218 4061 2325 4128 Dei
2376 4063 2832 4131 Nortbertum.

775 4150 811 4232 ,Q
858 4152 1004 4218 13.
1061 4153 1248 4215 Anno
1285 4148 1517 4237 igitur,
1559 4171 1793 4217 mense
1822 4150 2055 4229 Junio,
2099 4162 2249 4237 post
2297 4151 2625 4218 comitum
2662 4169 2956 4219 suorum
2985 4164 3056 4240 ως
3085 4139 3189 4205 bac

688 4236 825 4303 vita
873 4235 1258 4315 decessum,
1318 4238 1603 4307 accessit
1652 4238 1709 4305 ei
1766 4232 2092 4306 dominus
2156 4242 2378 4327 Hugo,
2433 4240 2580 4327 jam
2632 4239 2857 4307 dictus
2895 4234 3185 4302 clericus.

687 4325 807 4410 qui
852 4326 1159 4413 proximo
1214 4338 1361 4415 post
1392 4348 1547 4394 eum
1606 4326 1749 4394 loco
1793 4327 2122 4395 successit
2165 4327 2231 4393 in
2269 4327 2604 4416 regimine
2647 4328 3189 4409 Praemonstratae

688 4413 1036 4499 ecclesiae,
1080 4415 1230 4503 piae
1278 4427 1341 4483 et
1373 4428 1647 4485 sanctae
1697 4415 2237 4483 conversationis
2275 4416 2500 4484 homo,
2542 4418 2822 4485 Gavisus
2869 4433 2943 4480 ea
2992 4429 3056 4477 re
3105 4420 3187 4467 vu·
