3357 4995
656 125 693 154 -ι

596 157 689 216 31..

592 237 613 270 1

166 345 377 413 JUNII
426 347 473 410 2
722 361 1063 409 TRANSLAT.
1119 362 1211 410 ss.
1268 363 1382 411 uu.
1438 365 1618 411 parm
1666 365 1743 411 m·
1792 363 2170 413 manentum
2559 352 2643 416 89

170 443 456 514 vedasti.
515 447 703 525 Quae
750 464 910 512 cum
961 454 1119 511 ante
1154 456 1570 514 memoratas
1621 448 2031 514 Sanctorum
2082 444 2412 532 reliquias
2463 467 2587 536 pro
2618 469 2727 518 re-

173 532 521 604 stitutione
560 529 809 603 salutis
857 552 1024 600 suae
1053 532 1419 602 Dominum
1472 532 1823 603 Christum
1867 533 2278 624 suppliciter
2311 535 2721 617 invocasset,

170 644 389 692 coram
429 620 765 722 omnibus
794 620 910 706 qui
945 618 1232 690 aderant
1260 632 1504 722 ,erecta
1557 633 1686 702 est,
1729 635 1795 692 et
1842 622 2189 746 integrum
2242 623 2554 713 corporis
2614 625 2726 694 sui

166 725 422 783 statum
470 730 544 778 m
597 720 945 778 momento
987 721 1314 800 temporis
1362 731 1668 800 recipere
1701 722 1955 781 meruit
2032 766 2045 779 .

239 802 277 888 ξ
323 802 469 873 1⁸2.
523 796 827 874 Tertium
875 818 1150 887 quoque
1179 796 1493 869 libellum
1523 798 1923 870 detulerunt
1972 799 2147 868 mihi
2195 799 2438 871 fratres
2467 800 2553 870 de
2580 822 2727 871 mo·

160 887 465 959 nasterio
516 891 580 955 S.
628 886 915 958 servatii
960 886 1398 968 confessoris,
1434 888 1619 975 quod
1669 887 1883 958 situm
1914 901 2015 959 est
2046 889 2116 958 in
2153 889 2304 979 ripa
2340 894 2565 960 Mosae
2597 890 2728 959 flu-

157 978 405 1058 mini3‚
439 975 512 1044 in
545 976 701 1047 vico·
720 975 842 1064 qui
875 974 1217 1064 hodieque
1242 977 1598 1064 Trajectus
1645 989 1953 1058 vocatur,
1987 987 2054 1047 et
2079 978 2290 1049 distat
2316 977 2402 1047 ab
2430 980 2731 1065 Aquensi

156 1066 425 1157 palatio
483 1077 635 1134 octo
673 1064 947 1134 circiter
994 1063 1251 1146 leucas,
1297 1077 1535 1152 estque
1580 1065 2049 1137 habitantium
2090 1078 2156 1136 et
2191 1066 2562 1157 praecipue
2614 1088 2731 1136 ne—

152 1156 584 1247 gotiatorum
620 1151 1070 1223 multitudine
1118 1152 1749 1241 frequentissimus.
1783 1156 1997 1246 Cujus
2047 1167 2270 1226 textus
2311 1155 2580 1225 sibene
2633 1178 2728 1224 re-

151 1245 335 1324 colo,
364 1244 442 1312 in
462 1242 655 1311 hunc
679 1241 961 1312 modum
991 1241 1262 1313 videtur
1283 1264 1434 1313 esse
1458 1244 1907 1332 compositus.
1939 1244 2286 1315 Adventus
2319 1249 2727 1315 Sanctorum

152 1332 416 1403 Christi
467 1342 854 1420 martyrum
907 1331 1286 1400 Marcellini
1313 1345 1379 1402 et
1411 1332 1589 1402 Petri
1618 1331 1706 1401 ad
1748 1332 1977 1403 vicum
2012 1334 2396 1424 Trajectum
2441 1333 2733 1422 contigit

152 1421 393 1522 pridie
431 1425 661 1491 Nonas
706 1418 924 1489 Junii.
961 1424 1127 1489 Nam
1181 1420 1334 1510 ipso
1362 1420 1474 1490 die
1506 1421 1692 1491 venit
1719 1421 1821 1491 eis
1859 1421 2132 1491 obviam
2167 1421 2252 1491 de
2302 1421 2542 1491 eodem
2582 1424 2729 1491 vico

155 1509 501 1582 immanis
548 1506 926 1578 multitudo
976 1508 1218 1599 populi
1257 1509 1344 1578 ad
1400 1509 1914 1610 susceptionem
1949 1510 2230 1580 illorur'n
2282 1523 2725 1601 congregata,

154 1599 468 1670 laudans
513 1609 579 1668 et
613 1595 1029 1667 benedicens
1080 1601 1291 1668 Deum
1342 1619 1554 1688 super
1599 1615 1946 1668 immensa
2006 1612 2213 1687 atque
2277 1598 2731 1669 inenarrabili

155 1685 648 1757 misericordia
695 1707 847 1766 sua,
891 1705 1030 1773 qua
1070 1707 1194 1786 per
1220 1698 1446 1756 tantos
1494 1698 1823 1777 patronos
1856 1687 2193 1779 populum
2231 1688 2300 1755 in
2339 1708 2411 1757 se
2444 1687 2732 1757 creden-

160 1790 298 1846 tem
342 1787 415 1845 et
446 1773 911 1844 confidentem
961 1774 1237 1846 visitare
1283 1774 1615 1866 dignatus
1662 1788 1788 1845 est.
1844 1780 2152 1863 Cumque
2212 1777 2325 1847 his
2373 1776 2786 1880 laudibuS,⁸

156 1863 527 1940 etlaetitia
576 1862 873 1954 spiritali
911 1884 1134 1951 usque
1193 1863 1279 1933 ad
1331 1863 1693 1934 basilicam
1755 1865 1935 1934 beati
1987 1865 2272 1935 Servatii
2323 1879 2729 1956 perventum

157 1965 308 2035 est,
366 1951 873 2038 celebratisque
941 1973 1100 2021 cum
1155 1974 1409 2043 magna
1460 1954 1778 2022 omnium
1828 1953 2289 2043 gratulatione
2360 1955 2726 2024 Missarum

157 2041 526 2122 solemnis,
558 2051 625 2110 et
671 2040 1014 2111 universis
1053 2039 1136 2109 ad
1171 2062 1298 2112 sua
1341 2042 1653 2123 reversiS,
1688 2041 2037 2124 feretrum,
2071 2063 2209 2129 quo
2243 2044 2422 2112 sacri
2457 2043 2725 2113 cineres

157 2130 436 2201 advecti
483 2142 671 2209 sunt,
711 2151 753 2198 a
798 2128 1056 2200 dextris
1103 2129 1341 2199 altaris
1362 2131 1565 2220 juxta
1609 2130 1959 2201 cancellas
1990 2131 2401 2202 collocatum
2433 2144 2573 2201 est:
2630 2145 2728 2201 to-

159 2232 419 2306 tusque
465 2216 585 2287 ille
642 2216 794 2287 dies
846 2239 1011 2289 cum
1058 2219 1129 2287 in
1182 2218 1324 2289 enti
1371 2219 1612 2288 eodem
1659 2219 1732 2287 in
1796 2220 1945 2289 vico
1993 2220 2434 2292 consistentis
2482 2220 2726 2311 populi

156 2307 590 2378 exultatione
636 2319 841 2392 atque
889 2307 1110 2394 jucun
1168 2308 1329 2377 itate
1387 2321 1916 2379 consummatus
1963 2321 2087 2379 est.
2143 2314 2449 2397 Cumque
2483 2308 2567 2378 ad
2615 2329 2726 2377 ve-

157 2396 558 2487 spertinum
614 2394 918 2465 officium
966 2396 1165 2487 juxta
1220 2395 1793 2466 consuetudinem
1843 2396 2363 2480 celebrandum,
2408 2397 2720 2467 eamdem

156 2484 533 2557 basilicam
582 2483 957 2555 fuissemus
992 2484 1309 2575 ingressi,
1356 2486 1592 2556 aderat
1625 2486 1805 2556 inter
1836 2499 2138 2558 caeteros
2190 2508 2361 2578 puer
2407 2485 2718 2574 quidam,

160 2576 455 2644 nomine
488 2572 883 2673 Berngisus,
948 2594 1153 2661 quem
1208 2575 1583 2664 propinqui
1622 2576 1733 2646 sui
1765 2575 1851 2644 de
1898 2597 2079 2666 pago
2126 2574 2520 2645 Cundensio
2569 2587 2725 2642 ante

158 2684 431 2754 paucos
478 2661 629 2731 dies
677 2661 844 2731 illuc
876 2662 1249 2743 venienteS,
1290 2662 2042 2734 adduxeruntcaecum
2095 2686 2135 2733 a
2168 2664 2539 2733 nativitate.
2594 2663 2723 2744 Qui

164 2752 404 2823 subito
452 2770 687 2819 coram
726 2749 1053 2821 omnibus
1083 2751 1154 2820 in
1198 2753 1670 2842 pavimentum
1721 2751 1994 2831 cecidit,
2046 2752 2281 2839 ibique
2313 2750 2727 2839 aliquandiu

160 2841 352 2912 velut
385 2859 632 2928 sopore
676 2837 1049 2929 depressus
1070 2840 1332 2928 jacuit:
1370 2861 1663 2927 moxque
1689 2842 1945 2931 apertis
1975 2841 2222 2917 oculis.
2255 2841 2480 2910 lucem
2513 2861 2724 2927 quam

165 2949 539 3017 nunquam
585 2942 744 2997 ante
792 2927 981 3009 vidit,
1036 2928 1303 2999 Christo
1352 2929 1811 3028 Dominooeper
1845 2929 2087 2999 merita
2119 2934 2527 3000 Sanctorum
2563 2951 2725 3000 suo-

162 3039 324 3087 rum
377 3016 704 3096 donante,
747 3017 1122 3107 conspexit.
1168 3018 1333 3088 Exin
1412 3017 1607 3087 uinta
1631 3016 1767 3098 die,
1821 3018 1890 3086 id
1941 3031 2067 3099 est,
2122 3031 2307 3089 sexto
2340 3017 2504 3089 Idus
2528 3018 2723 3088 Junii

165 3105 377 3176 homo
423 3103 715 3192 quidam
763 3117 1216 3195 cognomento
1257 3105 1364 3175 Hil
1421 3106 1710 3186 imaruS‚
1748 3107 1870 3194 qui
1901 3107 2159 3177 surdus
2188 3120 2333 3178 erat
2361 3120 2427 3177 et
2459 3118 2719 3186 mutus,

167 3204 404 3264 coram
452 3191 714 3264 eisdem
764 3194 981 3263 sacris
1029 3198 1434 3264 Sanctorum
1485 3195 1822 3282 reliquiiS,
1886 3209 1953 3266 et
1999 3196 2314 3266 auditum
2368 3196 2624 3286 pariter
2660 3207 2726 3264 et

171 3281 524 3371 loquelam
565 3300 688 3371 per
731 3282 1051 3352 virtutem
1083 3283 1332 3354 Christi
1379 3283 1657 3374 recepit.

254 3374 295 3459 ξ
334 3374 478 3444 18.
516 3370 769 3441 Eodem
794 3392 1069 3458 quoque
1085 3370 1198 3442 die
1221 3370 1450 3461 puella
1473 3372 1843 3460 quaedam,
1867 3372 1953 3443 de
1972 3372 2236 3443 familia
2261 3377 2324 3443 S.
2354 3372 2718 3450 Lamberti,

171 3462 455 3529 nomine
474 3458 858 3539 Adallinda,
898 3481 1072 3548 quae
1105 3481 1241 3529 non
1275 3459 1498 3530 solum
1536 3461 1747 3530 surda
1776 3474 1843 3531 et
1874 3475 2089 3543 muta,
2117 3461 2235 3532 sed
2263 3462 2468 3532 etiam
2496 3482 2722 3540 caeca,

172 3559 447 3636 totoque
494 3568 781 3638 corpore
830 3560 969 3618 tam
1021 3547 1401 3620 miserabili
1458 3549 1663 3620 modo
1711 3571 1791 3619 ex
1840 3571 2209 3621 nervorum
2261 3550 2729 3620 contractione

174 3651 316 3707 erat
346 3636 789 3727 complicata,
828 3648 908 3707 ut
955 3658 1183 3726 genua
1224 3638 1479 3727 pectori
1502 3639 2007 3729 jungerentur:
2054 3640 2253 3729 juxta
2283 3661 2516 3710 sacras
2546 3658 2729 3707 mar-

177 3737 403 3814 tyrum
472 3724 806 3812 reliquias
862 3748 902 3794 a
950 3726 1097 3796 suis
1149 3726 1390 3817 posita,
1442 3740 1508 3796 et
1578 3728 1801 3798 visum
1852 3740 1918 3798 et
1983 3728 2325 3810 auditum,
2382 3726 2729 3815 loquelam

177 3816 379 3885 etiam
431 3814 893 3900 omniumque
940 3816 1411 3885 membrorum
1471 3815 1956 3885 rectitudinem
2007 3838 2088 3887 ac
2149 3816 2438 3888 salutem
2492 3837 2725 3886 coram

176 3904 504 3973 omnibus
558 3902 679 3989 qui
727 3902 1035 3983 aderant,
1104 3902 1405 3973 mirabili
1456 3904 1823 3983 celeritate,
1864 3904 2100 3974 divino
2149 3926 2437 3974 munere
2485 3924 2733 3974 consem

177 4004 330 4061 cuta
371 4005 498 4063 est.
554 3991 891 4061 Postridie
938 4013 1092 4061 vero
1141 3991 1210 4061 id
1259 4004 1361 4061 est
1407 3993 1651 4078 quinto
1701 3992 1868 4062 Idus
1905 3994 2100 4063 Junii
2151 3993 2435 4082 quidam
2489 4014 2732 4064 servus

179 4082 433 4172 regim,
472 4079 756 4150 nomine
802 4080 1198 4150 Berohadus
1228 4080 1314 4149 de
1355 4079 1516 4149 villa
1557 4082 1932 4162 cresciaco,
1974 4083 2043 4150 in
2095 4082 2373 4152 dextera
2423 4082 2531 4152 sui
2582 4103 2734 4152 cor-

182 4170 367 4257 poris
418 4180 609 4259 parte
644 4189 766 4258 per
797 4180 1010 4237 totum
1046 4189 1125 4237 ex
1160 4189 1524 4238 nervorum
1553 4171 2019 4240 contractione
2053 4170 2452 4242 debilitatus
2480 4184 2546 4239 et
2578 4171 2734 4239 inu-

184 4257 317 4328 tilis
368 4256 617 4338 factus,
675 4278 835 4328 cum
887 4270 1043 4326 ante
1094 4270 1507 4327 memoratas
1573 4263 1980 4329 Sanctorum
2031 4259 2362 4347 reliquias
2412 4259 2728 4336 venisset,

230 4421 256 4446 ‘
284 4420 606 4461 Plurimorum
633 4420 711 4461 hic
741 4422 953 4481 ejusdem
985 4422 1171 4470 generis
1199 4420 1257 4460 ab
1283 4420 1521 4481 Einhardo
1542 4421 1864 4481 prodigiorum
1885 4423 2034 4464 series
2053 4420 2252 4468 texitur:
2280 4414 2563 4473 prolixitatis
2584 4422 2735 4461 vitan·

182 4470 267 4514 dae
289 4472 442 4525 cratia
460 4471 901 4523 praetermittimus.
932 4474 1065 4523 Quod
1086 4476 1133 4515 et
1152 4474 1311 4523 pauno
1334 4474 1457 4514 infra
1476 4475 1696 4524 expedlre
1713 4485 1871 4516 visum
1891 4480 1978 4516 est.
