3357 4995
663 324 793 390 232
1258 344 1337 390 nn
1385 343 1476 392 ss.
1529 342 1643 390 uu.
1700 341 1964 389 omnmo
2010 341 2086 388 Er
2132 340 2409 388 cannata
2700 277 2717 296 ⁰
2762 323 2982 389 JUNII
3038 324 3121 388 to

574 431 900 520 trophaea
964 429 1339 519 erigamus,
1395 428 1942 500 Incontinentiae
1998 440 2200 516 atque
2258 428 2829 517 intemperantiae
2896 429 3103 519 impe-

574 529 722 589 tum
762 519 1188 609 frangamuS,
1235 532 1302 589 et
1346 519 1678 589 animum
1715 517 1946 607 ipsum
1998 516 2085 586 ad
2137 518 2456 608 pietatem
2505 517 2917 587 servandam
2969 535 3105 587 co:-

573 607 999 679 roboremus.
1052 605 1336 678 Judices
1375 609 1565 698 ipsos
1611 630 1651 676 a
1686 605 2180 677 tentationibus
2228 607 2790 688 submoveamu5‚
2843 620 2910 676 et
2956 625 3108 674 curn

575 707 1042 797 opportunum
1091 708 1214 776 est,
1269 719 1406 767 non
1455 697 1779 787 abJectos,
1824 694 1943 766 sed
1994 695 2292 767 audaces
2333 717 2457 766 nos
2508 695 3110 786 praestemus.De-

574 805 786 873 mque
837 786 1150 855 membra
1197 797 1429 856 nostra
1475 807 1652 873 quae
1686 796 1852 856 sunt
1897 807 2109 875 super
2147 798 2423 865 terram,
2468 785 2982 862 mortificemus
3031 790 3109 848 ut

574 884 643 944 et
689 874 1019 945 Dominus
1066 875 1214 964 ipse
1253 875 1382 945 hoc
1432 872 1697 944 humile
1742 896 1997 964 corpus
2056 887 2369 945 nostrum
2421 873 2552 944 tale
2605 873 2870 950 reddat,
2932 884 2989 941 et
3036 869 3109 936 in

576 984 726 1033 eam
767 962 1230 1033 conditionem
1264 962 1650 1044 transferat,
1691 975 1769 1034 ut
1798 965 2107 1051 corporis
2138 964 2248 1035 sui
2295 961 2586 1033 formam
2621 985 2786 1032 cum
2818 983 2898 1031 eo
2932 978 3109 1028 com·

577 1052 907 1122 municet:
962 1052 1083 1121 Cui
1130 1053 1219 1121 sit
1266 1052 1487 1143 gloria
1531 1064 1596 1121 et
1644 1053 2014 1143 imperium
2048 1053 2117 1121 in
2171 1051 2424 1123 secula.
2478 1057 2712 1122 Amen.

601 1417 634 1448 ,
1471 1350 2226 1432 MARTYRIUM

972 1578 1110 1684 SS.
1180 1575 1629 1692 GETULH,
1705 1576 2240 1691 CEREAtts,
2303 1574 2719 1676 ΑΜΑΝΤΙΙ

1515 1754 1636 1855 ΕΤ
1686 1753 2196 1856 ΡΒΙΜΙΤΙἮ

551 1974 558 1984 ⁸
647 1998 724 2056 EX
771 1995 1041 2046 EGREGIO
1080 1998 1183 2045 MS.
1237 1996 1458 2045 comen
1498 1997 1613 2044 PER
1641 1977 1833 2044 LAUR.
1871 1994 2108 2044 sunum
2157 1995 2346 2044 STYLO
2393 1994 2642 2043 MUTATO
2672 1993 3057 2042 DESCRIPTUM

851 2102 955 2150 cm
1004 2104 1193 2151 Finm!
1232 2102 1603 2151 CONCILIANT
1632 2102 1825 2149 ETIAM
1854 2101 2303 2157 ANTIQUISSIHA
2356 2100 2855 2149 MARTYROLOGIA.

1492 2282 1694 2337 Anno
1737 2282 1850 2338 126
1896 2310 1970 2321 —
2011 2279 2193 2337 Itali.

669 2464 706 2552 ἓ
751 2465 825 2535 1.
883 2462 1331 2553 Temporibus
1390 2461 1720 2533 Hadriani
1772 2463 2215 2553 Imperatoris
2261 2460 2393 2532 fuit
2423 2461 2525 2531 vir
2571 2459 2853 2549 quidam
2894 2456 3125 2529 omnis

584 2551 856 2622 divinae
904 2551 1075 2642 legis
1125 2552 1609 2641 peritissimus,
1674 2552 1994 2639 idemque
2068 2551 2777 2629 Christianissimus,‚
2813 2547 3125 2618 Getulius

585 2640 888 2710 nomine.
923 2640 1214 2731 Degebat
1239 2653 1465 2710 autem
1491 2640 1581 2709 ina
1598 2642 2012 2710 Sabinorum
2046 2639 2326 2729 regione
2357 2639 2539 2708 haud
2578 2637 2812 2728 procul
2845 2637 2933 2707 ab
2955 2635 3129 2705 urbe

583 2734 823 2809 Roma,
897 2729 1450 2817 convocabatque
1495 2729 1579 2798 ad
1632 2752 1704 2798 se
1752 2728 2058 2817 quotidie
2123 2727 2502 2818 permultos
2566 2740 2709 2797 tum
2762 2748 2841 2796 ex
2893 2724 3113 2802 Italia,

583 2829 729 2888 tum
764 2819 1042 2887 Graecia
1091 2818 1533 2893 Christianos,
1592 2819 1812 2905 iisque
1872 2818 2202 2887 alimenta
2251 2816 2613 2909 praebens,
2668 2812 3127 2884 divinamle-

583 2928 736 3063 {em
773 2907 1174 2996 exponebat,
1213 2928 1467 2994 eosque
1494 2906 1875 2977 erudiebat.
1917 2907 2225 2976 Pervenit
2270 2907 2422 2994 ejus
2450 2905 2547 2974 rei
2588 2904 2770 2974 sama
2805 2902 2888 2972 ad
2923 2923 3128 2972 aures

647 2994 910 3063 adriani
965 2997 1425 3085 Imperatoris,
1464 2996 1584 3083 qui
1623 2996 1833 3066 misso
1869 2995 2135 3064 Cereale
2170 2995 2455 3074 vicario,
2483 2994 2696 3084 jussit
2742 3014 2897 3062 eum
2936 3012 3130 3060 com-

585 3083 944 3173 prehendi.
989 3084 1111 3153 Ubi
1139 3084 1221 3152 ad
1264 3083 1460 3154 illum
1495 3085 1676 3153 venit
1710 3084 2026 3163 Cerealis,
2075 3084 2334 3152 invenit
2365 3104 2521 3152 eum
2556 3082 2744 3151 domi
2775 3080 3124 3150 sedentem

585 3183 650 3239 et
684 3193 869 3241 more
917 3171 1114 3241 solito
1165 3173 1585 3244 Christianos
1621 3173 2130 3251 instituentem,
2184 3172 2302 3259 qui
2343 3171 2494 3258 ejus
2542 3170 2849 3241 doctrina
2905 3168 3129 3268 magis

587 3283 666 3329 ac
716 3261 935 3351 magis
985 3260 1051 3328 in
1090 3260 1223 3330 fide
1272 3261 1517 3330 Christi
1549 3261 2167 3332 confirmabantur.
2211 3261 2384 3330 Dixit
2431 3272 2659 3329 autem
2696 3258 2759 3327 ei
2786 3257 3120 3328 Cerealis:

589 3349 889 3430 «Audisti
925 3371 1101 3439 quae
1130 3350 1268 3420 sint
1298 3372 1338 3418 a
1363 3350 1797 3440 principibus
1822 3350 2044 3419 edicta
2075 3350 2260 3439 apud
2283 3370 2525 3419 omnes
2552 3347 2983 3438 proposita‘b)
3001 3351 3129 3416 Re-

588 3439 864 3529 spondit
894 3442 960 3507 S.
993 3438 1303 3509 Getulius
1333 3462 1347 3502 :
1403 3443 1647 3507 «Itane
1680 3438 2079 3529 principum
2103 3438 2323 3529 jussis
2355 3439 2594 3528 parere
2625 3452 2901 3505 necesse
2939 3448 3040 3503 est
3055 3438 3128 3501 ἲ»

588 3527 875 3597 Cerealis
924 3525 1135 3597 dixit:
1190 3550 1224 3592 «
1251 3526 1376 3597 Tui
1430 3549 1502 3596 se
1540 3526 1791 3596 edicito
1824 3548 2122 3614 aequum
2154 3549 2240 3596 ne
2267 3527 2357 3598 sit
2387 3526 2527 3595 illis
2562 3527 2872 3615 parere.»
2905 3528 2970 3593 S.
3004 3527 3130 3591 Ge-

589 3615 804 3685 tulius
849 3615 980 3683 ait:
1015 3639 1050 3681 «
1083 3615 1202 3686 Cui
1250 3629 1364 3685 tan
1419 3637 1554 3694 em,
1609 3638 1649 3684 o
1700 3616 2049 3706 princepS,
2104 3613 2723 3704 obtemperandum
2768 3616 2913 3683 est?
2947 3634 3129 3681 mor-

588 3701 796 3773 taline
844 3703 1133 3783 homini‚
1184 3716 1250 3773 et
1300 3725 1450 3773 mox
1503 3705 1572 3773 in
1634 3704 2069 3791 putredinem
2130 3704 2426 3783 abituro,
2483 3725 2569 3772 an
2633 3723 2789 3771 vero
2840 3722 3130 3792 praepo-

585 3792 790 3860 tentis
821 3792 934 3861 Dei
968 3792 1175 3862 Filio?
1197 3816 1232 3859 »
1263 3791 1554 3863 Cerealis
1593 3791 1804 3863 dixit:
1838 3816 1873 3858 «
1899 3794 2115 3863 Habet
2136 3800 2139 3805 ’
2161 3814 2324 3893 ergo
2350 3791 2575 3862 filium
2617 3794 2793 3860 Deus
2820 3793 3072 3861 vester?
3098 3812 3126 3851 ι

585 3878 898 3949 Getulius
931 3880 1322 3972 respondit:
1377 3883 1652 3951 «Habet
1702 3881 1927 3973 plane,
2032 3882 2104 3951 ui
2150 3880 2432 3967 quidem
2469 3893 2536 3949 et
2567 3879 2720 3961 fuit,
2772 3891 2840 3947 et
2885 3890 3010 3957 est,
3068 3891 3136 3946 et

584 3968 714 4037 erit
745 3990 1084 4069 semper.»
1120 3970 1411 4039 Cerealis
1432 3969 1642 4041 dixit:
1697 3996 1721 4033 <t
1755 3976 1902 4053 Qua
1932 3903 2031 4039 vei
2065 3969 2404 4050 doctrina,
2443 3968 2545 4039 vel
2583 3968 2785 4058 signo
2817 3987 3022 4061 nosse
3053 3965 3136 4034 li-

583 4056 786 4138 cebit,
813 4056 1036 4129 filium
1072 4059 1209 4140 Dei,
1250 4063 1458 4129 Deum
1491 4081 1662 4132 esse.
1696 4058 2287 4147 quemadmodum
2322 4071 2398 4127 tu
2427 4057 2721 4129 doces‘P»
2759 4055 3137 4145 Respondit

586 4159 868 4217 sanctus
932 4146 1277 4217 Getulius:
1343 4171 1378 4215 «
1430 4148 1707 4219 Noveris
1757 4148 2037 4218 verbum
2094 4148 2249 4228 Dei,
2304 4169 2541 4218 verum
2594 4150 2806 4216 Deum
2863 4165 2944 4213 ex
3002 4149 3137 4213 Deo

589 4239 784 4305 Patre
850 4236 1209 4326 genitum,
1277 4248 1343 4305 et
1402 4236 1486 4306 de
1551 4236 1812 4328 Spiritu
1881 4240 2128 4307 Sancto
2196 4247 2658 4326 conceptum,
2727 4255 2810 4303 ex
2871 4232 3139 4323 virgine

591 4325 802 4394 Maria
860 4335 1097 4396 natum
1166 4346 1315 4396 esse
1343 4378 1358 4408 ‚
1432 4347 1732 4413 eumque
1805 4324 2200 4408 novissimis
2273 4323 2700 4414 temporibus
2770 4321 3133 4414 dignatum

591 4434 740 4486 esse
787 4413 1042 4496 venire,
1097 4426 1173 4485 ut
1219 4426 1527 4486 mortuos
1573 4414 1959 4497 suscitaret,
2011 4435 2250 4485 caecos
2305 4412 2757 4495 illuminaret,
2826 4410 3137 4502 leprosos
