3357 4995
250 291 474 358 JUNII
525 290 607 354 16
1039 307 1119 355 nn
1167 308 1222 355 s.
1275 307 1519 357 somn
1564 308 1792 357 rme.
1845 308 2027 357 mans
2591 292 2723 360 407

301 406 698 473 ostremam,
739 396 871 463 Deo
909 391 1219 474 docente,
1258 392 1618 484 praevidit.
1663 392 2124 464 Intolerabilis
2163 403 2353 473 tunc,
2391 393 2631 464 adulta
2655 397 2805 486 jam

254 418 525 572 Ryeme,
568 494 712 551 erat
749 481 852 550 vis
899 480 1201 572 frigoriS,
1239 494 1305 552 et
1329 482 1484 552 inex
1537 482 1836 553 licabilis
1870 483 2140 552 viarum
2170 481 2569 563 difficultaS,
2624 484 2808 554 inter

255 572 643 643 inaccessos
685 580 951 640 montes
1000 570 1280 642 nivibus
1326 593 1406 640 ac
1453 595 1498 662 g
1527 572 1673 642 acie
1738 583 2118 662 coopertos,
2172 570 2610 659 vallibusque
2674 571 2810 641 dif-

261 659 593 730 ficillimis
663 659 1095 750 interjectos,
1169 659 1565 750 superanda
1615 661 2068 741 occurrebat;
2122 659 2620 739 nihilominus,
2694 662 2812 730 Dei

262 750 543 818 nomine
580 749 913 830 invocato,
948 748 1019 817 in
1052 749 1236 817 viam
1270 770 1342 820 se
1371 749 1583 820 dedit.
1611 749 1709 819 Ad
1748 761 2008 820 ceteros
2039 749 2455 820 durissimos
2481 748 2675 820 illius
2705 750 2813 820 iti·

260 838 446 908 neris
472 859 682 908 casus
730 838 1039 918 accessit,
1093 837 1280 924 quod
1312 841 1496 910 recta
1525 838 1956 909 deerrantem
2007 839 2139 919 via,
2193 859 2353 908 cum
2387 860 2520 907 nox
2568 860 2811 929 super-

261 927 580 1007 venisset,
634 938 700 996 et
747 948 950 998 nemo
996 948 1157 997 eum
1220 926 1521 1018 hospitio
1576 927 1941 1018 acciperet,
1997 927 2069 997 in
2111 926 2435 998 derelicto
2487 928 2808 1017 tuguri0,

258 1016 481 1086 ventis
512 1038 592 1085 ac
642 1015 920 1085 nivibus
968 1016 1225 1106 pervi0,
1281 1016 1765 1107 intempestam
1797 1028 1863 1086 et
1890 1015 2102 1118 perfri
2155 1016 2340 1085 idam
2390 1028 2659 1086 noctem
2686 1016 2814 1086 du-

259 1127 414 1176 cere
449 1126 727 1175 necesse
774 1104 929 1175 fuit.
968 1109 1047 1174 Et
1075 1106 1406 1191 quoniam
1434 1105 1687 1176 sudore
1717 1104 2043 1175 madidus
2076 1127 2122 1184 o,
2204 1105 2507 1175 laborem
2547 1105 2814 1175 itineris

258 1196 678 1274 constiterat,
724 1193 1069 1264 concrevit
1101 1216 1344 1353 aspero
1377 1194 1631 1285 frigore
1676 1195 2091 1265 constrictus
2141 1194 2452 1285 sanguis,
2488 1207 2555 1265 et
2580 1194 2812 1265 lateris

262 1282 498 1353 dolore
545 1282 956 1374 gravissimo
1005 1282 1188 1352 simu
1267 1305 1354 1353 ue
1401 1297 1604 1354 acuta
1641 1282 1816 1354 febri
1864 1295 2223 1373 correptus
2268 1296 2392 1353 est.
2434 1283 2561 1353 Sed
2604 1305 2814 1376 super

261 1393 539 1443 omnem
594 1370 849 1441 laboris
908 1372 1222 1462 magnitu
1275 1373 1461 1443 inem
1508 1384 1574 1442 et
1622 1394 2000 1463 poenarum
2053 1372 2437 1462 angustiaS,
2490 1371 2812 1443 ferventis

261 1461 520 1532 amoris
555 1461 619 1529 vi
668 1460 740 1529 in
775 1465 988 1530 Deum
1040 1473 1302 1562 raptus,
1350 1461 1769 1549 trahensque
1817 1483 2055 1531 secum
2104 1473 2454 1531 terrenum
2503 1463 2814 1552 corporis

264 1550 565 1641 ponduS,
620 1549 798 1620 liber
835 1562 900 1618 et
946 1549 1402 1621 admirandus
1453 1550 1970 1642 supervolitavit
2027 1551 2308 1621 animus
2355 1551 2606 1640 pennis
2653 1550 2812 1641 pul-

260 1639 628 1741 cherrimis
659 1651 725 1708 et
757 1637 1246 1729 integerrimiS,
1286 1639 1543 1728 quibus
1590 1639 1673 1709 ad
1705 1640 1845 1710 -Dei
1890 1640 2284 1730 amplexum
2338 1661 2532 1710 amor
2579 1653 2813 1712 castus

260 1739 606 1798 innititur.
1274 1733 1279 1742 '

350 1820 388 1905 ξ
439 1820 599 1888 28.
655 1816 965 1886 Pervenit
1012 1816 1493 1901 Lalovescum,
1561 1818 1686 1888 ubi
1737 1822 1950 1887 Deum
2002 1815 2229 1887 solum
2333 1839 2668 1899 uaerens,
2723 1818 2810 1888 ad

259 1906 582 1977 coelestia
628 1904 775 1976 sola
821 1905 1164 1994 aspirans,
1204 1905 1397 1976 nullo
1443 1907 1771 1994 cuiquam
1822 1906 2027 1977 verbo
2082 1906 2168 1975 de
2216 1906 2282 1974 in
2347 1907 2616 1976 rmitate
2663 1929 2813 1977 cor-

263 1995 454 2087 poris
483 1996 683 2074 sacto,
739 1994 1142 2065 concionem
1193 1994 1439 2066 habuit
1483 1996 1570 2066 ad
1621 1994 2048 2082 frequentem
2083 1994 2423 2086 populum
2477 2018 2515 2065 e
2563 1996 2814 2067 vicinis

266 2084 623 2156 montibus
690 2082 1054 2154 collectum
1089 2139 1104 2165 ,
1179 2084 1249 2153 in
1312 2105 1451 2172 qua
1517 2084 1814 2155 labentis
1884 2085 2193 2175 corporis
2265 2082 2809 2154 imbecillitatem

264 2174 564 2243 amantis
623 2172 842 2241 animi
889 2172 1113 2243 servor
1156 2184 1223 2243 et
1276 2173 1700 2264 apostolicus
1758 2172 2203 2243 sacerdotalis
2277 2173 2571 2262 pectoris
2621 2173 2812 2264 vigor

264 2261 616 2332 sustinuit.
671 2260 861 2342 Inde,
902 2261 1096 2331 nullo
1122 2274 1399 2352 sumpto
1425 2262 1510 2333 ad
1543 2262 2032 2354 respirandum
2067 2261 2310 2352 spatio,
2353 2262 2802 2351 poenitentes,

265 2348 822 2420 confessionibus
870 2352 1007 2420 tota
1054 2350 1166 2420 die
1222 2351 1503 2433 auditis,
1557 2356 1691 2421 Deo
1740 2350 2228 2421 reconciliavit.
2277 2349 2609 2420 Postridie
2666 2363 2812 2419 erat

264 2437 521 2511 Natalis
569 2438 902 2510 dominici
950 2438 1131 2510 dies:
1185 2439 1345 2511 licet
1399 2440 1702 2512 deterius
1755 2461 2028 2531 semper
2075 2461 2147 2511 se
2200 2439 2502 2522 haberet,
2570 2453 2670 2510 ter
2723 2440 2812 2510 ad

264 2550 354 2619 po
407 2527 606 2598 ulum
667 2528 875 2599 verba
942 2527 1122 2608 fecit,
1184 2541 1249 2599 et
1297 2530 1641 2618 reliquum
1714 2528 2044 2619 temporis
2104 2529 2175 2597 in
2227 2550 2423 2598 sacro
2476 2528 2814 2599 tribunali

263 2639 336 2687 se
390 2618 462 2689 it.
500 2618 687 2688 Idem
740 2616 900 2687 fecit
932 2618 1002 2687 in
1035 2618 1349 2705 sequenti
1372 2618 1506 2700 die,
1553 2619 1798 2700 donec,
1830 2618 2184 2688 exhaustis
2234 2639 2518 2708 prorsus
2547 2617 2814 2688 viribus

261 2717 329 2775 et
374 2707 610 2777 animo
642 2706 1028 2788 deficiente,
1063 2707 1415 2778 humanae
1445 2707 1828 2779 conditioni
1858 2706 2100 2777 cedere
2131 2718 2434 2787 coactuS,
2480 2706 2809 2778 concidit.

262 2796 383 2865 Vix
423 2808 575 2886 post
605 2807 925 2883 quartam
959 2795 1171 2867 horae
1223 2807 1485 2887 partem
1528 2798 1782 2889 spiritu
1832 2808 2126 2887 recepto,
2170 2794 2639 2866 confessiones
2685 2818 2814 2865 au-

268 2882 417 2954 dire
466 2886 781 2975 perrexit,
836 2884 922 2954 ad
958 2883 1187 2955 focum
1236 2886 1552 2957 assidens
1598 2887 1669 2955 in
1726 2885 1932 2955 domo
1966 2884 2275 2976 parochi,
2320 2906 2457 2971 quo
2505 2884 2729 2955 fuerat
2773 2907 2816 2954 a

262 2973 547 3044 rusticis
594 2974 1032 3064 deportatus;
1086 2973 1207 3043 sed
1258 2995 1421 3044 cum
1470 2974 1719 3044 iterum
1770 2975 2005 3044 animo
2059 2973 2282 3061 linqui
2330 2974 2688 3064 coepisset,
2740 2973 2813 3042 in

267 3062 443 3132 lecto
490 3064 833 3154 repositus
882 3074 1006 3144 est,
1043 3061 1166 3133 ubi
1205 3064 1414 3134 totius
1443 3076 1794 3134 anteactae
1842 3063 2018 3133 vitae
2065 3084 2332 3132 sacram
2383 3061 2813 3162 exomologe-

267 3151 428 3232 sim,
476 3173 686 3238 quam
736 3172 997 3242 paucos
1043 3150 1192 3221 dies
1238 3164 1397 3222 ante
1446 3165 1820 3244 peregerat,
1875 3153 2124 3222 iterum
2183 3151 2366 3222 fecit.
2420 3156 2658 3221 Postea
2707 3173 2812 3219 tn·

265 3253 706 3331 gravescente
768 3240 1030 3321 morbo,
1096 3253 1175 3310 ut
1222 3262 1568 3312 summam
1622 3240 1872 3313 Christi
1933 3240 2280 3312 nascentis
2348 3239 2811 3310 humilitatem

266 3341 907 3428 paupertatemque,
957 3349 1169 3416 quam
1227 3329 1436 3399 totius
1473 3330 1651 3401 vitae
1707 3341 2012 3419 tempore
2060 3329 2372 3420 impense
2433 3329 2809 3409 dilexerat,

267 3439 343 3486 ln
394 3417 643 3488 ultimo
672 3418 848 3487 vitae
884 3428 1046 3487 actu
1091 3418 1396 3491 exactius
1442 3441 1523 3490 ac
1570 3418 1693 3489 dili
1746 3418 1976 3489 entius
2011 3418 2346 3488 imitando
2375 3418 2808 3509 exprimeret,

262 3506 339 3575 in
390 3505 744 3578 stabulum
783 3505 1035 3577 deferri
1085 3518 1404 3596 precatus
1450 3519 1576 3578 est.
1622 3513 1705 3578 Se
1760 3563 1777 3591 ,
1817 3529 1904 3577 ne
1935 3507 2142 3578 citius
2188 3507 2535 3587 deficeret,
2567 3508 2814 3598 jussus

265 3594 440 3665 lecto
488 3617 562 3668 se
608 3594 983 3677 continere,
1031 3594 1129 3665 ibi
1169 3609 1646 3667 sacrosanctae
1674 3596 2145 3668 Eucharistiae
2191 3596 2439 3666 viatico
2486 3609 2552 3666 et
2598 3606 2815 3667 extre-

264 3705 419 3754 mae
457 3684 810 3757 unctionis
862 3697 1294 3757 sacramento
1340 3685 1681 3767 munitus,
1742 3686 2018 3756 dextera
2066 3685 2390 3755 Crucifixi
2438 3684 2816 3776 imaginem

265 3782 531 3856 tenenS,
593 3785 661 3844 et
705 3771 791 3843 ad
850 3772 1139 3844 coeleste
1178 3795 1472 3864 regnum
1519 3785 1586 3844 et
1630 3773 2046 3846 immortalis
2092 3773 2353 3865 gloriae
2399 3795 2728 3845 coronam
2776 3796 2821 3842 a

267 3860 533 3934 Christo
593 3861 882 3933 Domino
935 3873 1002 3933 et
1047 3862 1327 3964 Virgine
1374 3863 1587 3934 Maria
1644 3862 2000 3945 invitatuS,
2055 3862 2179 3951 qui
2227 3884 2302 3934 se
2348 3862 2685 3934 videndos
2752 3861 2817 3932 ei

264 3950 776 4041 praebuerunt,
838 3952 1075 4022 anima
1126 3950 1362 4022 divino
1420 3950 1752 4022 Salvatori
1821 3951 2306 4023 commendata
2335 4007 2352 4036 ,
2419 3952 2598 4022 inter
2643 3973 2821 4042 pau-

264 4060 514 4130 perum
562 4052 629 4111 et
660 4038 1079 4111 rusticorum
1130 4041 1394 4124 turbas,
1457 4040 1718 4129 quibus
1739 4039 2073 4132 juvandis
2117 4052 2184 4112 et
2231 4039 2635 4112 erudiendis
2674 4061 2821 4110 om·

262 4148 425 4228 nem
472 4129 684 4201 vitam
730 4150 931 4200 suam
979 4152 1059 4201 ac
1109 4128 1377 4202 labores
1428 4128 1887 4232 impenderat,
1940 4129 2148 4200 hilari
2199 4152 2279 4202 ac
2328 4152 2573 4201 sereno
2623 4128 2822 4199 vultu

267 4216 594 4320 spiritum
633 4222 769 4290 Deo
814 4216 1116 4290 reddidit
1141 4218 1327 4291 circa
1375 4217 1675 4291 mediam
1709 4230 1978 4291 noctem
2025 4217 2313 4292 ultimae
2340 4217 2479 4291 diei
2507 4217 2820 4290 exeuntis

267 4325 438 4378 anm
465 4328 692 4379 uncxt..

356 4398 395 4485 ἓ
444 4400 599 4473 ²4.
652 4400 737 4469 Ut
782 4417 940 4469 vero
995 4396 1114 4469 Dei
1162 4418 1402 4472 servus
1446 4418 1527 4471 ex
1577 4398 1706 4470 hac
1775 4396 2052 4470 mortali
2099 4396 2238 4469 vita
2283 4395 2622 4478 decessit,
2675 4416 2819 4466 una
