3357 4995
248 314 466 382 JUNII
520 317 602 381 to
813 325 820 332 '
972 340 1051 387 nc
1100 342 1155 389 s.
1210 345 1495 395 nannum
1542 348 1686 394 Aac.
1740 348 1817 394 m·
1863 349 2052 397 nar.
2581 331 2712 396 239

244 443 308 504 et
352 451 389 498 e
442 424 780 498 redientes
828 424 1100 496 coelesti
1148 431 1755 500 communicantur
1802 431 2159 512 beneficio,
2197 432 2316 511 sed
2371 431 2531 503 latet
2557 456 2794 505 causa.

244 451 440 606 Quod
490 517 561 586 in
598 513 1120 615 Maurinopeus
1167 533 1513 608 operatur,
1567 523 1886 601 sentitur,
1957 520 2051 589 nil
2124 534 2352 590 tamen
2415 522 2643 613 ipsius
2704 523 2800 592 ibi

243 612 486 682 scitur.
543 603 732 677 Libet
769 615 836 673 et
872 603 984 672 hic
1019 605 1385 694 paululum
1422 608 1805 690 immorari,
1843 621 1909 679 et
1946 609 2019 678 in
2072 608 2410 679 miraculo
2446 610 2639 681 aliud
2679 613 2805 681 mi-

217 699 564 770 ·raculum
627 692 979 762 demirari.
1048 698 1261 764 Usum
1310 695 1422 766 hic
1468 719 1630 767 cum
1698 711 1947 769 natura
2013 698 2184 768 odor
2244 698 2570 789 perdidit.
2628 705 2796 771 Nam

239 811 404 860 cum
447 786 678 856 subito
713 783 1140 871 processerit,
1190 797 1340 873 post
1386 785 1563 856 duas
1596 798 1717 856 aut
1744 800 1880 857 tres
1930 788 2135 857 horas
2184 809 2372 858 more
2420 788 2626 858 solito
2660 810 2796 858 non

241 876 549 956 recessit,
606 892 731 943 nec
766 892 925 940 cum
977 871 1241 962 integro
1287 873 1399 943 die
1444 887 1736 945 aetatem
1787 876 2129 963 aequavit:
2182 876 2299 945 sed
2352 875 2491 946 fere
2533 888 2797 966 septem

239 967 512 1039 solibus
561 965 708 1033 sine.
755 960 1066 1050 exemplo
1104 962 1353 1032 senuit.
1387 968 1477 1032 De
1525 964 1738 1053 agris,
1778 965 1864 1035 de
1911 964 2156 1054 plateis
2204 965 2534 1047 curritur,
2596 965 2799 1035 irruit

239 1055 413 1125 alter
459 1066 613 1144 post
658 1052 979 1130 alterum,
1031 1049 1278 1120 facturi
1325 1052 1582 1140 quique
1631 1075 1754 1143 per
1794 1053 2059 1145 seipsos
2108 1053 2425 1124 insolitae
2476 1055 2795 1126 novitatis

238 1144 478 1214 fidem.
523 1147 785 1213 Rumor
811 1152 877 1210 et
905 1139 1074 1209 odor
1106 1161 1261 1209 vero
1302 1139 1640 1222 nituntur,
1680 1164 1891 1214 causa
1931 1164 2153 1230 neque
2200 1143 2405 1212 etiam
2437 1144 2789 1234 opinatur.

240 1238 454 1302 Datur
510 1229 784 1301 tandem
833 1228 1049 1320 gloria
1102 1232 1254 1306 Deo,
1309 1228 1527 1320 gloria
1581 1233 1891 1322 martyri.
1956 1236 2087 1308 Res
2138 1253 2439 1318 namque
2491 1231 2793 1302 nobilior

239 1321 325 1391 de
373 1319 746 1391 commisso
813 1317 1140 1388 redditur.
1197 1317 1450 1388 Thiedo
1503 1321 1773 1408 aperuit
1833 1321 2118 1390 verbum
2192 1321 2527 1390 emissum
2606 1321 2790 1410 patri

240 1408 665 1489 monasterii,
722 1408 792 1476 in
867 1407 1067 1495 cujus
1141 1406 1428 1477 tuitione
1475 1421 1575 1476 est
1637 1422 1946 1498 martyr:
2000 1408 2172 1478 alter
2246 1421 2399 1499 post
2449 1408 2787 1490 alterum,

237 1499 535 1586 quisque
565 1508 803 1566 notum
844 1495 1046 1583 quasi
1096 1516 1348 1565 novum
1412 1497 1707 1566 nuntiat.
1764 1503 1830 1568 Is
1876 1499 2057 1568 sicut
2102 1509 2205 1567 est
2252 1497 2470 1567 divini
2523 1498 2792 1568 timoris

239 1601 304 1657 et
349 1587 608 1658 amoris
655 1587 969 1685 apprime
1031 1584 1315 1654 scientia
1364 1585 1723 1668 erudituS,
1795 1587 2021 1656 sciens
2069 1587 2231 1674 quia
2281 1587 2517 1656 omnia
2576 1608 2792 1674 quae-

239 1697 542 1762 cumque
588 1674 803 1744 voluit
849 1673 1180 1742 Dominus
1226 1671 1408 1755 fecit,
1453 1674 1768 1745 animum
1803 1675 1964 1744 fidei
1998 1675 2209 1756 dedit,
2243 1688 2309 1744 et
2343 1677 2545 1745 totius
2573 1676 2791 1745 animi

239 1765 522 1855 organis
555 1761 835 1851 alleluja
881 1763 1132 1831 sonuit.
1187 1761 1450 1832 Placuit
1499 1775 1724 1834 tamen
1761 1766 1823 1833 ei
1871 1763 2049 1834 duos
2102 1786 2267 1834 suae
2315 1766 2796 1865 congregatio-

241 1855 350 1923 nis
398 1853 641 1923 fratres
671 1850 959 1930 mittere,
1011 1863 1351 1937 quatenus
1381 1864 1446 1920 et
1483 1873 1601 1921 eos
1643 1853 1713 1921 in
1747 1853 2013 1923 cultum
2063 1853 2285 1923 sancti
2329 1866 2673 1933 excitaret,
2729 1866 2793 1923 et

238 1942 546 2012 filiorum
581 1940 908 2010 relatione
955 1961 1160 2009 suum
1224 1961 1649 2028 suorumque
1707 1943 1975 2012 animos
2029 1940 2440 2012 indulcaret.
2497 1942 2786 2012 Profecti

238 2053 427 2121 erg0,
475 2051 609 2099 non
661 2029 886 2099 solum
937 2040 1013 2097 ut
1059 2027 1242 2097 dicta
1287 2027 1387 2099 eis
1428 2043 1589 2098 sunt
1626 2031 2061 2111 invenerunt,
2118 2031 2233 2101 sed
2280 2053 2513 2101 secum
2566 2030 2793 2100 fratri-

241 2120 374 2190 bus
423 2140 556 2188 non
597 2116 901 2187 modicas
948 2115 1179 2188 odoris
1216 2116 1520 2188 detulere
1550 2119 1903 2206 reliquias.
1945 2125 2225 2190 Putares
2278 2120 2463 2209 ipsos
2491 2120 2793 2189 affrictos

241 2222 304 2278 et
351 2229 587 2278 secum
643 2227 916 2294 quoque
968 2205 1158 2274 ibant
1204 2207 1647 2276 circumferre
1711 2221 2040 2277 aromata.
2096 2208 2520 2277 Venerabilis
2560 2223 2789 2278 autem

240 2295 638 2366 monasterii
689 2309 907 2365 rector
945 2294 1427 2395 magnitudine
1462 2297 1699 2386 gaudii
1727 2311 1793 2365 et
1839 2296 2208 2367 dulcedine
2240 2299 2454 2366 animi
2508 2296 2786 2365 demum

240 2395 568 2454 attractus
607 2384 981 2464 descendit,
1015 2383 1244 2452 divino
1293 2384 1607 2454 animum
1661 2399 1931 2455 nectare
1967 2387 2169 2475 pavit,
2224 2399 2288 2455 et
2336 2399 2527 2476 grata
2586 2385 2789 2454 vicis-

237 2473 541 2545 situdine
597 2473 800 2545 thura
837 2472 1067 2545 laudis
1118 2477 1249 2542 Deo
1300 2472 1533 2543 litavit.
1594 2473 1990 2546 Folcmarus
2038 2496 2312 2562 quoque
2376 2473 2788 2545 reverendus

238 2565 523 2633 antistes
549 2564 788 2652 etipse
827 2562 1199 2632 adveniens
1252 2583 1595 2631 rumorem
1646 2566 1858 2645 auxit,
1912 2579 1976 2634 et
2025 2565 2356 2634 honorem
2400 2563 2779 2651 ampliavit.

239 2657 522 2722 Sanctas
553 2674 850 2739 namque
881 2674 1038 2720 cum
1077 2673 1201 2721 suo
1241 2650 1446 2720 odore
1492 2652 1819 2739 reliquias
1868 2654 1935 2721 in
1980 2652 2222 2724 altario
2272 2654 2450 2721 beati
2483 2652 2781 2720 Severini

240 2740 509 2821 locavit,
562 2754 624 2810 et
662 2740 943 2829 junctos
994 2741 1060 2808 in
1097 2739 1308 2817 coelO,
1359 2740 1426 2807 in
1479 2742 1675 2810 terris
1726 2742 2031 2811 sociavit.

324 2834 361 2916 ξ
409 2834 504 2899 9.
559 2834 638 2898 In.
686 2830 1052 2918 semetipso
1099 2850 1370 2915 quoque
1419 2829 1599 2898 idem
1651 2831 1936 2901 antistes
1982 2853 2059 2899 ex
2113 2845 2300 2900 ertus
2354 2842 2477 2906 est,
2532 2829 2780 2915 quanti

241 2918 327 2986 sit
375 2918 561 3007 apud
621 2922 829 2986 Deum
894 2918 1117 2986 meriti
1173 2917 1529 2988 Maurinus
1576 2919 1903 2989 emeritus
1970 2920 2061 2988 mi
2092 2941 2189 3001 es,
2247 2918 2784 3009 superveniente

239 3022 536 3094 namque
577 3007 1037 3077 sacratissima
1073 3006 1416 3075 Paschalis
1456 3006 1696 3095 gaudii
1727 3007 2176 3088 solemnitate,
2215 3006 2595 3077 vehementi
2622 3028 2787 3075 ocu—

241 3094 459 3165 lorum
521 3095 753 3165 dolore
809 3097 1031 3184 coepit
1089 3094 1384 3186 fatigari.
1439 3093 1826 3166 Vir'autem
1883 3097 2310 3167 venerandus
2360 3095 2629 3186 flagello
2677 3094 2783 3163 di—

237 3185 435 3252 vinae
475 3184 967 3254 admonitionis
1008 3206 1225 3270 aequo
1270 3183 1551 3271 quidem
1585 3186 1819 3254 animo
1870 3188 2175 3256 membra
2216 3186 2608 3265 substravit,
2663 3184 2781 3253 sed

239 3295 546 3341 moerore
593 3273 898 3363 amplius
947 3273 1327 3353 deficiebat,
1366 3295 1448 3341 ne
1497 3273 1665 3343 sorte
1703 3274 1953 3344 nobilis
1987 3274 2261 3344 Colonia
2300 3275 2449 3344 sine
2498 3275 2776 3363 Episco-

242 3361 381 3461 pali
432 3360 660 3431 officio
700 3375 1013 3431 sanctum
1067 3376 1417 3452 perageret
1467 3362 1749 3432 Pascha.
1788 3364 2036 3445 Quinta
2085 3376 2310 3433 autem
2350 3363 2540 3442 feria,
2572 3384 2781 3449 quam

242 3449 712 3550 indulgentiae
762 3451 942 3519 diem
1020 3452 1428 3531 nominant,
1482 3451 1591 3520 vix
1644 3475 1893 3543 magno
1965 3452 2294 3522 imbecilli
2364 3452 2665 3522 hominis
2719 3464 2785 3522 et

239 3536 730 3608 devoti-animi
776 3539 1101 3609 conflictu
1146 3539 1562 3629 pontificalia
1611 3540 2141 3621 administravit,
2197 3553 2262 3611 et
2294 3562 2513 3629 usque
2546 3540 2628 3609 ad
2690 3538 2783 3609 le·-

237 3640 425 3697 ctum
478 3627 771 3717 languor
803 3628 1112 3708 invaluit,
1147 3629 1261 3697 sed
1312 3629 1476 3698 dum
1531 3631 1920 3699 Maurinum
1963 3631 2194 3699 animo
2247 3629 2552 3708 reducit,
2617 3651 2781 3698 con-

240 3715 476 3785 silium
523 3717 796 3806 praesul
849 3718 1129 3786 invenit.
1186 3718 1489 3804 Denique
1522 3732 1780 3807 patrem
1822 3719 2242 3797 monasterii,
2298 3719 2366 3786 in
2418 3741 2554 3805 quo
2596 3740 2778 3786 mar-

239 3808 492 3904 tyrium
534 3806 760 3875 Sancti
795 3806 987 3875 floret
1019 3807 1074 3886 ⁴²,
1133 3820 1389 3876 secreto
1423 3808 1691 3887 accivit,
1729 3807 1843 3876 cui
1877 3807 2232 3907 languoris
2269 3808 2378 3877 sui
2410 3807 2783 3876 inclemen-

239 3906 402 3962 tiam
458 3894 701 3984 paucis
749 3895 1061 3984 aperuit:
1119 3902 1400 3985 Semper
1445 3896 1761 3982 quidem,
1820 3896 2083 3982 inquit,
2139 3896 2504 3967 Christiani
2551 3897 2782 3966 animo

236 3982 488 4053 divina.
525 3982 977 4052 desideranda
1010 3997 1109 4053 est
1156 3985 1534 4075 correptio,
1587 4007 1765 4072 quae
1821 4006 2092 4075 semper
2141 3985 2302 4055 filiis
2350 3985 2426 4055 fit
2473 3986 2543 4053 in
2594 3986 2781 4054 salu-

242 4083 396 4139 tem.
454 4075 618 4142 Caro
666 4073 847 4141 enim
901 4075 1127 4142 attrita
1176 4074 1663 4143 conscientiam
1710 4086 1989 4164 purgat,
2044 4075 2363 4163 spiritum
2412 4074 2776 4144 emaculat.

240 4163 406 4229 Ecce
455 4159 741 4231 devotus
815 4174 1004 4251 porto
1054 4162 1456 4253 flagellum,
1510 4162 1694 4249 quod
1745 4163 1933 4233 misit
2005 4164 2371 4234 Dominus:
2428 4163 2541 4233 sed
2596 4163 2781 4231 vides

236 4262 541 4404 guantus
593 4249 964 4349 populosae
1012 4251 1307 4321 civitatis
1339 4251 1422 4327 ,in
1476 4251 1780 4322 Ecclesia
1826 4272 2231 4332 concursus,
2265 4252 2451 4321 vides
2488 4264 2781 4338 quantos

283 4359 320 4405 e
368 4338 852 4408 remotissimis
897 4340 1104 4408 etiam
1157 4339 1559 4430 regionibus
1609 4339 1968 4411 festivitate
2016 4341 2346 4412 invitante
2379 4340 2784 4411 confluxerit
2824 4424 2838 4443 Δ

285 4461 313 4485 ⁸
341 4461 492 4501 Idcst:
523 4461 791 4502 celebratur
812 4463 854 4502 8.
875 4462 1099 4510 Martyris
1122 4463 1348 4503 tumulus
