3357 4995
185 351 387 421 mm
440 356 466 418 ¹l
885 373 964 420 ns
1012 373 1104 421 ss.
1157 373 1269 421 mx.
1326 372 1642 421 murano
1691 372 1767 420 ετ
1816 372 2017 423 socns
2569 357 2651 421 ⁴9

191 456 418 547 Dystri‚
454 457 587 526 hoc
618 467 724 526 est
754 456 839 526 ad
877 457 1157 527 tertium
1181 462 1408 528 Nonas
1442 457 1688 540 Martii,
1721 457 1832 527 die
1862 456 2030 529 festo
2055 479 2192 545 quo
2221 457 2530 529 natalitia
2566 462 2728 528 For·

190 560 381 617 tunae
430 545 993 615 caesareensium
1039 546 1172 635 (sic
1217 547 1403 616 enim
1454 546 1860 637 putabatur)
1888 546 2223 617 celebrari
2257 547 2501 628 solent,
2538 546 2727 616 leoni

187 637 483 727 primum
513 633 602 703 ad
636 633 1173 724 discerpendum
1211 635 1555 725 projectus
1583 633 1737 706 fuit:
1774 634 2025 705 deinde
2057 634 2289 724 gladio
2319 633 2720 726 jugulatus,

184 724 342 794 obiit
374 735 694 793 mortem.
725 722 1038 792 Eubulus
1071 734 1300 794 autem
1328 722 1709 815 perendino
1740 723 1852 794 die
1881 722 1966 793 ad
2000 723 2363 794 meridiem
2398 724 2570 813 ipsis
2604 730 2738 795 No-

181 815 286 883 nis
316 812 565 891 Hartii‚
599 811 724 899 qui
749 822 851 881 est
875 812 1215 912 septimus
1243 811 1390 882 dies
1421 813 1670 902 Dystri‚
1700 835 1862 883 cum
1896 813 2097 882 'udex
2120 812 2319 882 illum
2347 810 2733 883 admodum

178 912 473 993 rogaret,
511 912 587 970 ut
635 900 896 972 hostias
940 899 1332 973 lmmolaret
1380 901 1607 983 idolis,
1643 922 1783 991 quo
1833 901 1880 971 li
1976 913 2144 971 rtate
2177 920 2417 972 eorum
2453 901 2729 990 legibus

177 990 453 1060 decreta
498 989 859 1079 potiretur,
910 990 1282 1080 gloriosam
1316 1003 1607 1061 mortem
1661 1013 1782 1081 pro
1824 993 2071 1080 pietate
2109 1003 2501 1081 susceptam
2554 990 2717 1059 huic

176 1082 354 1149 vitae
383 1078 576 1148 brevi
602 1089 670 1147 et
695 1076 1001 1148 caducae
1043 1080 1473 1168 praeposuit:
1527 1091 1593 1149 et
1622 1092 1777 1170 post
1805 1079 2189 1151 bestiarum
2221 1080 2545 1159 laniatuS,
2579 1078 2728 1167 gla-

176 1168 319 1248 dio,
368 1179 450 1236 ut
492 1166 725 1237 socius
764 1177 920 1235 ante
966 1166 1206 1246 illum,
1255 1168 1640 1239 trucidatus
1690 1168 1855 1239 fuit:
1910 1169 2284 1256 omniaque
2334 1179 2726 1256 martyrum

175 1255 559 1328 certamina
591 1260 956 1326 Caesareae
994 1255 1305 1327 confecta
1337 1276 1465 1326 suo
1506 1279 1632 1326 san
1692 1257 1851 1326 uine
1883 1269 2272 1348 postremus
2305 1256 2723 1346 obsignavit.

265 1347 304 1432 ἓ
333 1348 491 1416 10.
527 1349 880 1414 Caeterum
907 1366 1157 1434 operae
1181 1345 1478 1436 pretium
1507 1358 1610 1415 est
1691 1368 1771 1415 oc
1803 1345 1953 1416 loco
1984 1366 2554 1425 commemorare,
2593 1365 2732 1432 quo

182 1445 383 1525 pacto
430 1433 732 1513 tandem,
774 1455 912 1502 non
961 1433 1169 1521 idque
1219 1434 1425 1523 longo
1459 1446 1768 1524 ternpore
1815 1447 1990 1525 post,
2039 1433 2353 1505 coelestis
2396 1446 2461 1504 et
2499 1433 2734 1503 divina

182 1520 610 1612 providentia
658 1543 777 1591 eos
825 1523 1078 1613 impios
1134 1523 1584 1613 magistratus
1624 1545 1788 1593 cum
1839 1524 2012 1613 ipsis
2052 1523 2367 1613 tyrannis
2415 1521 2564 1594 ulta
2613 1523 2725 1592 sit.

180 1616 349 1681 Nam
402 1609 870 1692 FirmilianuS‚
913 1612 1035 1698 qui
1071 1623 1210 1680 tam
1245 1611 1633 1702 petulanter
1680 1624 1744 1682 et
1800 1612 2298 1683 contumeliose
2356 1611 2426 1680 in
2477 1610 2731 1681 Christi

180 1712 519 1788 martyres
565 1699 1032 1770 debacchatus
1063 1698 1331 1777 fuisset,
1383 1723 1544 1770 cum
1581 1698 1739 1770 aliis
1786 1701 2099 1789 ejusdem
2143 1700 2430 1771 sceleris
2451 1700 2732 1790 partici-

183 1788 395 1879 pibus
426 1800 730 1857 extrema
776 1787 1125 1879 supplicia
1172 1789 1458 1860 subiens
1505 1786 1738 1879 gladio
1778 1789 1988 1859 finem
2043 1789 2317 1858 vivendi
2365 1788 2546 1858 fecit.

653 2029 847 2095 ITEM
897 2029 1005 2094 EX
1050 2029 1417 2096 EJUSDEM
1470 2030 1694 2096 LIBRI
1747 2030 1918 2107 VIII,
1974 2030 2140 2095 CAP.
2199 2034 2262 2094 8.

272 2228 460 2292 Inter
495 2244 673 2310 quos
706 2220 1101 2322 (martyres)
1146 2233 1292 2292 erat
1337 2220 1767 2313 Pamphilus,
1818 2221 2135 2292 omniurn
2179 2222 2732 2294 necessariorum

180 2333 497 2381 meorum
542 2309 714 2378 mihi
765 2330 1061 2380 maxlme
1111 2310 1569 2391 desideratus,
1626 2310 1729 2378 vir
1783 2333 1863 2381 ex
1921 2311 2251 2381 omnibus
2304 2310 2730 2400 martyribus

177 2400 397 2469 nostri
447 2399 802 2489 temporiS‚
858 2411 1135 2490 propter
1181 2399 1387 2488 cujus
1437 2421 1525 2469 ue
1585 2400 1857 2489 generis
1911 2400 2230 2470 virtutem
2282 2399 2483 2469 facile
2584 2420 2733 2477 rae,-

177 2489 674 2562 stantissimus.
713 2487 938 2578 Hujus
969 2488 1039 2558 in
1078 2488 1352 2559 dicendi
1391 2421 1719 2559 &acultate
1766 2502 1831 2559 et
1880 2488 2461 2578 Philosophorum
2566 2487 2729 2556 isci—

177 2579 393 2668 plinis
428 2578 744 2647 Urbanus
772 2582 800 2646 I
828 2577 1215 2668 periculum
1243 2576 1423 2657 fecit3
1459 2576 1710 2648 deinde
1737 2578 2019 2669 impulit
2040 2577 2127 2646 ad
2156 2575 2727 2646 sacrificandum.

175 2673 395 2750 Quem
421 2678 501 2736 ut
533 2665 809 2755 penitus
857 2677 1285 2746 renuentem,
1333 2681 1398 2736 et
1435 2668 1663 2738 minas
1705 2688 1828 2756 pro
1866 2667 2082 2735 nihilo
2124 2675 2488 2754 putantem
2521 2662 2716 2742 vidit,

172 2756 699 2826 ad‘extremum
764 2754 904 2825 bile
958 2767 1023 2825 et
1066 2754 1299 2825 furore
1360 2767 1771 2835 commotu3‚
1831 2754 2304 2844 asperioribus
2368 2752 2731 2828 tormentis

171 2845 377 2915 illum
426 2842 727 2914 cruciari
763 2842 1066 2914 mandat.
1113 2849 1336 2927 Quare
1379 2844 1943 2915 immanissimus
1984 2842 2100 2912 ille
2128 2855 2195 2912 et
2231 2841 2527 2911 maxime
2569 2862 2732 2910 cru—

172 2934 347 3004 delis
396 2938 701 3013 praeses,
745 2933 1077 3002 continua
1133 2945 1499 3006 acutarum
1550 2932 2050 3003 novacularum
2100 2931 2464 3010 incisione,
2541 2951 2727 2999 mar-

172 3024 343 3112 tyris
393 3023 608 3093 latera
644 3022 890 3091 acerbe
928 3033 1303 3112 pungente,
1334 3021 1481 3110 jam
1514 3021 1653 3091 fere
1687 3020 2000 3098 satiatus,
2039 3031 2105 3090 et
2140 3019 2424 3090 tandem
2456 3018 2729 3110 pudore

174 3112 513 3189 suffusus,
576 3110 645 3178 in
700 3132 1085 3190 carcerem,
1144 3111 1270 3181 ubi
1323 3110 1577 3199 reliqui
1635 3108 2063 3200 confessores
2115 3122 2337 3191 erant,
2402 3107 2731 3178 concludi

161 3201 399 3292 jussit.
452 3205 705 3270 Verum
761 3200 1039 3288 qualem
1088 3198 1477 3270 mercedem
1536 3198 1854 3269 Urbanus
1903 3198 1990 3268 ob
2040 3209 2302 3281 tantam
2369 3196 2730 3267 saevitiam

169 3301 235 3360 et
265 3289 772 3370 crudelitatem,
809 3312 947 3377 qua
995 3300 1348 3389 tantopere
1395 3288 1466 3358 in
1504 3299 1780 3360 sanctos
1815 3289 1931 3357 Dei
1980 3298 2046 3357 et
2094 3286 2343 3356 Christi
2381 3297 2726 3374 martyres

171 3379 557 3460 insultavit,
595 3399 677 3448 ex
718 3378 898 3449 'usta
932 3378 1049 3447 Dei
1086 3377 1349 3448 ultione
1381 3390 1447 3446 et
1485 3376 1791 3446 vindicta
1831 3388 1983 3466 post
2023 3388 2316 3446 mortem
2359 3374 2730 3443 habiturus

170 3480 353 3538 esset
396 3489 479 3537 ex
530 3401 896 3557 suppiicii's
942 3466 1044 3536 illi
1094 3467 1167 3535 in
1217 3466 1347 3535 hac
1378 3467 1514 3554 vita
1545 3466 1851 3546 inflictis,
1904 3484 2082 3552 quae
2128 3476 2327 3534 erant
2368 3475 2726 3549 tamquam

171 3555 570 3627 futurorum
603 3557 973 3646 prooemia,
1007 3555 1209 3625 facile
1243 3554 1492 3624 licebat
1519 3553 2094 3630 animadvertere.
2143 3558 2308 3622 Nam
2343 3573 2478 3620 non
2515 3549 2758 3640 longo'

173 3655 486 3736 tempore
542 3657 696 3734 post
748 3644 1054 3715 facinora
1101 3665 1279 3732 quae
1325 3643 1421 3712 in·
1456 3641 1900 3733 Pamphilum
1948 3641 2210 3711 nefarie
2256 3640 2729 3719 consciverat,

174 3734 420 3804 divina
441 3732 639 3814 ulti0‚
684 3733 852 3804 dum
903 3717 1134 3804 adhuc
1182 3731 1682 3823 praefecturam
1768 3731 2023 3810 erebat,
2064 3753 2225 3800 eum
2265 3752 2347 3800 ex
2377 3728 2736 3818 inopinato

173 3823 417 3893 adorta
462 3834 568 3892 est
613 3822 701 3892 ad
748 3823 935 3893 hunc
967 3822 1279 3892 modum.
1316 3821 1445 3903 Qui
1471 3755 1893 3911 jamdudum
1926 3821 1998 3889 in
2041 3818 2328 3908 sublimi
2361 3831 2426 3888 et
2453 3817 2724 3887 excelso

172 3912 427 3984 sedens
464 3910 638 3983 solio
665 3911 936 4001 judicia
968 3911 1199 3991 dabat,
1234 3910 1355 3998 qui
1396 3908 1716 3979 satellitio
1749 3907 2035 3978 militari
2068 3908 2398 4002 stipatus„
2420 3907 2546 3994 qui
2578 3906 2735 4006 uni-

82 4068 92 4078 ,
170 4022 411 4072 versae
476 3999 1021 4070 Palaestinorum
1078 3998 1304 4090 gentis
1355 3999 1777 4079 PraefectuS‚
1830 3997 1954 4085 qui
2003 3997 2356 4066 convictor
2404 4007 2727 4084 tyranni,

175 4099 533 4178 tamquam
600 4089 663 4158 ei
727 4089 1061 4169 intimuS,
1129 4088 1253 4176 qui
1308 4086 1620 4177 ejusdem
1674 4107 1952 4156 mensae
2001 4106 2163 4156 cum
2214 4085 2348 4155 illo'
2385 4085 2733 4175 particeps

170 4192 337 4262 erat,
384 4177 692 4247 vindicta
738 4177 855 4247 Dei
886 4199 1029 4246 una
1073 4189 1272 4247 nocte
1320 4197 1459 4245 non
1508 4174 1736 4244 solum
1786 4175 1916 4244 fuit
1967 4174 2174 4245 tantis
2222 4173 2583 4266 dignitatis
2618 4194 2730 4241 or-

172 4268 521 4337 namentis
568 4266 876 4346 orbatus,
926 4265 1349 4355 ignominiae
1395 4276 1461 4333 et
1507 4263 1829 4334 dedecori
1878 4285 2114 4334 coram
2156 4263 2437 4333 illorum
2468 4260 2724 4338 oculis,

169 4357 289 4442 qui
334 4378 500 4427 eum
548 4367 628 4424 ut
676 4354 1063 4445 principem
1111 4353 1435 4423 admirati
1485 4352 1822 4434 fuissent,
1878 4352 2278 4443 expositus.
2326 4350 2616 4420 timidus
2664 4362 2728 4418 et

173 4443 473 4536 ignavus
533 4443 798 4526 sactus,
861 4442 1032 4513 adeo
1085 4455 1164 4514 ut
1217 4463 1415 4512 voces
1465 4441 1842 4513 muliebres
1897 4442 2191 4531 turpiter
2245 4440 2600 4519 funderet,
2662 4449 2727 4505 et
