3357 4995
684 310 769 374 86
1146 326 1486 375 mansur.
1542 327 1633 376 ss.
1689 329 1802 376 nu.
1859 327 2040 374 rimu
2085 327 2160 374 ar
2206 325 2583 375 nitentum
2832 309 3053 375 JUNII
3103 309 3146 376 2

594 430 782 479 unus
829 407 914 476 de
969 405 1471 479 habitatoribus
1522 407 1653 479 loci
1701 409 1913 500 gibbo
1961 408 2368 499 depressuS,
2435 407 2739 479 maxillis
2786 408 2996 478 etiarn
3064 429 3152 477 ex

596 496 815 566 nimio
861 495 1170 565 dentium
1218 495 1476 579 dolore,
1528 518 1738 585 quem
1789 510 1864 568 ut
1911 499 2060 590 ipse
2105 496 2378 568 dicebat
2423 495 2774 566 diutinum
2829 496 3146 585 patieba-

597 599 731 665 tur,
766 585 981 654 nimio
1013 596 1282 655 tumore
1307 585 1649 668 distentis,
1683 586 1949 656 furcam
1985 586 2307 657 ferratam
2343 585 2413 654 in
2456 585 2634 656 collo
2665 585 2914 664 ferens,
2957 583 3147 654 idem

598 687 868 763 pratum
908 672 1337 745 furibundus
1365 675 1664 756 intravit,
1703 688 1768 745 et
1815 698 1941 745 cur
1982 687 2255 766 pratum
2311 696 2523 746 suum
2573 672 3143 764 depascerentur,

598 761 1094 832 stomachando
1128 774 1591 853 percontatur.
1638 765 1761 834 Cui
1812 764 2151 836 Diaconus
2189 763 2311 851 qui
2362 761 2691 851 reliquias
2752 774 3144 851 martyrum

583 852 875 931 'fereban
919 864 986 920 et
1031 872 1147 922 eas
1195 865 1359 921 tunc
1407 853 1477 920 in
1519 853 1917 923 summitate
1949 854 2205 954 virgae,
2258 874 2470 940 quam
2505 852 2592 922 ob
2626 851 2755 921 hoc
2801 853 2874 920 in
2899 850 3148 920 eodem

599 940 747 1011 loco
780 939 1042 1020 fixerat,
1097 939 1521 1030 suspendere
1569 941 1879 1031 parabat,
1934 942 2201 1022 Melum,
2244 940 2492 1033 inquit.
2556 940 2680 1011 tibi
2743 953 2868 1020 est,
2907 952 2987 1010 ut
3032 961 3153 1008 co·

596 1051 740 1099 ram
793 1029 902 1098 his
953 1032 1359 1099 Sanctorum
1396 1029 1731 1116 reliquiiS,
1784 1052 1959 1118 quas
2006 1031 2121 1100 hic
2169 1030 2241 1098 in
2304 1029 2633 1099 manibus
2682 1028 2924 1109 habeo,
2981 1049 3150 1118 pro-

597 1117 952 1196 sternaris,
987 1121 1341 1205 Demnque
1390 1138 1611 1208 roges,
1652 1132 1731 1189 ut
1754 1132 1817 1189 te
1854 1142 1972 1211 per
2004 1119 2246 1189 merita
2276 1117 2680 1188 eorumdem
2731 1122 3150 1189 Sanctorum

600 1206 685 1275 de
732 1205 988 1286 dolore,
1054 1227 1260 1293 quem
1312 1207 1588 1296 pateris,
1654 1207 1948 1279 liberare
1994 1206 2340 1298 dignetur.
2397 1212 2562 1276 Nam
2615 1220 2843 1276 tumor
2898 1206 3020 1292 qui
3070 1205 3148 1275 in

596 1294 770 1365 facie
804 1308 924 1364 tua
972 1294 1262 1376 videtur,
1316 1307 1602 1365 testatur
1648 1295 1951 1385 aliquem
2004 1318 2334 1387 magnum
2388 1296 2458 1364 in
2506 1316 2622 1365 ore
2662 1307 2780 1364 tuo
2828 1316 2978 1366 esse
3018 1294 3150 1363 do-

596 1384 837 1453 lorem.
874 1381 966 1451 Ad
1020 1383 1186 1453 haec
1236 1384 1440 1454 homo
1490 1385 1789 1475 projecta
1852 1386 2047 1457 furca
2107 1406 2318 1471 quam
2371 1405 2585 1453 manu
2647 1383 2927 1464 serebat,
2984 1396 3152 1453 ante

597 1471 949 1559 Reliquias
1016 1494 1279 1562 pronus
1327 1474 1613 1554 corruit,-
1662 1488 1750 1554 et,
1818 1486 1895 1545 ut
1946 1474 2285 1543 Diaconus
2324 1473 2388 1541 ei
2434 1473 2678 1550 suasit,
2743 1494 2869 1562 pro
2918 1472 3155 1543 salute

598 1583 724 1630 sua
778 1560 1064 1630 Domino
1112 1561 1552 1652 supplicavit.
1587 1567 1719 1632 Nec
1768 1562 1975 1653 longa
2024 1562 2428 1652 interposita
2462 1563 2653 1630 mora
2686 1561 2778 1630 ita
2811 1583 3030 1631 sanus
3058 1561 3149 1630 ab

596 1650 901 1719 oratione
935 1651 1253 1732 surrexit,
1293 1662 1369 1720 ut
1417 1672 1543 1720 nec
1593 1663 1822 1721 tumor
1860 1652 1931 1720 in
1989 1650 2184 1731 facie,
2228 1671 2351 1720 nec
2411 1649 2608 1720 dolor
2659 1650 2728 1718 in
2781 1649 3140 1730 dentibu3‚

597 1760 722 1806 nec
773 1737 1059 1837 gibbuS‚
1134 1760 1270 1825 quo
1320 1739 1784 1829 premebatur,
1841 1751 2223 1810 remaneret
2291 1739 2361 1808 in
2411 1737 2638 1809 dorso.
2693 1745 2780 1808 Ac
2848 1738 3149 1828 proinde

596 1839 864 1896 concito
898 1826 1120 1918 gradu
1149 1827 1378 1897 vicum
1430 1828 1808 1918 ingressuS,
1844 1849 2085 1898 omnes
2114 1829 2540 1918 propinquos
2570 1849 2649 1897 ac
2691 1827 2954 1897 vicinos
2979 1848 3149 1896 suos

598 1916 669 1983 in
713 1914 951 1984 eodem
995 1915 1143 1985 loco
1190 1916 1597 1987 constitutos
1649 1917 1734 1986 ad
1800 1917 2072 1987 laudem
2139 1921 2270 1986 Deo
2330 1916 2719 1995 dicendam,
2773 1928 2838 1985 et
2886 1916 3150 2006 gratias

599 2004 865 2075 Christo
916 2005 1203 2074 Domino
1252 2004 1643 2078 referendas
1683 2006 2012 2076 invitavit.

688 2095 724 2180 ξ
773 2096 865 2162 9.
922 2093 1262 2163 Confluxit
1309 2095 1379 2162 in
1433 2106 1703 2182 pratum
1758 2096 2003 2185 ingens
2037 2094 2277 2185 populi
2322 2093 2720 2172 multitudo,
2775 2105 2841 2161 et
2893 2114 3017 2183 pro
3069 2115 3151 2162 eo

600 2183 721 2269 qui
765 2194 1048 2251 sanatus
1092 2181 1337 2262 fuerat,
1392 2183 1648 2272 gratias
1696 2196 1936 2254 actura
1983 2183 2537 2272 circumjacentis
2586 2181 2889 2271 regionis
2944 2182 3151 2252 turba

598 2282 1014 2360 congregata
1073 2284 1197 2340 est.
1256 2275 1523 2361 Rogant
1579 2293 1820 2341 omnes
1872 2272 2288 2351 Diaconum,
2360 2284 2436 2340 ut
2484 2271 2674 2339 illam
2730 2283 2995 2339 noctem
3051 2270 3152 2340 ibi

599 2372 1021 2428 moraretur:
1096 2381 1219 2428 nec
1268 2358 1386 2428 ille
1432 2359 1531 2428 eis
1580 2359 1710 2428 hoc
1761 2381 2012 2450 negare
2075 2371 2360 2450 poterat,
2422 2360 2589 2446 quia
2685 2359 2858 2427 arati
2920 2373 3148 2439 erant,

598 2448 733 2517 nisi
785 2448 1168 2531 assentiret,
1200 2447 1405 2518 etiam
1456 2448 1748 2520 invitum
1786 2449 2115 2519 detinere.
2157 2381 2700 2521 Ducuntdeindb
2736 2447 3149 2548 pervigilem

597 2550 889 2618 noctem,
928 2549 993 2608 et
1049 2538 1119 2607 in
1170 2538 1285 2607 Dei
1336 2537 1664 2608 laudibus
1731 2550 1866 2609 tota
1931 2539 2118 2629 regio
2182 2539 2569 2623 resonabat.
2627 2543 2703 2606 In
2753 2546 3149 2607 crastinum

595 2641 825 2696 autem
861 2649 1020 2696 cum
1074 2626 1418 2697 Diaconus
1465 2628 1594 2696 iter
1640 2649 1847 2698 suum
1889 2649 2134 2718 capere
2180 2628 2540 2727 coepisset,
2572 2626 2801 2696 omnis
2834 2624 2951 2694 illa
2983 2649 3153 2696 con-

595 2714 857 2806 gregati
909 2715 1149 2805 populi
1199 2715 1585 2803 frequentia
1639 2716 2010 2787 abeuntem
2078 2738 2241 2786 cum
2309 2715 2572 2807 ingenti
2621 2714 2990 2784 devotione
3031 2736 3152 2784 co-

595 2805 833 2874 mitata
873 2817 996 2886 est,
1044 2826 1169 2873 nec
1217 2817 1374 2873 ante
1421 2804 1523 2873 vel
1574 2806 1952 2876 subsistere
2001 2805 2103 2874 vel
2140 2803 2492 2874 discedere
2526 2803 2764 2883 voluit,
2805 2824 3018 2890 quam
3060 2804 3154 2874 ab

595 2892 774 2971 aliis,
820 2914 997 2978 quos
1044 2893 1362 2963 miraculi
1413 2893 1625 2981 hujus
1659 2893 1841 2964 sama
1876 2902 2362 2971 commoverat,
2397 2893 2670 2962 obviam
2701 2891 2837 2961 sibi
2864 2892 3152 2962 venien-

597 2981 785 3050 tibus
833 2980 1075 3050 fuisset
1103 2993 1447 3072 exceptus.
1490 2986 1629 3051 Hoc
1680 2983 1885 3052 modo
1934 3005 2172 3052 sacrae
2234 2994 2618 3070 martyrum
2679 2980 3019 3067 reliquiae
3070 3004 3155 3051 ex

596 3068 810 3158 hujus
858 3070 1217 3139 occasione
1264 3070 1585 3139 miraculi
1624 3093 1663 3138 a
1713 3072 1993 3161 populis
2032 3070 2311 3140 illarum
2375 3070 3145 3160 regionumexceptae,

595 3170 661 3226 et
709 3155 795 3225 ad
845 3155 1206 3226 basilicam
1259 3162 1323 3227 S.
1371 3157 1602 3239 Salvii,
1647 3180 1786 3246 quo
1832 3181 1950 3230 eas
2001 3172 2421 3229 memoratus
2452 3158 2788 3248 Georgius
2834 3159 3146 3239 miserat,

598 3245 887 3315 Domino
927 3245 1220 3316 ducente
1270 3246 1570 3334 perlatae
1603 3261 1787 3317 sunt.
1847 3253 1985 3318 Hoc
2038 3248 2316 3338 signum
2373 3247 2595 3337 ipsius
2646 3247 2920 3337 Georgii
2971 3247 3153 3317 rela-

598 3335 781 3404 tione
813 3346 1081 3405 constat
1128 3334 1299 3403 mihi
1333 3355 1481 3404 esse
1511 3348 1968 3425 compertum.
2002 3341 2093 3405 De
2141 3336 2428 3406 caeteris
2478 3348 2704 3405 autem
2750 3357 2928 3422 quae
2955 3358 3151 3406 nunc

596 3422 890 3493 dicenda
925 3434 1110 3504 sunt,
1151 3424 1238 3494 ab
1284 3445 1363 3493 eo
1399 3423 1714 3493 libellum
1764 3426 2022 3515 accepi,
2062 3426 2265 3515 cujus
2318 3424 2487 3495 ordo
2538 3424 2639 3494 vel
2693 3424 2907 3495 series
2955 3425 3151 3495 hunc

597 3512 880 3581 modum
934 3512 1188 3583 habere
1217 3512 1686 3603 cognoscitur.

685 3603 721 3686 ξ
767 3605 925 3673 1⁰.
981 3606 1172 3670 Anno
1218 3600 1737 3688 quartodecimo
1782 3600 1995 3690 (827),
2033 3602 2297 3673 Christo
2348 3600 2670 3691 propiti0,
2711 3601 2985 3689 imperii
3019 3606 3152 3670 Lu—

596 3688 820 3758 dovici
870 3690 1180 3780 Augusti,
1215 3711 1374 3759 cum
1417 3689 1501 3758 ad
1552 3690 2133 3760 corroborandam
2184 3689 2556 3759 Christiani
2607 3690 2851 3779 populi
2901 3689 3142 3771 fidem,

596 3778 778 3847 sicut
824 3777 893 3845 in
938 3778 1133 3847 initio
1184 3777 1530 3847 nascentis
1581 3778 1921 3848 Ecclesiae
1969 3779 2169 3869 signa
2198 3792 2262 3847 et
2296 3777 2493 3879 prodi
2548 3778 2612 3847 ia
2646 3779 2715 3847 in
2769 3778 2920 3869 ipso
2961 3780 3149 3868 regis

597 3865 852 3955 palatio
902 3887 1022 3956 per
1071 3868 1315 3936 merita
1356 3872 1763 3936 Sanctorum
1805 3889 2092 3937 suorum
2121 3871 2455 3937 Dominus
2537 3868 2890 3956 ignaretur
2915 3879 3149 3936 osten-

594 3955 794 4023 dere:
851 3955 1042 4045 petiit
1089 3968 1155 4024 et
1199 3955 1499 4025 obtinuit
1530 3954 1864 4044 Georgius
1905 3957 2263 4046 presbyter
2309 3952 2722 4047 Aquisgrani
2774 3955 3032 4044 palatio
3059 3956 3149 4024 ab

597 4043 945 4113 Einhardo
980 4044 1233 4113 Abbate
1282 4043 1613 4131 reliquias
1660 4045 2019 4114 beatorum
2057 4044 2306 4113 Christi
2338 4058 2719 4133 martyrum
2758 4042 3150 4113 Marcellini

595 4143 660 4203 et
708 4133 906 4213 Petri,
960 4154 1261 4220 quorum
1310 4154 1596 4223 corpora
1640 4134 1789 4223 ipse
1817 4132 1903 4202 de
1954 4138 2169 4202 Roma
2210 4154 2331 4221 per
2379 4131 2697 4203 homines
2745 4154 2910 4202 suos
2936 4131 3150 4202 allata

596 4242 822 4310 nuper
868 4234 1263 4310 acceperat:
1316 4243 1569 4308 easque
1616 4220 1688 4290 in
1731 4242 1962 4311 capsa,
1997 4243 2209 4309 quam
2240 4243 2411 4291 auro
2459 4234 2524 4291 et
2558 4221 2852 4312 gemmis
2892 4219 3147 4290 decen-

596 4323 698 4379 ter
729 4323 1110 4391 ornaverat,
1152 4310 1539 4381 reconditas
1623 4331 1699 4380 er
1748 4310 2128 4380 Diaconum
2178 4330 2383 4381 suum
2437 4310 2719 4379 nomine
2766 4309 3149 4379 Theothar-

596 4399 790 4480 dum,
842 4398 929 4469 ad
982 4398 1334 4471 basilicam
1390 4403 1455 4469 S.
1497 4404 1583 4468 Sa
1618 4396 1707 4468 rii
1751 4398 2099 4488 martyriS,
2143 4418 2352 4485 quam
2409 4399 2556 4488 ipse
2592 4411 2753 4468 tunc
2809 4399 3147 4488 temporis
