3357 4995
182 331 360 403 JUNII
402 340 439 403 5
822 355 899 402 ni:
946 354 1002 402 s.
1057 355 1391 404 nominoio
1439 353 1641 404 Episc.
1695 354 1770 401 ΕΤ
1818 354 2006 400 mar.
2481 333 2607 398 ΜΒ

189 439 460 526 promisit
505 460 578 510 se
624 461 786 509 eum
867 451 971 509 ost
1008 439 1277 511 obitum
1327 462 1535 511 suum
1572 439 1910 523 omnium.
1942 437 2349 508 facultatum
2400 446 2465 505 et
2498 457 2694 526 prae-

191 525 417 596 diorum
468 548 753 599 suorum
864 528 1178 598 aeredem
1245 530 1699 620 scripturum.
1753 525 2032 597 Addidit
2099 525 2334 605 etiam,
2392 524 2698 594 lubricae

191 617 349 684 aetati
394 629 459 687 et
506 615 861 707 fragilitati
911 616 1258 687 humanae
1308 616 1838 688 tolerabiliorem
1875 637 2026 684 esse
2055 614 2267 684 vitam
2308 634 2459 682 eam
2521 634 2697 700 quae

191 702 246 770 in
285 707 559 786 actione,
594 727 802 792 quam
837 725 1015 791 quae
1046 707 1115 775 in
1166 705 1745 804 contemplatione
1779 704 2106 774 ducatur:
2165 701 2522 788 satiusque
2550 723 2696 771 esse

189 791 329 862 inter
359 794 741 864 mediocres
790 793 889 862 vel
938 795 1143 864 etiam
1196 795 1474 867 infimos
1504 794 1700 885 regni
1741 792 2054 862 coelestis
2088 792 2274 860 cives
2308 789 2558 860 studiis
2597 790 2697 857 fa·-

184 880 507 953 cilioribus
555 882 1085 952 contubernium
1138 884 1425 962 ambire,
1469 905 1678 971 quam
1733 881 1815 951 ad
1860 880 2187 950 sublimia
2235 878 2352 947 illa
2400 899 2477 947 ac
2528 899 2700 967 pene

182 968 612 1059 impossibilia
662 970 1095 1060 perfectionis
1143 971 1522 1042 certamina
1557 970 1785 1062 primo
1831 969 2111 1058 quidem
2166 967 2458 1037 fidenter
2503 989 2697 1035 acce-

178 1057 331 1137 dere,
387 1060 508 1130 sed
546 1059 1229 1150 postea'difficultate
1262 1060 1734 1140 absterritum,
1791 1081 1831 1127 a
1880 1068 2116 1147 coepto
2156 1056 2472 1125 deficere.

246 1153 280 1229 ἓ
316 1153 415 1220 2.
472 1152 549 1217 At
581 1159 750 1238 puer
797 1160 1101 1230 sanctus,
1160 1150 1293 1218 'am
1347 1149 1592 1218 virtute
1631 1147 1870 1217 divina
1918 1146 2192 1238 plenuS,
2235 1157 2494 1233 quanto
2538 1165 2693 1212 eum

172 1249 343 1324 pater
386 1237 664 1306 enixius
698 1237 1055 1308 revocabat
1087 1171 1172 1306 aii
1203 1260 1282 1307 ea
1311 1259 1489 1325 quae
1540 1249 1704 1307 sunt
1752 1235 1999 1306 mundi
2036 1234 2268 1324 hujuS,
2318 1244 2504 1302 tanto
2537 1255 2694 1323 pro-

171 1325 370 1412 posito
416 1348 550 1396 suo
598 1326 909 1395 tenacius
959 1326 1288 1408 inhaesit,
1342 1339 1407 1396 et
1480 1326 1566 1395 ad
1619 1346 1975 1394 sacrarum
2026 1322 2252 1393 studia
2333 1322 2692 1391 literarum

168 1413 509 1486 ardentius
572 1415 922 1503 aspiravit.
1000 1420 1237 1503 Itaque
1301 1415 1476 1484 miro
1538 1413 1814 1483 divinae
1879 1411 2370 1481 moderationis
2430 1410 2697 1501 judicio

170 1500 404 1572 factum
457 1515 597 1580 est,
652 1515 728 1571 ut
776 1516 988 1592 pater,
1049 1505 1169 1592 qui
1219 1503 1407 1573 solus
1469 1503 1864 1582 resistebat,
1919 1500 2274 1590 repentino
2339 1511 2697 1588 correptus

168 1591 414 1671 morb0‚
474 1612 513 1659 a
561 1612 689 1660 sua
737 1593 1071 1670 sententia
1133 1592 1536 1671 discederet,
1583 1612 1880 1682 puerum
1933 1610 2018 1660 ue
2123 1610 2197 1658 er
2245 1587 2531 1658 idoneos
2579 1587 2701 1655 ho-

169 1679 372 1748 mines
420 1679 512 1750 ad
564 1681 1058 1749 monasterium
1107 1680 1293 1768 quod
1356 1680 1584 1769 prisco
1635 1680 1901 1750 vocabu
1931 1700 1970 1749 o
2018 1681 2063 1746 A
2117 1688 2546 1746 escancaster
2592 1674 2698 1744 di-

165 1767 329 1837 citur
353 1769 411 1850 ⁴,
448 1767 769 1851 mitteret,
812 1769 1261 1839 commedans
1307 1789 1468 1837 eum
1500 1766 1944 1858 WolphardO,
1981 1764 2354 1835 venerabili
2387 1763 2695 1855 ejusdem

167 1857 558 1928 monasterii
623 1856 885 1927 Abbati.
940 1862 986 1926 A
1033 1878 1172 1944 quo
1229 1878 1393 1928 sane
1442 1877 1567 1945 pro
1635 1856 2055 1925 monasticae
2116 1854 2291 1923 vitae
2356 1853 2690 1932 institut0‚
2754 1877 2774 1893 =

167 1942 455 2036 benigne
506 1957 892 2036 susceptus,
940 1945 1400 2033 fratribusque
1448 1944 2000 2024 commendatuS‚
2054 1943 2376 2012 universa
2424 1941 2701 2032 religio-

166 2034 265 2102 nis
309 2033 660 2113 exercitia‚
712 2056 888 2121 quae
944 2033 1065 2104 illa
1112 2048 1297 2104 aetas
1344 2032 1756 2113 admitteret,
1813 2046 1878 2102 et
1936 2031 2145 2122 probe
2216 2030 2584 2111 inchoavit,
2637 2042 2702 2100 et

166 2121 227 2190 in
276 2123 425 2193 dies
465 2121 717 2192 melius
769 2134 1172 2212 prosecutus
1219 2134 1344 2193 est.

238 2214 411 2298 §a
472 2211 600 2280 Ubi
648 2222 876 2280 autem
924 2233 961 2281 e
1014 2212 1308 2302 pueritia
1366 2212 1694 2290 excessit,
1752 2208 2145 2297 usqueadeo
2211 2209 2276 2276 in
2344 2206 2701 2277 venerabi-

162 2297 322 2370 lium
376 2306 656 2369 Patrum
702 2300 1011 2370 instituta
1041 2314 1106 2370 et
1154 2322 1419 2371 sacram
1463 2300 1826 2370 lectionem
1862 2297 2150 2375 incubit‚
2207 2311 2283 2366 ut
2334 2296 2701 2365 momentis

163 2389 489 2459 omnibus
535 2410 665 2459 sua
725 2389 795 2457 in
860 2388 978 2458 illo
1027 2390 1311 2459 virtutes
1359 2400 1796 2480 capesserent
1862 2388 2310 2466 incrementa,
2380 2383 2701 2474 implere-

165 2489 401 2565 turque
445 2475 618 2548 illud
675 2477 1197 2577 propheticum:
1237 2479 1446 2549 Ibunt
1492 2477 1579 2548 de
1622 2478 1872 2547 virtute
1903 2476 1973 2545 in
2007 2475 2352 2545 virtutem.
2401 2473 2703 2560 Denique

163 2586 312 2635 curn
343 2565 750 2637 incessabili
778 2580 1177 2637 sanctarum
1208 2569 1713 2658 scripturarum
1750 2563 2179 2635 meditationi
2217 2561 2519 2640 deditus,
2559 2580 2705 2630 om·

166 2674 308 2723 nem
341 2653 689 2743 regularis
718 2656 894 2725 vitae
940 2654 1411 2746 disciplinam,
1451 2656 1582 2727 sub
1612 2656 1789 2745 ejuS,
1824 2675 2033 2742 quem
2063 2652 2392 2731 diximus,
2429 2650 2705 2720 Abbatis

167 2742 683 2830 gubernatione,
752 2745 957 2812 annis
1004 2766 1142 2814 non
1192 2746 1435 2835 paucis
1489 2755 1787 2815 sectatus
1835 2753 2052 2820 esset,
2107 2761 2231 2810 nec
2282 2753 2507 2809 tamen
2558 2739 2704 2808 illic

168 2845 436 2921 propter
470 2830 828 2901 doctorum
881 2833 1184 2903 virorum
1238 2834 1623 2933 penuriam,
1680 2832 2084 2901 inexhauste
2112 2852 2237 2899 suo
2271 2850 2504 2900 sacras
2537 2830 2706 2898 scri-

172 2932 395 3019 pturas
446 2920 911 3010 cognoscendi
959 2921 1302 2992 desiderio
1352 2933 1582 3011 posset
1628 2919 2045 3000 satisfacere,
2105 2918 2455 3019 permissu
2486 2918 2706 2988 Abba—

173 3018 248 3076 tis
273 3022 336 3078 et
368 3009 667 3079 fratrum
719 3031 1030 3090 suorum,
1063 3009 1148 3079 ad
1183 3012 1708 3092 monasterium,
1753 3009 1935 3097 quod
1975 3007 2316 3095 hodieque
2364 3005 2706 3078 Nutscelle

173 3094 410 3168 dicitur
434 3098 536 3177 5³⁴,
592 3119 664 3169 se
710 3098 1024 3179 contulit,
1062 3112 1128 3168 et
1166 3099 1401 3169 beatae
1453 3099 1823 3169 memoriae
1865 3097 2195 3167 Winberti
2234 3095 2535 3176 Abbaiis‚
2583 3096 2705 3182 qui

175 3195 320 3256 tunc
360 3187 467 3257 illi
521 3200 850 3276 praeerat,
898 3187 1293 3277 magisterio
1326 3210 1398 3257 se
1446 3186 1777 3260 subdidit.
1815 3187 1918 3258 Ibi
1959 3207 2116 3256 vero
2168 3197 2308 3254 tum
2348 3190 2706 3254 Gramma-

174 3272 328 3372 ticae
371 3288 442 3345 et
492 3276 744 3355 Poesis,
801 3288 948 3347 tum
999 3276 1330 3367 spiritalis
1363 3276 1859 3367 intelligentiae
1891 3287 2122 3366 optata
2168 3273 2554 3343 eruditione
2589 3295 2707 3362 po·

174 3374 345 3442 titus,
384 3363 561 3435 adeo
607 3364 833 3464 coepit
862 3365 1108 3439 ‚haberi
1155 3365 1471 3446 celebriS,
1524 3378 1613 3435 ut·
1648 3364 1832 3434 fama
1880 3364 2232 3435 doctrinae
2264 3363 2414 3452 ejus
2449 3362 2706 3451 passim

176 3448 414 3524 diffusa
447 3452 625 3525 alios
661 3465 865 3524 etiam
916 3453 1242 3533 alliceret,
1294 3465 1371 3524 ut
1419 3476 1491 3524 se
1541 3454 1609 3522 in
1659 3454 1811 3542 ejus
1859 3453 2204 3522 traderent
2233 3449 2700 3540 disciplinam.

181 3541 448 3611 Interim
484 3540 601 3611 ille
628 3554 815 3612 tanta
855 3542 1011 3612 licet
1036 3542 1385 3632 praeditus
1415 3544 1726 3623 scientia,
1763 3541 1935 3611 nihil
1988 3539 2398 3611 efferebatur
2444 3539 2703 3617 anim0,

182 3631 542 3723 neminem,
597 3631 719 3718 qui
771 3632 1064 3701 tenuiori
1111 3644 1291 3701 esset
1330 3631 1633 3722 ingenio,
1689 3630 2077 3721 spernebat,
2117 3628 2230 3700 sed
2277 3640 2536 3715 quanto
2565 3648 2710 3695 ma-

174 3718 292 3802 Jori
339 3730 491 3788 tum
540 3719 951 3801 eruditione,
989 3732 1138 3791 tum
1174 3721 1421 3790 virtute
1471 3742 1632 3811 prae
1681 3719 1967 3790 caeteris
2001 3716 2333 3787 divinitus
2364 3715 2710 3785 afficieba-

183 3815 297 3904 tur,
355 3818 546 3877 tanto
596 3808 930 3879 humilior
974 3821 1041 3878 et
1095 3808 1400 3880 devotior
1446 3820 1653 3897 atque
1703 3829 1899 3900 prom
1955 3808 2085 3878 tior
2130 3805 2215 3875 ad
2268 3805 2475 3875 totius
2521 3826 2711 3874 com-

182 3896 643 3967 miserationis
683 3909 748 3966 et
802 3897 1253 3988 subjectionis
1311 3896 1626 3969 studium
1689 3896 1904 3967 sentie
1954 3906 2131 3967 atur.
2206 3900 2460 3964 Memor
2524 3893 2711 3962 enim

181 3997 310 4054 erat
343 3985 723 4055 sententiae
769 3984 1003 4057 illius:
1057 3991 1324 4068 Quanto
1372 4008 1486 4056 ma
1539 4008 1672 4056 nus
1712 4008 1809 4066 es,
1844 3984 2138 4055 humilia
2168 3993 2230 4053 te
2256 3983 2326 4052 in
2358 3981 2708 4054 omnibus.

254 4073 290 4158 ἓ
336 4077 425 4146 4.
479 4078 648 4143 Cum
700 4074 912 4164 igitur
957 4075 1058 4144 sic
1104 4073 1225 4144 ille
1271 4073 1445 4145 alios
1543 4074 1882 4146 umilitate
1930 4096 2010 4143 ac
2058 4071 2483 4160 subJectione
2523 4082 2714 4141 ante-

181 4170 474 4242 verteret,
544 4175 611 4231 et
656 4160 857 4233 illum
919 4161 1065 4245 alii,
1127 4164 1379 4253 partim
1432 4164 1814 4255 sapientiae
1851 4164 2002 4255 ejus
2048 4161 2374 4252 opinione
2419 4160 2707 4241 incitati,

178 4249 419 4333 partim
468 4249 930 4322 saluberrima
975 4251 1127 4342 ejus
1188 4251 1506 4324 doctrina
1567 4253 1869 4335 imbuti,
1940 4252 2197 4323 honore
2262 4270 2390 4321 ceu
2448 4263 2710 4339 patrem

219 4406 244 4429 ⁸
272 4406 696 4457 anglo-saxonibus
723 4408 1035 4460 Εωακωασισν,
1064 4412 1208 4462 vulgo
1234 4411 1460 4463 Excutior,
1487 4409 1670 4456 Latinis
1701 4412 1888 4455 Etonia.
1919 4413 1974 4451 ad
2011 4412 2160 4451 Iseum
2192 4411 2291 4451 utve
2311 4410 2478 4449 Eccum
2498 4408 2711 4447 fluvium.

225 4459 273 4483 ‘⁶
301 4459 430 4503 Alta
446 4463 665 4504 Numano
690 4462 743 4505 iu
768 4463 1120 4506 &athamanico
1147 4464 1390 4507 dieti-ictu.

327 4543 567 4603 surius
584 4574 608 4588 ·
633 4541 800 4605 Vitae
824 4543 932 4608 88.
955 4574 980 4592 -
997 4543 1124 4608 Vol.
1166 4541 1264 4604 VI.
2518 4540 2557 4598 8
