3357 4995
303 255 523 323 JUNII
575 258 600 319 t
617 256 657 320 6
1092 275 1171 321 na
1217 276 1275 322 s.
1327 271 1574 323 somme
1621 275 1851 323 rame.
1902 275 2088 323 arms
2648 260 2779 325 403

313 357 686 449 deplorans
716 415 731 440 ‚
785 370 851 429 et
895 358 1177 429 fervidis
1239 358 1326 429 ad
1378 364 1589 429 Deum
1694 359 1969 430 recibus
2024 381 2149 448 pro
2196 381 2439 430 eorum
2488 362 2708 432 salute
2755 361 2872 431 de-

313 448 748 548 precabatur,
802 461 1009 535 atque
1055 449 1172 530 ita,
1207 448 1627 536 quemadmo
1681 471 1799 519 um
1829 448 2006 522 servi
2041 449 2156 518 Dei
2196 449 2441 530 solent,
2481 473 2552 522 se
2599 451 2684 519 de
2723 452 2869 523 suis

313 536 621 609 mimicis
651 536 1143 619 ulciscebatur,
1197 549 1275 607 ut
1313 539 1653 628 cujusque
1699 539 2058 617 animum,
2113 560 2252 624 quo
2294 539 2518 629 magis
2575 540 2706 610 sibi
2755 562 2867 610 ex-

311 626 654 716 periretur
701 625 1079 706 infensum,
1117 649 1278 696 eum
1317 625 1708 714 majoribus
1738 626 2163 697 demulceret
2199 626 2445 699 officiis
2480 627 2861 699 charitatis.

399 717 437 802 ξ
483 720 630 787 18.
703 715 964 784 Etenim
1015 737 1157 785 una
1204 727 1350 785 erat
1396 715 1815 796 sollicitudo,
1879 738 2023 785 una
2071 737 2261 796 cura,
2329 739 2469 786 una
2516 718 2862 807 cogitatio,

310 826 397 872 ne
432 809 609 875 Deus
660 805 958 893 peccatis
989 805 1357 874 hominum
1393 805 1878 885 offenderetur;
1914 804 2090 886 iden,
2127 827 2288 875 cum
2322 804 2392 874 id
2444 805 2546 875 vel
2596 807 2870 876 audiret

307 893 412 962 vel
461 892 740 973 videret,
781 893 1078 963 maxime
1125 895 1185 962 si
1233 894 1647 984 prohibendi
1700 893 1996 963 facultas
2045 892 2239 963 nulla
2287 907 2699 984 superesset,
2759 896 2868 965 in-

305 984 478 1052 timo
508 981 766 1053 doloris
797 1004 1007 1054 sensu
1036 982 1389 1065 urebatur,
1443 995 1520 1052 ut
1565 1005 1646 1052 ex
1694 983 1918 1053 oculis
1952 982 2324 1070 lacrymae,
2361 1005 2397 1052 e
2440 998 2708 1073 pectore
2747 1006 2868 1053 su-

303 1072 527 1161 spiria
575 1084 1149 1161 prorumperent,
1202 1084 1269 1141 et
1315 1072 1664 1141 interdum
1693 1127 1708 1152 ,
1775 1092 1937 1161 prae
1996 1071 2258 1140 doloris
2331 1071 2816 1162 magnitudine
2846 1128 2861 1153 ‚

306 1182 484 1251 pene
523 1161 758 1230 animo
806 1160 1147 1241 deficeret,
1187 1173 1265 1230 ut
1313 1173 1493 1230 recte
1523 1181 1683 1230 cum
1718 1170 1954 1230 sancto
1989 1160 2241 1229 Davide
2288 1161 2671 1231 exclamare
2707 1183 2866 1252 pos-

303 1260 453 1320 set:
507 1253 798 1339 Defectio
848 1252 1061 1319 tenuit
1117 1273 1222 1318 me
1288 1273 1419 1339 pro
1467 1251 1926 1340 peccatoribus
1983 1251 2595 1350 derelinquentibus
2651 1254 2867 1340 leqem

304 1352 497 1408 tuam
544 1341 682 1428 (Ps.
739 1345 809 1408 Μ
825 1339 918 1428 8).
960 1338 1165 1407 Plena
1211 1340 1397 1407 enim
1446 1352 1511 1408 et
1560 1339 1827 1428 integra
1873 1338 2206 1408 charitate
2255 1363 2324 1407 ιη
2362 1344 2575 1409 Deum
2617 1340 2868 1429 flagra-

302 1429 447 1510 bat,
490 1433 700 1497 Deum
754 1428 969 1496 menti
1016 1440 1443 1516 praesentem
1500 1427 1762 1513 ubique
1815 1426 2151 1506 habebat,
2208 1449 2414 1514 quem
2465 1429 2744 1497 assidue
2793 1430 2865 1498 in

303 1516 513 1587 corde
553 1516 891 1607 gestabat,
920 1538 1140 1603 neque
1177 1517 1265 1585 ab
1304 1517 1455 1606 ejus
1486 1516 1901 1585 suavissimo
1933 1517 2302 1606 complexu
2335 1518 2482 1586 ulla
2514 1540 2584 1588 re
2614 1516 2864 1588 avelle·
2929 1557 2934 1562 ι

306 1608 533 1676 batur:
576 1605 816 1676 nullus
852 1605 950 1673 illi
987 1619 1132 1675 erat
1172 1627 1419 1687 sermo,
1458 1605 1593 1673 nisi
1635 1604 1719 1672 de
1753 1610 1883 1673 Deo
1917 1604 2310 1692 divinisque
2361 1606 2592 1685 rebus;
2648 1612 2862 1676 Deum

309 1698 381 1764 in
441 1694 791 1786 prosperis
833 1694 1203 1770 laudabat,
1268 1693 1351 1763 ad
1418 1699 1628 1763 Deum
1683 1692 2122 1784 confugiebat
2173 1695 2244 1763 in
2299 1695 2645 1775 adversiS,
2699 1718 2863 1764 eum

307 1783 714 1854 consulebat
749 1784 815 1850 in
869 1783 1126 1862 dubiis,
1178 1785 1246 1852 in
1295 1805 1375 1852 eo
1414 1805 1651 1853 omnes
1686 1782 1973 1852 delicias
2019 1796 2083 1852 et
2127 1782 2533 1872 voluptates,
2582 1806 2863 1853 omnem

307 1872 962 1944 consolationemet
1008 1871 1371 1962 gaudium,
1426 1872 1611 1958 quod
1674 1894 1809 1940 non
1854 1871 2058 1941 datur
2107 1872 2378 1961 impiis,
2444 1871 2858 1943 collocatum

308 1962 647 2031 habebat:
703 1983 810 2030 ma
869 1982 1028 2029 nam
1071 1961 1289 2031 noctis
1340 1974 1600 2051 partem
1644 1982 1850 2030 orans
1893 1961 2350 2060 transigebat3
2404 1961 2685 2047 quando
2737 1983 2862 2052 po-

307 2064 521 2129 terat,
576 2051 645 2118 in
695 2051 985 2119 eccesia
1055 2071 1284 2119 coram
1348 2054 1787 2121 sacrosancta
1858 2049 2288 2118 Eucharlstia
2335 2050 2857 2120 immaculatam

308 2139 601 2208 hostiam
655 2138 963 2224 quotidie
1013 2144 1145 2208 Deo
1194 2140 1568 2209 immortali
1618 2139 1964 2218 offerebat,
2001 2143 2081 2206 ea
2136 2138 2450 2208 coelestis
2501 2140 2856 2208 suavitatis

302 2225 698 2382 (dulcedine,
737 2250 816 2297 eo
864 2227 1123 2296 fervore
1162 2229 1541 2309 charitatis,
1589 2239 1666 2297 ut
1715 2249 1885 2317 pene
1922 2250 1963 2296 a
2011 2227 2333 2297 sensibus
2382 2227 2724 2296 alienatus
2761 2229 2861 2295 vi-

353 2328 602 2387 eretur.

393 2408 611 2490 §14
670 2404 1085 2475 Rebellantis
1111 2406 1343 2475 carnis
1391 2418 1618 2474 motus
1667 2404 1953 2473 salutari
2005 2405 2461 2494 poenitentiae.
2486 2404 2860 2492 disciplina

304 2493 661 2564 obterendi
711 2506 908 2574 sunt,
948 2507 1013 2564 et
1068 2495 1318 2565 terreni
1365 2495 1673 2584 corporis
1725 2493 1971 2563 infesta
2037 2493 2224 2563 labes
2273 2493 2567 2584 spiritali
2628 2493 2859 2584 vigore

303 2584 636 2653 calcanda
683 2597 807 2651 est.
866 2590 948 2652 Ut
996 2584 1208 2673 igitur
1235 2605 1418 2663 cam,
1465 2606 1643 2670 quae
1675 2583 2464 2672 concupiscitadversus
2504 2583 2853 2673 spiritum,

302 2674 493 2741 omni
546 2685 852 2741 terrenae
893 2672 1315 2741 infirmitatis
1364 2672 1663 2762 pondere
1714 2672 2047 2763 deposito,
2104 2672 2189 2741 ad
2245 2676 2458 2741 Deum
2522 2671 2858 2741 anhelan-

302 2775 438 2831 tem
490 2762 812 2851 spiritum
857 2773 1276 2847 sequeretur,
1338 2783 1576 2830 servus
1634 2762 1774 2839 Dei,
1828 2762 2071 2831 ceteris
2120 2759 2449 2830 omnibus
2504 2761 2736 2830 suavis
2795 2772 2861 2831 et

304 2851 515 2931 mitis,
562 2852 687 2920 uni
737 2850 871 2918 sibi
920 2872 1123 2940 asper
1170 2862 1539 2938 sancteque
1570 2851 1925 2927 inimicus,
1974 2873 2229 2939 corpus
2261 2850 2588 2919 domabat
2622 2872 2858 2940 asper-

305 2940 484 3008 rimo
534 2940 787 3018 cilicio,
843 2939 1148 3009 cruentis
1187 2939 1796 3028 flagellationibus,
1832 2939 2018 3008 brevi
2068 2962 2335 3020 somn0,
2383 2961 2600 3026 eoque
2648 2962 2729 3008 su
2784 2961 2858 3007 er

299 3028 493 3098 nuda
536 3028 769 3097 tabula
818 3041 936 3096 aut
987 3028 1183 3096 humi
1212 3042 1434 3119 capto,
1488 3051 1706 3116 aquae
1741 3042 1926 3119 potu,
1967 3028 2220 3115 vilique
2267 3040 2334 3098 et
2375 3028 2646 3097 modico
2672 2962 2854 3106 cibo,

296 3140 438 3204 quo
471 3131 758 3186 mortem
811 3128 1071 3186 arceret
1121 3117 1349 3207 potius
1396 3139 1606 3204 quam
1650 3118 1900 3185 famem
1955 3117 2255 3207 pelleret,
2312 3140 2406 3198 se,
2453 3131 2528 3186 ut
2578 3123 2707 3186 Deo
2759 3117 2862 3185 vi-

290 3219 500 3286 veret,
560 3206 1027 3276 sustentabat:
1095 3206 1328 3293 itaque
1383 3228 1629 3275 omnes
1677 3207 1898 3275 animi
1951 3219 2178 3277 motus
2219 3206 2392 3276 adeo
2438 3207 2858 3296 compositos

294 3309 504 3382 atque
535 3296 605 3363 in
657 3299 786 3365 sua
836 3306 1162 3385 potestate
1211 3295 1528 3375 habebat,
1593 3308 1667 3365 ut
1716 3294 1957 3364 nullus
2011 3318 2320 3382 unquam
2376 3296 2443 3363 in
2494 3318 2573 3365 eo
2621 3298 2858 3366 obser—

296 3397 500 3454 vatus
546 3385 773 3465 fuerit,
808 3384 930 3471 qui
963 3384 1045 3454 ad
1080 3396 1385 3454 exactam
1435 3385 1853 3455 christianae
1897 3384 2331 3473 perfectionis
2383 3384 2691 3474 regulam
2717 3405 2854 3453 non

294 3474 696 3543 conveniret
731 3498 744 3541 :
800 3495 1162 3560 nunquam
1195 3473 1280 3542 de
1313 3496 1385 3542 se
1424 3474 1709 3560 suisque
1739 3473 1946 3543 rebus
1998 3474 2063 3540 in
2165 3474 2408 3542 loriam
2433 3474 2547 3542 Dei
2596 3485 2659 3542 et
2695 3495 2856 3560 pro-

296 3563 649 3633 ximorum
690 3563 985 3633 salutem
1033 3564 1242 3652 gestis
1281 3564 1485 3632 verba
1534 3562 1857 3641 faciebat;
1970 3575 2121 3631 ratu
2153 3562 2433 3631 antibus
2490 3576 2718 3631 autem
2771 3562 2857 3630 de

292 3663 392 3720 tot
428 3652 896 3741 pertinacibus
924 3651 1286 3721 haerefficis
1337 3652 1688 3722 conversis
1736 3651 1821 3720 ad
1873 3650 1918 3719 fi
1972 3673 2107 3732 em,
2143 3664 2208 3721 et
2254 3651 2643 3721 innumeris
2695 3673 2856 3740 pec-

293 3739 652 3810 catoribus
699 3740 786 3808 ad
837 3741 1324 3830 poenitentiam
1369 3740 1724 3820 traductis,
1780 3739 2085 3809 modeste
2161 3740 2656 3830 respondebat:
2712 3746 2854 3809 Non

294 3854 441 3920 eqo,
476 3831 592 3899 sed
622 3833 817 3898 Deus.

384 3921 421 4004 ἓ
467 3923 610 3991 15.
666 3923 935 3987 Honore
984 3919 1070 3988 ab
1092 3919 1249 3988 aliis
1278 3918 1563 3988 affectus
1593 3932 1658 3987 et
1700 3918 2028 3987 laudibus
2059 3932 2368 3999 ornatus,
2418 3918 2857 3987 vehementer

297 4006 573 4077 dolebat
619 4019 683 4076 et
722 4008 1018 4099 graviter
1068 4009 1466 4078 tristabatur
1515 4007 1791 4077 laudem
1843 4008 1975 4076 sibi
2025 4008 2261 4086 tribui,
2314 4030 2490 4094 quae
2549 4013 2675 4076 Deo
2726 4007 2855 4075 soli

296 4096 683 4176 deberetur,
744 4097 971 4187 palam
1007 4096 1355 4175 dictitans,
1397 4098 1455 4165 si
1510 4097 1720 4186 probe
1779 4110 1983 4166 notus
2029 4108 2247 4176 esset,
2303 4120 2383 4166 ac
2435 4118 2558 4186 pro
2610 4097 2855 4164 merito

298 4198 727 4267 tractaretur,
767 4208 838 4255 se
900 4186 1482 4276 praetereuntium
1536 4185 1872 4275 pedibus,
1941 4197 2017 4254 ut
2067 4185 2482 4255 vilissimum
2534 4186 2852 4254 omnium

297 4273 719 4355 mortalium,
765 4274 1242 4364 proculcatum
1280 4276 1389 4343 iri.
1444 4280 1608 4345 Nam
1653 4296 1734 4344 cx
1783 4276 2224 4346 veracissima
2275 4275 2548 4343 divinae
2580 4273 2855 4361 magui-

295 4361 560 4432 tudinis
607 4374 673 4433 et
720 4364 1063 4434 humanae
1094 4364 1449 4455 parvitatis
1488 4364 1840 4455 agnitione
1885 4377 1951 4434 et
1987 4364 2492 4455 abjectissimae
2543 4360 2850 4431 filiorum
