3357 4995
636 340 765 405 326
1449 355 1529 402 ni:
1576 355 1633 402 S.
1688 354 1935 403 nAsmo
1980 339 2196 403 nono
2740 337 2963 404 JUNII
3013 339 3097 403 tt

547 454 684 513 tres
732 440 1149 530 confregisse
1195 437 1523 521 calamos,
1582 439 1751 508 dum
1797 440 1930 509 mei
1982 440 2183 510 vellet
2229 439 2418 510 exilii
2466 440 2874 510 sententiam
2923 442 3098 511 scri-

548 532 733 614 bere,
803 542 867 599 et
930 530 1280 600 veritatem
1348 528 1744 598 obscurare.
1814 534 1891 598 At
1951 529 2201 598 calami
2250 529 2444 599 nullo
2493 550 2704 598 sensu
2759 530 3095 620 praediti,

550 621 702 708 ejus
760 619 1263 690 inconstantem
1323 639 1460 687 non
1514 616 1730 687 tulere
1776 618 2142 708 impetum,
2213 619 2580 709 potiusque
2633 639 2706 687 se
2750 618 3100 708 confringi

551 709 939 788 voluerunt,
985 729 1193 793 quam
1244 707 1395 796 ejus
1451 707 1785 776 inservire
1819 707 2115 793 injustae
2146 707 2542 777 sententiae.
2601 707 2891 776 Veniens
2941 729 3103 777 vero

551 796 978 867 Antiochiam
1018 795 1341 877 Basilius,
1380 795 1649 865 sistitur
1677 794 1946 886 judicio
2006 796 2386 887 praesidis:
2440 817 2577 882 quo
2629 807 3097 886 percontante,

552 909 676 956 cur
705 885 1145 986 Imperatoris
1170 905 1304 953 non
1339 884 1867 974 amplecteretur
1898 884 2130 965 fidem,
2168 884 2562 975 respondit:
2608 907 2644 949 «
2673 884 2863 954 Absit
2891 908 2931 954 a
2961 906 3097 964 me,

550 988 630 1045 ut
695 975 1000 1046 veritatis
1054 973 1234 1043 viam
1277 972 1616 1054 deseram,
1655 986 1722 1043 et
1768 974 2129 1044 erraticam
2180 975 2621 1043 Arrianorum
2677 995 3101 1064 pravamque

550 1064 947 1154 opinionem
1000 1061 1401 1152 amplectar.
1458 1065 1809 1131 Homousii
1829 1063 2088 1152 quippe
2137 1063 2406 1132 fidema
2491 1062 2758 1132 atribus
2790 1062 3102 1164 accepi.»

551 1158 627 1222 Et
675 1153 841 1242 quia
889 1157 1166 1221 Praeses
1233 1171 1470 1220 necem
1535 1150 1635 1219 illi
1697 1152 2163 1221 comminatus
2210 1164 2377 1232 erat,
2484 1151 2603 1220 ixit
2647 1151 2711 1220 ei
2760 1151 3097 1221 Basilius:

554 1241 916 1330 Contingat
973 1239 1148 1309 mihi
1196 1261 1321 1330 pro
1368 1239 1644 1308 veritate
1677 1239 1890 1329 hujus
1937 1241 2247 1330 corporis
2293 1240 2598 1329 expediri
2651 1239 2969 1320 vinculis,
3030 1240 3101 1309 id

553 1331 736 1400 enim
766 1331 912 1420 jam
972 1328 1188 1397 ridem
1241 1327 1413 1397 mihi
1446 1328 1517 1396 in
1559 1329 1733 1398 votis
1765 1343 1890 1398 est.
1945 1335 2074 1398 Vos
2123 1329 2337 1419 igitur
2382 1340 2645 1397 vestrae
2687 1327 2894 1398 nolite
2943 1351 3105 1420 pro-

552 1418 873 1489 missioni
956 1439 1168 1486 eesse.
1223 1416 1609 1487 Praefectus
1644 1430 1873 1487 autem
1938 1418 2118 1488 beati
2168 1419 2295 1487 viri
2345 1417 2803 1487 constantiam
2858 1430 2924 1486 et
2971 1418 3106 1486 im-

556 1505 962 1578 mutabilem
1013 1506 1419 1575 sententiam
1472 1508 1743 1595 aperuit
1812 1507 2239 1597 Imperatori,
2295 1505 2533 1575 dicens
2593 1505 2818 1574 virum
2890 1507 3102 1574 minis

557 1617 708 1667 esse
783 1596 1257 1684 superiorem,
1326 1595 1915 1682 inflexibilemque
1967 1609 2171 1682 atque
2219 1596 2307 1666 ab
2356 1594 2752 1664 adulatione
2800 1593 3099 1664 alienam

559 1685 813 1754 habere
847 1684 1281 1773 sapientiam.
2052 1751 2057 1754 ,
3150 1685 3161 1694 ”

647 1776 684 1860 ξ
730 1778 873 1846 14.
929 1777 1310 1863 Imperator
1380 1774 1593 1863 igitur
1644 1773 1875 1842 furore
1935 1771 2263 1853 ardens,·
2293 1794 2374 1842 co
2425 1772 2638 1842 itabat
2708 1793 2848 1858 qua
2901 1770 3103 1840 illum

562 1873 779 1932 morte
812 1861 1130 1931 afficeret.
1187 1867 1263 1930 Et
1308 1884 1465 1931 ecce
1511 1861 1703 1931 filius
1750 1863 1900 1949 ejus
1935 1859 2202 1933 Galates
2235 1882 2386 1929 mor
2435 1883 2475 1930 o
2522 1860 2917 1950 corripitur,
2961 1871 3029 1929 et
3066 1882 3105 1928 a

561 1950 849 2020 medicis
907 1950 1042 2018 vita
1089 1952 1238 2036 ejus
1285 1950 1713 2042 desperatur.
1769 1956 1977 2022 Mater
2024 1962 2253 2019 autem
2307 1950 2709 2041 Imperatori
2751 1949 3101 2031 resistens,

561 2039 763 2109 dixit:
802 2038 971 2107 Male
1009 2038 1413 2128 disposuisti
1462 2062 1540 2108 ea
1588 2061 1767 2126 quae
1803 2062 1845 2108 a
1891 2044 2024 2108 Deo
2072 2048 2257 2112 sunt.
2309 2051 2374 2108 et
2405 2060 2562 2108 ecce
2612 2060 2783 2128 puer
2815 2038 3110 2107 moritur

561 2141 841 2219 propter
877 2126 1135 2197 illatam
1175 2129 1508 2198 sacerdoti
1547 2129 1656 2197 Dei
1686 2127 2040 2219 injuriam.
2080 2127 2350 2210 Quibus
2389 2128 2669 2208 auditis,
2709 2127 2956 2196 Valens
2985 2126 3108 2196 ad·-

559 2230 755 2286 vocat
793 2216 1151 2297 Basilium,
1196 2217 1396 2303 eique
1444 2217 1642 2286 dicit:
1685 2218 1753 2286 Si
1801 2239 1959 2286 vera
2012 2228 2174 2287 sunt
2214 2221 2483 2305 Deoque
2538 2229 2732 2307 grata
2781 2229 2897 2285 tua
2937 2216 3106 2305 dog-

565 2319 770 2385 mata,
813 2305 1135 2396 precibus
1176 2306 1312 2374 tuis
1361 2305 1487 2375 filii
1528 2306 1662 2375 mei
1712 2305 2215 2396 aegritudinem
2273 2303 2562 2396 depelle.
2607 2305 2727 2375 Cui
2778 2305 3097 2374 Basilius:

561 2421 585 2457 «s
622 2395 686 2464 Si
712 2393 1151 2484 amplexaris,
1197 2396 1445 2480 inquit,
1486 2400 1887 2485 Imperator,
1923 2394 2370 2465 orthodoxam
2402 2394 2636 2474 fidem,
2673 2406 2739 2462 et
2764 2393 3108 2464 Ecclesiae

557 2483 943 2555 restituitur
981 2484 1213 2553 unitas
1260 2496 1325 2554 et
1371 2484 1762 2566 concordia,
1806 2483 1995 2554 filius
2043 2496 2206 2555 tuus
2254 2484 2450 2554 vivet.
2498 2507 2535 2550 »
2580 2487 3001 2572 Imperatore
3035 2482 3106 2552 id

559 2573 1024 2663 promittente,
1060 2572 1357 2642 Basilius
1405 2573 1555 2643 sine
1603 2596 1795 2643 mora
1845 2573 2043 2663 pueri
2079 2573 2395 2643 morbum
2447 2571 2788 2641 relevavit.
2842 2577 2918 2640 At
2953 2593 3109 2661 pra-

557 2685 681 2731 vae
732 2662 1107 2731 sententiae
1157 2662 1476 2753 Episcopi
1532 2684 1730 2731 suam
1795 2683 1933 2731 non
1982 2662 2273 2732 ferentes
2320 2662 2802 2752 ignominiam,
2858 2661 2918 2729 si
2967 2682 3105 2730 non

556 2751 842 2820 victoria
892 2751 1300 2841 potirentur,
1343 2763 1834 2841 persuaserunt
1880 2750 2285 2841 Imperatori
2333 2772 2419 2819 ne
2468 2750 2555 2819 de
2612 2772 2740 2819 sua
2785 2750 3115 2840 opinione

553 2839 935 2919 decederet,
977 2839 1094 2910 sed
1147 2840 1458 2929 ipsorum
1494 2839 1813 2929 religioni
1853 2839 2338 2920 subscriberet,
2384 2851 2589 2926 atque
2636 2838 2727 2907 ita
2810 2861 2885 2907 er
2921 2839 3113 2929 ipsos

557 2950 853 3017 puerum
933 2942 1252 2996 sanatum
1316 2929 1423 2997 iri.
1507 2928 1634 2998 Sed
1692 2929 2035 3011 ‘continuo
2103 2928 2173 2996 in
2225 2927 2506 2997 illorum
2572 2928 2755 2996 mani
2813 2949 2896 2996 us
2937 2948 3114 3017 puer

555 3017 879 3107 spiritum
938 3016 1259 3085 reddidit.
1325 3016 1502 3085 Vidit
1575 3017 1740 3086 haec
1789 3016 2129 3099 defensor,
2191 3029 2257 3086 et
2326 3029 2560 3107 postea
2606 3016 2691 3085 ad
2761 3015 3111 3085 Valentem

557 3111 1050 3193 Imperatorem
1085 3106 1319 3176 retulit
1349 3105 1433 3174 de
1467 3106 1701 3174 Basilii
1734 3105 2136 3176 virtutibus:
2172 3128 2345 3193 quas
2386 3105 2502 3175 ille
2540 3104 2921 3185 admirans,
2958 3102 3110 3195 glo-

559 3194 872 3279 rificabat
941 3198 1180 3274 Deum,
1229 3216 1348 3283 per
1383 3194 1613 3283 ipsum
1666 3193 2093 3265 defensorem
2146 3190 2594 3265 multam‘illi
2654 3192 2956 3283 largiens
3041 3214 3114 3261 e-

560 3283 867 3362 cuniam,
913 3282 981 3349 in
1026 3304 1194 3352 usus
1227 3304 1629 3372 egenorum.
1665 3283 1964 3353 Basilius
2003 3296 2232 3353 autem
2261 3281 2705 3372 Imperatoris
2736 3281 2972 3371 magni
3030 3302 3115 3351 ca

556 3372 738 3440 dona
788 3371 1149 3460 recipiens,
1206 3372 1501 3441 extruxit
1549 3371 1792 3441 domos
1842 3372 2219 3462 hospitales
2267 3370 2752 3461 languentium
2804 3371 2944 3440 sive
2986 3391 3113 3438 no-

563 3463 890 3538 socomia,
947 3472 1091 3529 tum
1133 3460 1203 3528 in
1235 3461 1430 3542 urbe,
1471 3473 1616 3530 tum
1650 3462 1719 3529 in
1772 3483 2048 3548 quaque
2082 3460 2434 3551 provincia
2490 3458 2981 3550 praefecturae,
3040 3459 3114 3527 in

564 3547 1002 3619 refectionem
1057 3556 1531 3639 aegrotorum:
1589 3550 1657 3617 in
1714 3550 1939 3636 iisque
1999 3549 2313 3619 condidit
2375 3548 2709 3639 grandem
2775 3549 3107 3626 virorum,

561 3637 963 3719 mulierum,
1021 3659 1392 3726 puerorum
1425 3637 1971 3719 multitudinem,
2008 3660 2247 3708 curam
2278 3637 2557 3707 illorum
2588 3657 2855 3728 gerenS,
2894 3648 2960 3705 et
2992 3636 3117 3704 tri-

562 3724 784 3795 buens
832 3747 1008 3813 quae
1037 3725 1118 3794 ad
1156 3725 1313 3796 illos
1363 3727 1770 3797 reficiendos
1811 3728 2253 3818 pertinerent.
2307 3727 2399 3795 Iis
2430 3748 2589 3795 vero
2623 3724 2940 3815 cognitis,
2973 3728 3115 3792 Im-

561 3827 834 3903 perator
867 3815 1081 3883 multa
1119 3815 1410 3884 contulit
1439 3816 1521 3884 ad
1558 3815 1836 3885 illorum
1868 3817 2466 3897 sustentationem,
2505 3814 2754 3884 Christi
2794 3811 3114 3882 sacerdo·

561 3916 692 3971 tem
747 3902 928 3971 haud
983 3925 1183 3974 secus
1230 3918 1433 3991 atque
1462 3916 1813 3994 parentem
1849 3904 2109 3975 colens.

644 3994 679 4078 ἕ
726 3998 869 4064 15.
926 3992 1280 4063 Helladius
1313 4006 1566 4073 autem,
1592 3995 1713 4080 qui
1738 3993 1938 4063 illum
1966 3992 2445 4065 sanctissimae
2477 3991 2850 4061 memoriae
2881 3991 3114 4059 virum

556 4080 750 4160 vidit,
792 4094 857 4150 et
886 4081 1294 4152 administer
1323 4080 1545 4152 factus
1577 4096 1680 4152 est
1731 4082 2230 4153 miraculorum
2270 4081 2356 4151 ab
2384 4080 2504 4150 illo
2528 4090 3110 4172 perpetratorum,

558 4182 762 4257 atque
809 4171 1013 4239 etiam
1051 4170 1234 4239 sedis
1269 4191 1626 4242 successor
1674 4183 1827 4261 post
1864 4171 2128 4242 obitum
2166 4169 2481 4258 ejusdem
2514 4168 2940 4260 Apostolicae
2973 4189 3119 4241 me-

559 4259 818 4329 moriae
867 4258 1126 4339 Basilii,
1180 4259 1285 4328 vir
1317 4260 1776 4332 admirandus
1821 4272 1887 4329 et
1924 4259 2117 4329 omni
2165 4258 2414 4328 virtute
2453 4258 2859 4339 instructus,
2922 4277 3116 4325 corn·

562 4347 966 4417 memoravit
1017 4348 1198 4434 quod
1246 4349 1392 4439 jam
1446 4349 1761 4419 dicturus
1824 4370 2008 4430 sum,
2060 4348 2247 4437 apud
2287 4369 2437 4417 me:
2495 4351 2779 4416 Senator
2824 4343 3114 4432 quidam

552 4437 842 4526 (inquit)
880 4436 1131 4519 fidelis,
1169 4438 1450 4508 nomine
1482 4438 1850 4519 ProteriuS,
1891 4437 2043 4508 loca
2090 4449 2330 4508 sancta
2361 4448 2427 4506 et
2461 4433 2885 4506 venerabilia
2913 4433 3111 4515 adiit,
