3357 4995
607 290 647 352 6
1224 307 1285 353 Β.
1336 306 1626 355 ANDREAE
1672 308 1751 354 nn
1798 304 1945 355 cmo
1995 302 2365 355 murvinum
2748 294 2966 360 JUNII
3004 297 3045 360 l

516 390 917 482 fugiendam
954 390 1223 462 censuit
1256 391 1528 462 Philoso
1580 393 1738 475 hus,
1783 405 1859 463 ut
1905 392 1973 460 in
2008 404 2356 462 aeternam
2392 414 2470 464 ac
2499 416 2728 465 veram
2765 411 3054 467 mortem

517 480 785 549 deferar
822 484 1180 571 praeceps?
1213 504 1239 545 ι
1286 485 1465 550 Haec
1514 482 1536 550 i
1570 482 1654 551 le.
1719 532 1732 545 .

609 572 645 656 ξ
691 573 784 640 3.
838 574 1088 639 Verum
1137 569 1305 638 dum
1348 570 1515 639 haec
1563 569 2152 660 Constantinopoli
2199 568 2462 651 fierent,
2500 573 2803 644 Andreas
2851 574 3059 647 febri-

496 659 654 728 ⁴bus
701 657 996 748 graviter
1036 658 1389 729 laborabat
1436 659 1908 747 coelibemque
1940 681 2012 728 se
2052 672 2380 748 perpetuo
2420 659 2560 730 fore
2602 662 2899 753 Reginae
2931 666 3060 734 mi-

520 746 931 816 sericordiae
968 747 1231 839 Virgini
1281 748 1495 828 vovit,
1532 749 1591 816 si
1621 749 1956 818 evaderet.
1997 747 2259 817 Sedatis
2290 748 2447 818 ilico
2480 749 2811 832 febribuS,
2849 754 3060 853 paulo

521 850 674 926 post
719 836 920 923 quasi
966 858 1046 905 ex
1096 848 1311 906 morte
1359 837 1677 918 surrexit,
1731 850 1797 906 et
1848 836 2026 905 albis
2074 858 2146 907 se
2195 838 2616 909 vestimentis
2666 841 2930 923 induit,
2983 855 3062 912 ut

521 924 783 994 scilicet
847 947 1229 1012 numquam
1292 924 1604 995 oblivisci
1665 938 1894 1016 posset
1959 924 2371 995 munditiem
2439 929 2790 1018 corporiS‚
2850 952 3060 1018 quam

521 1014 855 1083 Creatoris
902 1014 1151 1085 obtulit
1189 1014 1406 1083 Matri.
1462 1013 2121 1104 Constantinopolim
2172 1013 2423 1084 deinde
2474 1017 2711 1106 petiit,
2779 1040 2917 1088 non
2986 1032 3061 1090 ut

521 1115 880 1188 mercator,
935 1116 1053 1172 aut
1098 1125 1317 1192 vagus
1356 1103 1641 1189 quidam
1693 1123 2104 1193 magnarum
2147 1103 2424 1173 urbium
2459 1106 2901 1178 visendarum
2937 1129 3063 1179 cu-

517 1190 823 1279 piditate:
868 1213 1144 1261 summa
1190 1193 1373 1261 enim
1426 1193 1495 1261 in
1536 1194 1793 1282 Juvene
1833 1191 2072 1283 viginti
2121 1204 2185 1260 et
2234 1205 2491 1282 septem
2528 1216 2871 1266 annorum
2907 1218 3061 1288 gra-

517 1280 687 1349 vitas
737 1293 940 1368 atque
979 1281 1364 1350 constantia
1402 1281 1755 1361 illucebat;
1809 1303 1965 1350 raro
2012 1280 2172 1367 quis
2220 1281 2427 1350 inane
2476 1285 2763 1353 verbum
2812 1288 2899 1355 ab
2946 1308 3062 1355 ore

515 1369 741 1458 ipsius
788 1369 1120 1439 excidisse
1169 1370 1463 1439 audivit:
1521 1392 1560 1439 a
1606 1371 1765 1460 joco
1813 1371 1998 1439 enim
2052 1368 2328 1458 penitus
2376 1382 2520 1440 erat
2581 1372 2873 1443 alienus
2929 1379 3062 1444 Cur

515 1457 728 1547 igitur
773 1459 925 1528 ivit?
958 1462 1006 1526 A
1052 1460 1271 1549 gratia
1320 1459 1460 1540 Dei,
1505 1472 1584 1529 ut
1620 1482 1748 1549 ego
1795 1458 2112 1537 arbitror,
2167 1457 2253 1526 ad
2305 1462 2718 1561 martyrium
2743 1464 3057 1559 ,vocabae

514 1558 649 1627 tur,
694 1561 772 1616 ut
817 1560 883 1616 et
929 1546 1076 1637 ipse
1131 1548 1200 1615 in
1257 1547 1465 1618 coelis
1515 1548 1763 1618 Christi
1811 1569 1971 1617 cum
2026 1544 2183 1615 aliis
2223 1550 2645 1637 martyribus
2679 1552 3052 1634 assisteret,

513 1647 580 1703 et
625 1636 953 1707 omnibus
1001 1635 1376 1725 prodesset,
1428 1638 1548 1724 qui
1599 1634 1999 1726 Philosophi
2057 1634 2197 1704 sive
2245 1635 2536 1718 levitate,
2593 1639 2736 1708 sive
2804 1648 3064 1711 terrore

515 1723 813 1815 fuerant³
843 1726 1259 1795 conturbati.
1302 1726 1573 1795 Statim
1621 1748 1782 1797 cum
1835 1725 1904 1793 in
1953 1723 2198 1793 urbem
2247 1726 2630 1816 applicuit,
2693 1744 3061 1800 accusatus

517 1812 689 1893 suit,
743 1815 923 1900 quod
987 1836 1148 1883 curn
1198 1814 1603 1884 Christianis
1652 1825 2218 1894 conversaretur,
2273 1814 2736 1903 ecclesiasque
2785 1818 3054 1899 viseret,

517 1902 717 1988 quasi
770 1904 1199 1979 Christianus
1248 1924 1524 1972 summa
1570 1926 1729 1974 cum
1782 1903 1903 1973 reli
1959 1898 2238 1972 ione‘ac
2278 1901 2633 1974 devotione
2673 1906 2899 1986 hom0‚
2937 1908 3060 1995 qui

517 2012 794 2060 crucem
838 1990 1282 2061 Alexandriae
1330 1993 1624 2082 negavit,
1677 2014 1901 2073 concu
1934 1990 2147 2068 cavit,
2196 1991 2419 2082 sputis
2457 1991 2787 2075 foedavit,
2831 2008 2895 2065 et
2942 1996 3061 2065 de-

522 2102 716 2148 mum
768 2081 837 2149 in
889 2093 1186 2151 stercora
1236 2081 1543 2171 projecit.
1588 2086 1768 2151 Haec
1810 2092 2222 2150 mercatores
2262 2083 2594 2181 Aegyptii,
2632 2083 2752 2169 qui
2789 2096 2954 2154 tunc
2987 2086 3058 2155 in

519 2169 692 2237 urbe
737 2170 1063 2249 aderant,
1103 2168 1189 2237 ad
1242 2153 1552 2260 judicem
1607 2170 2037 2257 detulerunt,
2092 2190 2300 2256 seque
2359 2171 2849 2260 ipsosvidisse
2895 2196 3059 2244 eum

521 2270 910 2347 negantem,
963 2258 1538 2346 confitentemque
1574 2259 1756 2347 quod
1802 2258 2190 2341 Mahumeto
2239 2257 2659 2341 adhaereret,
2713 2261 3061 2334 audivisse

523 2346 1040 2417 attestabantur.
1472 2408 1478 2415 .
2793 2410 2832 2449 a

605 2438 641 2523 ξ
689 2441 775 2509 4.
828 2436 1148 2506 Trahitur
1201 2436 1270 2505 in
1312 2436 1662 2526 judicium
1718 2437 2020 2509 Andreas
2087 2439 2445 2526 iniquum,
2491 2440 3063 2529 accusationeque

520 2525 824 2607 recitata,
879 2547 1264 2614 numquam
1305 2547 1377 2595 se
1414 2549 1454 2595 a
1504 2527 1700 2608 Chio,
1754 2527 1875 2597 ubi
1928 2540 2131 2600 natus
2183 2528 2654 2617 educatusque
2700 2530 2860 2610 fuit,
2927 2530 3061 2599 nisi

520 2624 683 2684 tunc
717 2617 1080 2687 recessisse
1119 2614 1528 2696 affirmabat,
1571 2615 1781 2704 idque
1814 2616 2053 2687 multis
2087 2618 2377 2690 testibus
2417 2620 2867 2709 approbabat,
2912 2619 3068 2688 uni-

518 2723 927 2791 versamque
974 2703 1121 2773 Chii
1168 2703 1510 2774 civitatem
1562 2704 1691 2775 hoc
1740 2706 1971 2795 ipsum
2013 2707 2188 2776 scire
2235 2706 2741 2795 aiebat.·Judex
2777 2708 3073 2805 iniquus

517 2791 648 2861 hac
697 2793 765 2861 in
818 2815 891 2861 re
940 2814 1073 2861 non
1124 2814 1273 2863 esse
1320 2793 1705 2863 audiendos
1753 2794 2177 2874 Christianos
2225 2797 2569 2867 censebat.
2601 2803 2815 2868 ·Tunc
2875 2795 3065 2865 Chrl-

518 2880 900 2950 stianorum
951 2881 1345 2964 multitudO,
1397 2905 1575 2970 quae
1622 2882 2048 2953 circumfusa
2104 2886 2350 2967 stabat,
2405 2885 2497 2966 Si,
2566 2886 2813 2974 inquit,
2859 2883 3061 2952 Chri-

518 2968 898 3039 stianorum
949 2971 1417 3040 testimonium
1469 2972 1538 3039 in
1587 2972 1992 3062 hujusmodi
2032 2995 2244 3044 causa
2278 2972 2715 3043 refutandum
2756 2983 2881 3051 est,
2921 2977 3059 3040 Ma-

520 3057 1053 3128 humetistarum
1093 3081 1367 3147 quoque
1400 3060 1722 3130 similiter
1768 3083 1904 3131 non
1942 3062 2443 3152 recipiendum.
2491 3069 2657 3132 Nam
2708 3061 2890 3130 sicut
2938 3081 3064 3130 nos

520 3146 983 3217 Christianum
1034 3146 1206 3216 falso
1239 3161 1638 3218 accusatum
1678 3150 1865 3240 juste
1912 3150 2373 3230 defendimus,
2412 3152 2511 3220 sic
2544 3150 3064 3221 Mahumetistae

519 3236 1030 3305 accusationem
1081 3257 1368 3306 suorum
1418 3259 1646 3307 veram
1694 3259 1843 3307 esse
1876 3239 2328 3309 contendunt.
2370 3244 2592 3321 Quare
2624 3239 3066 3329 praetermis-

521 3324 617 3393 sis
666 3326 976 3404 testibuS‚
1015 3346 1123 3396 res
1173 3325 1323 3416 ipsa
1358 3326 1754 3412 quaerenda
1800 3339 1920 3397 est.
1977 3333 2117 3398 Non
2171 3328 2368 3398 aliter
2406 3328 2656 3417 igitur,
2696 3349 2907 3415 quam
2939 3333 3062 3398 Ju-

523 3412 676 3481 daei
725 3412 1108 3483 secundum
1152 3414 1516 3484 Mosaicam
1569 3414 1787 3517 legem
1835 3416 2244 3487 circumcidi
2285 3438 2447 3486 suos
2477 3418 2814 3508 Propheta
2848 3431 3066 3487 vester

516 3502 749 3591 jussit:
801 3524 1015 3591 quare
1061 3503 1119 3571 si
1168 3502 1496 3593 genitalia
1542 3503 1757 3594 hujus
1805 3506 2116 3576 membra
2165 3505 2381 3576 simili
2427 3519 2588 3576 nota
2636 3507 2823 3576 laesa
2873 3518 3061 3586 sunt,

522 3604 742 3661 morte
779 3593 938 3682 jure
973 3591 1326 3682 plectetur:
1367 3593 1471 3664 sin
1514 3593 1827 3675 minime,
1881 3617 2044 3664 curn
2078 3595 2231 3686 ipsa
2278 3617 2350 3664 re
2396 3618 2611 3666 causa
2657 3595 3067 3666 determine-

524 3690 638 3747 tur
669 3702 820 3762 sua,
857 3695 924 3751 et
956 3679 1051 3749 nil
1083 3681 1558 3772 ambiguitatis
1590 3682 1954 3751 hominum
1995 3684 2250 3754 animis
2283 3685 2687 3755 remanebit.
2722 3684 3067 3775 Spoliatur

525 3768 786 3840 interea
849 3769 1046 3838 miles
1102 3770 1373 3851 Christi,
1421 3770 1792 3857 nudusque
1850 3794 1891 3841 a
1937 3785 2134 3843 tanta·
2191 3773 2640 3844 multitudine
2688 3774 3058 3865 aspicitur:

525 3856 802 3928 nullum
852 3859 922 3927 in
971 3881 1049 3928 eo
1106 3858 1487 3941 indicium,
1542 3860 1738 3929 nulla
1796 3861 2350 3931 circumcisionis
2402 3862 2715 3943 macula,
2787 3862 3064 3932 nullum

528 3946 1165 4017 Mahumetistarum
1225 3961 1511 4040 apparet
1556 3948 1944 4049 vestigium.
2001 3949 2401 4021 Exclamant
2438 3973 2518 4021 ex
2575 3950 2831 4022 laetitia
2871 3950 3065 4020 Chri.-

524 4036 755 4117 stiani,
808 4036 1333 4108 confunduntur
1380 4036 1797 4120 adversarii,
1850 4052 1916 4109 et
1962 4039 2122 4108 victi
2171 4038 2447 4128 penitus
2488 4051 3059 4129 prosternuntur:

522 4125 662 4194 nisi
699 4125 1040 4197 diabolico
1088 4139 1244 4197 astu
1290 4126 1551 4217 adjuti,
1603 4127 2083 4217 exposuissent
2152 4126 2365 4196 moris
2418 4148 2570 4197 esse
2617 4128 2690 4196 in
2737 4131 3062 4219 Aegypto,

521 4214 812 4285 minoris
850 4215 1167 4286 homines
1213 4215 1453 4285 aetatis
1509 4215 1940 4296 circumcidi,
1995 4215 2298 4306 maj0ris,
2355 4215 2416 4284 si
2464 4214 2550 4284 ad
2593 4216 3066 4285 Mahumetum

517 4303 636 4372 Dei
675 4305 1075 4394 prophetam
1127 4315 1632 4385 convertantur,
1672 4303 2082 4375 circumcidi
2121 4303 2183 4374 si
2221 4302 2480 4373 volunt:
2530 4304 2589 4375 si
2621 4326 2776 4374 vero
2810 4304 3063 4374 abhor-

518 4404 669 4463 rent
700 4393 1323 4475 circumcisionem,
1364 4390 1557 4463 nullo
1590 4394 1746 4484 cogi
1788 4392 1991 4463 modo
2041 4414 2266 4483 posse,
2305 4393 2636 4480 quoniam
2690 4392 2939 4463 melius
2976 4392 3066 4464 sit
