3357 4995
677 311 801 377 ⁴84
1387 326 1466 373 ns
1514 324 1569 371 s,
1620 323 1993 373 nonnam-o
2035 321 2334 378 nrlscoro
2820 310 2857 376 J
2869 310 3042 376 UNII
3089 312 3136 377 6

583 414 909 515 operibus
950 423 1017 481 et
1062 408 1687 481 consuetudinibus
1724 410 2000 491 nostris,
2052 431 2268 500 supra
2295 432 2501 499 quam
2535 410 2712 481 serre
2752 413 3127 502 possimus,

585 507 693 572 Sic
719 503 839 591 qui
869 500 1068 601 prius
1101 498 1462 569 immensis
1493 498 1822 570 laudibus
1847 497 2265 581 elevabatur,
2299 521 2486 570 nunc
2513 500 2874 591 vituperiis
2899 515 2963 570 et
2995 502 3136 572 im-

586 591 922 682 properiis
961 587 1317 680 dejicitur:
1357 586 1477 657 sed
1527 600 1755 657 tamen
1799 586 2198 677 proficiebat
2245 588 2315 657 in
2365 609 2571 746 opere
2609 590 2930 668 exterius,
2979 590 3133 681 ipso

583 681 1050 780 dispensante,
1103 678 1225 765 qui
1255 688 1504 747 cuncta
1545 676 1901 756 exteriora,
1937 676 2347 767 priusquam
2405 689 2572 759 iant,
2608 677 2930 749 ordinare
2962 701 3135 749 con-

585 781 804 841 suevit
850 780 1164 837 interius.

668 860 705 945 ξ
753 861 893 931 cn.
948 862 1105 926 Erat
1150 866 1308 924 ante
1356 853 1691 945 palatium
1741 854 2132 944 episcopale
2172 853 2360 923 haud
2411 855 2613 945 longe
2658 854 2789 926 sita
2835 857 3129 927 ecclesia

581 946 653 1015 in
703 939 1034 1015 bonorem
1084 954 1359 1014 sanctae
1410 943 1524 1012 Dei
1573 942 1937 1013 Genitricis
1987 943 2272 1031 Mariae,
2327 944 2397 1012 in
2447 966 2585 1032 qua
2642 944 2884 1035 viginti
2931 957 3127 1015 erant

582 1035 892 1105 canonici
968 1032 1336 1112 seculareS,
1389 1032 1519 1101 sub
1580 1032 1970 1121 Praeposito
2032 1032 2415 1119 antiquitus
2481 1033 2861 1103 constituti.
2935 1040 3124 1104 Hanc

582 1146 745 1215 ergo
783 1144 942 1193 cum
994 1119 1443 1213 praevidisset
1491 1119 1813 1190 sacerdos
1862 1122 1977 1189 Dei
2024 1121 2158 1191 sibi
2206 1143 2355 1191 esse
2406 1122 2889 1204 necessariam,
2922 1137 2996 1192 ut
3025 1122 3124 1192 ibi

582 1212 912 1284 fratribus
965 1210 1111 1280 suis
1159 1210 1507 1299 repositis,
1560 1209 1935 1297 aliquando
1983 1232 2022 1278 a
2071 1210 2397 1291 tumultu,
2452 1211 2571 1298 qui
2621 1209 2844 1280 officio
2900 1212 3124 1301 impo-

586 1303 715 1372 sito
763 1299 1163 1381 debebatur,
1217 1298 1583 1388 paululum
1620 1298 1941 1388 spiritum
1992 1297 2423 1380 refocillaret,
2466 1299 2736 1389 petebat
2774 1300 3125 1371 multoties

584 1404 650 1460 et
695 1414 730 1459 a
786 1411 941 1478 rege
988 1402 1053 1457 et
1098 1410 1137 1457 a
1194 1387 1549 1458 canonicis
1599 1399 1743 1456 tum
1809 1387 2113 1477 majoris,
2173 1401 2318 1457 tum
2386 1387 2597 1477 hujus
2643 1388 2994 1470 ecclesiae,
3050 1400 3127 1458 ut

585 1479 752 1548 alibi
785 1478 869 1547 ab
908 1478 1059 1567 ipso
1098 1476 1253 1546 aliis
1300 1498 1517 1562 aequa
1566 1474 1666 1544 vel
1722 1475 1985 1544 meliori
2023 1477 2557 1546 commutatione
2591 1477 2975 1546 redditibus
3010 1498 3126 1546 ac-

585 1567 823 1657 ceptis,
854 1566 1044 1635 illam
1078 1565 1206 1636 sibi
1242 1564 1525 1634 liberam
1576 1563 2051 1635 concederent.
2085 1571 2160 1634 Αῐ
2194 1564 2295 1633 illi
2328 1586 2567 1636 omnes
2599 1588 2737 1635 una
2766 1587 2924 1636 voce
2956 1587 3126 1635 con-

588 1656 1034 1733 tradicebant,
1088 1666 1465 1724 asserentes
1511 1653 1874 1725 ecclesiam
1933 1654 2101 1724 tanti
2151 1653 2456 1723 nominis
2506 1676 2639 1724 non
2699 1654 2947 1725 debere
2997 1655 3128 1724 im·
3199 1684 3205 1688 ·

584 1745 861 1824 mutari,
917 1766 1041 1812 nec
1088 1743 1313 1834 regiae
1361 1742 1716 1832 dignitatis
1766 1754 2190 1832 potestatem,
2259 1743 2374 1812 cui
2420 1756 2564 1814 erat
2621 1743 2921 1823 subdita,
2990 1743 3127 1812 im-

583 1833 840 1902 minui:
878 1833 992 1902 sed
1029 1854 1152 1902 nec
1181 1831 1464 1902 alterius
1502 1831 1768 1901 ordinis
1799 1843 1863 1901 et
1894 1831 2414 1902 consuetudinis
2493 1845 2717 1903 entem
2749 1832 3119 1902 introduci:

586 1944 763 2009 quae
801 1923 963 2012 jura
1011 1920 1267 2011 regalia
1322 1921 1690 2011 ignoraret,
1751 1932 1817 1990 et
1863 1920 2356 2010 subjectionem
2470 1921 2719 1990 ebitam
2772 1932 2835 1990 et
2898 1920 3129 1992 officia

587 2033 711 2101 pro
760 2009 1257 2080 consuetudine
1323 2010 1630 2100 ipsorum
1702 2021 2045 2099 praestare
2113 2009 2425 2080 nesciret.
2491 2014 2741 2079 Passus
2787 2023 2889 2079 est
2944 2010 3126 2080 hanc

587 2121 709 2189 per
756 2097 1034 2186 aliquot·
1062 2120 1280 2168 annos
1329 2098 1704 2188 repulsam,
1758 2097 1873 2168 sed
1927 2098 2085 2167 vicit
2151 2096 2425 2169 tandem
2475 2099 2571 2180 in*
2618 2098 2944 2187 petitione
2994 2099 3126 2168 hu-

588 2188 843 2257 militer
892 2189 1369 2277 perseverans:
1425 2186 1584 2256 vicit
1620 2186 1900 2274 quidem
1933 2187 2193 2258 ratione
2224 2208 2362 2273 qua
2395 2188 2746 2287 premebat
2769 2208 2927 2257 eos:
2964 2187 3126 2280 vicit
3175 2235 3195 2256 .

586 2290 652 2347 et
696 2276 1104 2358 constantia,
1139 2298 1276 2364 qua
1325 2287 1650 2345 noverant
1695 2298 1853 2345 eum
1904 2299 1945 2345 a
1992 2276 2191 2346 bonis
2240 2275 2456 2346 initiis
2499 2297 2720 2362 usque
2774 2276 2861 2345 ad
2913 2275 3123 2345 finem

590 2386 972 2453 numquam
1037 2364 1207 2434 velle
1261 2365 1611 2436 desistere.
1666 2365 1921 2434 Amotis
1986 2386 2147 2465 ergo
2209 2364 2479 2437 clericis
2525 2364 2665 2433 illis
2712 2377 2777 2435 et
2824 2364 3122 2455 singulis

586 2455 708 2525 ubi
758 2454 1006 2525 vellent
1051 2453 1421 2535 collocatis,
1473 2453 1717 2523 fratres
1765 2451 1911 2525 suis
1941 2452 2239 2535 Ordinis,
2275 2453 2454 2525 sicut
2486 2453 2611 2524 diu
2643 2453 3112 2545 concupierat,

585 2544 656 2614 in
707 2567 857 2614 eam
892 2544 1249 2614 ecclesiam
1301 2543 1591 2623 induxit,
1646 2542 1769 2612 ubi
1816 2544 2019 2612 etiam
2070 2564 2141 2614 se
2195 2543 2454 2613 vivente
2486 2542 2884 2615 secundum
2936 2542 3124 2611 ordi-

587 2655 742 2703 nem
822 2633 1246 2712 institutum‚
1298 2646 1364 2702 et
1415 2644 1565 2723 post
1625 2632 1984 2701 decessum
2040 2653 2244 2703 suum
2296 2632 2644 2722 perpetuis
2694 2630 3121 2721 temporibus
3176 2672 3191 2685 ·

585 2722 703 2792 Dei
735 2722 999 2792 cultum
1051 2720 1604 2811 prosequendum
1657 2720 2033 2790 constituit.
2715 2792 2721 2798 ,
2954 2798 2959 2802 ,

676 2818 713 2892 ἓ
763 2813 906 2883 48.
962 2810 1178 2880 Crevit
1223 2810 1510 2880 fratrum
1547 2829 1878 2879 numerus
1916 2822 1982 2878 et
2029 2808 2443 2900 muliplicati
2492 2822 2677 2891 sunt,
2709 2821 2775 2878 et
2809 2809 2875 2876 in
2913 2811 3119 2876 Saxo—

585 2900 725 2980 nia,
778 2899 899 2968 ubi
949 2897 1188 2989 religio
1238 2911 1579 2988 tepuerat:
1625 2910 1691 2966 et
1740 2897 1809 2966 in
1853 2897 2232 2979 Sclavonia‚
2287 2898 2411 2969 ubi
2451 2898 2644 2967 nulla
2691 2909 2856 2967 erat.
2910 2893 3122 2965 Radi-

583 2988 717 3058 cati
744 2986 1094 3058 fructuoso
1144 2988 1451 3078 germine
1499 2986 1906 3066 floruerunt,
1963 2984 2399 3077 multiplicati
2440 2998 2625 3067 sunt,
2661 2998 2739 3055 ut
2768 2983 3122 3072 quondam

583 3076 897 3146 Hebraei.
930 3079 1382 3145 Fremuerunt
1416 3079 1735 3155 SaxoneS‚
1798 3073 2225 3145 fremuerunt
2255 3074 2879 3166 Parthenopolitani
2903 3074 3124 3163 (May-

584 3164 1072 3254 deburqenses)‚
1130 3164 1421 3251 odioque
1468 3177 1531 3233 et
1579 3163 1842 3233 invidia
1900 3162 2233 3233 adversus
2280 3164 2632 3234 bominem
2693 3165 2806 3233 Dei
2871 3160 3126 3232 invale-

584 3265 835 3333 scente,
890 3253 1034 3342 ipse
1083 3253 1151 3321 in
1190 3256 1321 3322 Deo
1370 3274 1559 3342 spem
1609 3264 1673 3322 et
1705 3251 2035 3322 fiduciam
2077 3252 2365 3334 habens,
2401 3265 2466 3323 et
2503 3252 2799 3322 aliorum
2852 3252 3125 3321 iustitu-

584 3355 810 3412 torum
860 3342 1423 3432 congregationes
1472 3363 1851 3432 propagare
1883 3363 2016 3410 non
2075 3341 2408 3414 cessabat.
2452 3345 2605 3411 Jam
2641 3355 2870 3410 autem
2923 3339 3126 3410 adve-

584 3443 778 3501 nerat
839 3430 988 3500 dies
1036 3429 1151 3499 ille
1199 3430 1681 3501 sanctissimus
1727 3442 1792 3501 et
1853 3430 2345 3501 celeberrimus
2393 3434 2652 3502 Coenae
2702 3429 2995 3509 Domini,
3052 3430 3121 3496 in

583 3541 718 3606 quo
759 3519 1181 3610 poenitentes
1229 3517 1775 3588 reconciliandos
1806 3532 2202 3590 sanctorum
2246 3532 2517 3609 patrum
2561 3518 2858 3589 decrevit
2885 3530 3123 3587 aucto-

582 3608 772 3689 ritas,
821 3608 888 3677 in
939 3629 1075 3695 quo
1116 3613 1346 3698 Agnus
1383 3608 1494 3678 ille
1519 3608 1854 3678 innocens
1884 3608 1967 3677 ad
2000 3607 2473 3679 conciliandas
2505 3606 2910 3678 inimicitias
2941 3606 3122 3697 inter

579 3701 793 3767 Deum
844 3709 909 3766 et
945 3696 1295 3767 hominem
1347 3709 1590 3787 captus
1638 3708 1740 3767 est
1787 3708 1851 3766 et
1884 3697 2135 3768 ductus
2165 3697 2249 3767 ad
2287 3696 2830 3768 immolandum:
2868 3708 2933 3764 et
2960 3714 3119 3763 ecce

580 3787 666 3855 ad
715 3785 972 3856 ostium
1025 3786 1154 3856 loci
1202 3785 1418 3867 illius,
1473 3786 1541 3854 in
1593 3807 1731 3874 quo
1787 3785 2107 3856 sacerdos
2156 3787 2268 3856 Dei
2320 3784 2787 3857 confessiones
2834 3784 3122 3874 recipie-

573 3874 715 3955 bat,
755 3875 1017 3945 adstitit
1054 3875 1339 3962 quidam
1390 3875 1687 3945 amictus
1741 3874 1948 3965 pallio
1982 3876 2113 3947 sub
2147 3875 2557 3964 poenitentis
2590 3875 2841 3965 specie,
2873 3872 3122 3942 obnixe

571 3964 930 4033 ostiarium
968 3986 1240 4055 rogans,
1274 3977 1349 4034 ut
1395 3963 1479 4033 ad
1510 3964 1981 4034 confitendum
2019 3964 2274 4034 intrare
2319 3963 2382 4033 ei
2433 3964 2666 4035 liceret
2703 3962 2786 4034 ad
2840 3962 3123 4053 Episco-

572 4075 769 4154 pum.
825 4057 967 4123 Hoc
1014 4075 1175 4124 cum
1225 4053 1549 4123 ostiarius
1610 4053 1756 4122 viro
1814 4053 1931 4122 Dei
1980 4048 2384 4124 indicasset:
2449 4053 2620 4135 Noli,
2674 4052 2923 4140 inquit,
2977 4050 3117 4137 ille,

571 4142 1026 4212 lntromittere
1064 4165 1249 4212 eum.
1305 4147 1383 4213 Et
1431 4163 1591 4212 cum
1650 4163 1732 4211 ex
1770 4155 2133 4233 praecepto
2172 4141 2440 4211 domini
2488 4143 2597 4214 sui
2646 4140 2903 4210 diceret
2950 4162 3125 4231 pau-

469 4256 474 4259 ·
571 4230 800 4302 lulum
860 4230 1358 4321 expectandum
1407 4252 1580 4310 esse,
1624 4231 1740 4300 ille
1785 4232 2009 4323 magis
2057 4230 2357 4301 instabat
2403 4244 2481 4301 ut
2538 4229 3116 4300 introduceretur.

574 4320 681 4389 Sic
748 4320 1203 4420 perseveravit
1252 4319 1497 4410 pulsus
1546 4340 1670 4390 nec
1733 4319 2176 4391 intromissus
2222 4330 2346 4401 est,
2391 4319 2609 4390 donec
2659 4318 2938 4419 recessit
2985 4316 3124 4418 alia

574 4408 968 4492 multitudo,
1014 4430 1193 4498 quae
1247 4420 1658 4479 convenerat
1705 4408 1789 4479 ad
1841 4407 2350 4479 confitendum:
2404 4423 2471 4479 et
2532 4421 2696 4478 tunc
2746 4426 3120 4477 nov1sslme
