<?xml version="1.0" encoding="UTF-8"?>
<!DOCTYPE html PUBLIC "-//W3C//DTD XHTML 1.0 Transitional//EN"
    "http://www.w3.org/TR/xhtml1/DTD/xhtml1-transitional.dtd">
<html xmlns="http://www.w3.org/1999/xhtml" xml:lang="en" lang="en">
 <head>
  <title>
</title>
<meta http-equiv="Content-Type" content="text/html;charset=utf-8" />
  <meta name='ocr-system' content='tesseract 3.04.00' />
  <meta name='ocr-capabilities' content='ocr_page ocr_carea ocr_par ocr_line ocrx_word'/>
</head>
<body>
  <div class='ocr_page' id='page_1' title='image "./historiaeseuvit02lippgoog_0111.png"; bbox 0 0 3357 4995; ppageno 0'>
   <div class='ocr_carea' id='block_1_1' title="bbox 566 109 631 222">
    <p class='ocr_par' dir='ltr' id='par_1_1' title="bbox 566 109 631 222">
     <span class='ocr_line' id='line_1_1' title="bbox 568 109 631 140; baseline -0.032 0"><span class='ocrx_word' id='word_1_1' title='bbox 568 109 593 140; x_wconf 56' lang='lat' dir='ltr'>a</span> <span class='ocrx_word' id='word_1_2' title='bbox 622 131 631 138; x_wconf 88' lang='lat'>.</span> 
     </span>
     <span class='ocr_line' id='line_1_2' title="bbox 566 177 593 222; baseline 0 -4"><span class='ocrx_word' id='word_1_3' title='bbox 566 177 593 222; x_wconf 62' lang='lat'>&#39;2</span> 
     </span>
    </p>
   </div>
   <div class='ocr_carea' id='block_1_2' title="bbox 197 315 2647 392">
    <p class='ocr_par' dir='ltr' id='par_1_2' title="bbox 197 315 2647 392">
     <span class='ocr_line' id='line_1_3' title="bbox 197 315 2647 392; baseline 0.002 -4"><span class='ocrx_word' id='word_1_4' title='bbox 197 324 486 389; x_wconf 59' lang='lat' dir='ltr'>smne</span> <span class='ocrx_word' id='word_1_5' title='bbox 624 363 649 378; x_wconf 77' lang='lat'>-</span> <span class='ocrx_word' id='word_1_6' title='bbox 798 342 875 388; x_wconf 71' lang='lat' dir='ltr'>nr</span> <span class='ocrx_word' id='word_1_7' title='bbox 924 343 1013 389; x_wconf 90' lang='lat' dir='ltr'>ss.</span> <span class='ocrx_word' id='word_1_8' title='bbox 1070 341 1459 389; x_wconf 67' lang='lat' dir='ltr'>recemum</span> <span class='ocrx_word' id='word_1_9' title='bbox 1509 341 1585 387; x_wconf 77' lang='lat' dir='ltr'>Er</span> <span class='ocrx_word' id='word_1_10' title='bbox 1632 340 1942 388; x_wconf 64' lang='lat' dir='ltr'>munem.</span> <span class='ocrx_word' id='word_1_11' title='bbox 1997 342 2110 388; x_wconf 73' lang='lat' dir='ltr'>mi.</span> <span class='ocrx_word' id='word_1_12' title='bbox 2227 315 2230 318; x_wconf 64' lang='grc'><em>’</em></span> <span class='ocrx_word' id='word_1_13' title='bbox 2562 329 2647 392; x_wconf 83' lang='grc'>95</span> 
     </span>
    </p>
   </div>
   <div class='ocr_carea' id='block_1_3' title="bbox 163 425 2741 4242">
    <p class='ocr_par' dir='ltr' id='par_1_3' title="bbox 170 425 2741 1935">
     <span class='ocr_line' id='line_1_4' title="bbox 200 425 2729 516; baseline 0.002 -22"><span class='ocrx_word' id='word_1_14' title='bbox 200 426 480 497; x_wconf 76' lang='lat' dir='ltr'>Aretium</span> <span class='ocrx_word' id='word_1_15' title='bbox 506 425 972 516; x_wconf 70' lang='lat' dir='ltr'>(a)&#39;⁵venisset,</span> <span class='ocrx_word' id='word_1_16' title='bbox 1013 426 1309 497; x_wconf 88' lang='lat' dir='ltr'>habebat</span> <span class='ocrx_word' id='word_1_17' title='bbox 1338 425 1524 516; x_wconf 89' lang='lat' dir='ltr'>apud</span> <span class='ocrx_word' id='word_1_18' title='bbox 1577 448 1648 495; x_wconf 93' lang='lat' dir='ltr'>se</span> <span class='ocrx_word' id='word_1_19' title='bbox 1689 447 1910 495; x_wconf 89' lang='lat' dir='ltr'>unum</span> <span class='ocrx_word' id='word_1_20' title='bbox 1960 447 2039 496; x_wconf 82' lang='lat' dir='ltr'>ex</span> <span class='ocrx_word' id='word_1_21' title='bbox 2087 427 2507 498; x_wconf 83' lang='lat' dir='ltr'>consiliariis</span> <span class='ocrx_word' id='word_1_22' title='bbox 2558 429 2729 512; x_wconf 89' lang='lat' dir='ltr'>suis,</span> 
     </span>
     <span class='ocr_line' id='line_1_5' title="bbox 199 514 2727 606; baseline 0.002 -24"><span class='ocrx_word' id='word_1_23' title='bbox 199 515 573 587; x_wconf 74' lang='lat' dir='ltr'>Tiburtium</span> <span class='ocrx_word' id='word_1_24' title='bbox 622 515 930 595; x_wconf 84' lang='lat' dir='ltr'>nomine,</span> <span class='ocrx_word' id='word_1_25' title='bbox 983 514 1548 584; x_wconf 89' lang='lat' dir='ltr'>crudelissimum</span> <span class='ocrx_word' id='word_1_26' title='bbox 1602 514 2148 585; x_wconf 89' lang='lat' dir='ltr'>Christianorum</span> <span class='ocrx_word' id='word_1_27' title='bbox 2196 529 2727 606; x_wconf 79' lang='lat' dir='ltr'>persecutorem.</span> 
     </span>
     <span class='ocr_line' id='line_1_6' title="bbox 196 603 2735 695; baseline 0.002 -23"><span class='ocrx_word' id='word_1_28' title='bbox 196 604 281 672; x_wconf 87' lang='lat' dir='ltr'>lbi</span> <span class='ocrx_word' id='word_1_29' title='bbox 316 618 464 672; x_wconf 91' lang='lat' dir='ltr'>tum</span> <span class='ocrx_word' id='word_1_30' title='bbox 508 603 831 673; x_wconf 87' lang='lat' dir='ltr'>ethnicus</span> <span class='ocrx_word' id='word_1_31' title='bbox 877 603 1161 691; x_wconf 87' lang='lat' dir='ltr'>quidam</span> <span class='ocrx_word' id='word_1_32' title='bbox 1214 604 1306 674; x_wconf 88' lang='lat' dir='ltr'>ita</span> <span class='ocrx_word' id='word_1_33' title='bbox 1354 604 1484 673; x_wconf 91' lang='lat' dir='ltr'>ait:</span> <span class='ocrx_word' id='word_1_34' title='bbox 1546 631 1569 664; x_wconf 68' lang='lat' dir='ltr'>e</span> <span class='ocrx_word' id='word_1_35' title='bbox 1598 608 1772 674; x_wconf 90' lang='lat' dir='ltr'>Sunt</span> <span class='ocrx_word' id='word_1_36' title='bbox 1811 603 1924 673; x_wconf 91' lang='lat' dir='ltr'>hic</span> <span class='ocrx_word' id='word_1_37' title='bbox 1960 603 2099 674; x_wconf 92' lang='lat' dir='ltr'>duo</span> <span class='ocrx_word' id='word_1_38' title='bbox 2148 606 2460 695; x_wconf 82' lang='lat' dir='ltr'>germani</span> <span class='ocrx_word' id='word_1_39' title='bbox 2491 605 2735 677; x_wconf 85' lang='lat' dir='ltr'>fratres</span> 
     </span>
     <span class='ocr_line' id='line_1_7' title="bbox 193 691 2735 782; baseline 0.002 -21"><span class='ocrx_word' id='word_1_40' title='bbox 193 697 302 761; x_wconf 86' lang='lat' dir='ltr'>Per</span> <span class='ocrx_word' id='word_1_41' title='bbox 394 692 641 763; x_wconf 62' lang='lat' dir='ltr'>utinm</span> <span class='ocrx_word' id='word_1_42' title='bbox 685 704 751 762; x_wconf 87' lang='lat' dir='ltr'>et</span> <span class='ocrx_word' id='word_1_43' title='bbox 798 692 1291 772; x_wconf 89' lang='lat' dir='ltr'>Laurentinus,</span> <span class='ocrx_word' id='word_1_44' title='bbox 1348 691 1619 762; x_wconf 89' lang='lat' dir='ltr'>nobiles</span> <span class='ocrx_word' id='word_1_45' title='bbox 1667 713 1941 782; x_wconf 65' lang='lat' dir='ltr'>genere,</span> <span class='ocrx_word' id='word_1_46' title='bbox 1980 692 2103 779; x_wconf 90' lang='lat' dir='ltr'>qui</span> <span class='ocrx_word' id='word_1_47' title='bbox 2173 714 2245 762; x_wconf 91' lang='lat' dir='ltr'>se</span> <span class='ocrx_word' id='word_1_48' title='bbox 2311 693 2735 765; x_wconf 82' lang='lat' dir='ltr'>Christianos</span> 
     </span>
     <span class='ocr_line' id='line_1_8' title="bbox 188 779 2735 870; baseline 0.001 -19"><span class='ocrx_word' id='word_1_49' title='bbox 188 803 298 870; x_wconf 87' lang='lat' dir='ltr'>pro</span> <span class='ocrx_word' id='word_1_50' title='bbox 359 793 627 862; x_wconf 62' lang='lat' dir='ltr'>tentum</span> <span class='ocrx_word' id='word_1_51' title='bbox 662 792 728 850; x_wconf 89' lang='lat' dir='ltr'>et</span> <span class='ocrx_word' id='word_1_52' title='bbox 774 781 1080 867; x_wconf 84' lang='lat' dir='ltr'>quotidie</span> <span class='ocrx_word' id='word_1_53' title='bbox 1120 781 1395 850; x_wconf 89' lang='lat' dir='ltr'>scholas</span> <span class='ocrx_word' id='word_1_54' title='bbox 1444 780 1803 862; x_wconf 76' lang='lat' dir='ltr'>adeuntes,</span> <span class='ocrx_word' id='word_1_55' title='bbox 1860 779 2077 850; x_wconf 89' lang='lat' dir='ltr'>literis</span> <span class='ocrx_word' id='word_1_56' title='bbox 2127 781 2612 865; x_wconf 89' lang='lat' dir='ltr'>instituuntur,</span> <span class='ocrx_word' id='word_1_57' title='bbox 2658 796 2735 854; x_wconf 90' lang='lat' dir='ltr'>ut</span> 
     </span>
     <span class='ocr_line' id='line_1_9' title="bbox 187 869 2736 960; baseline 0.001 -21"><span class='ocrx_word' id='word_1_58' title='bbox 187 871 447 960; x_wconf 86' lang='lat' dir='ltr'>possint</span> <span class='ocrx_word' id='word_1_59' title='bbox 481 869 732 939; x_wconf 82' lang='lat' dir='ltr'>Christi</span> <span class='ocrx_word' id='word_1_60' title='bbox 762 869 1143 939; x_wconf 85' lang='lat' dir='ltr'>doctrinam</span> <span class='ocrx_word' id='word_1_61' title='bbox 1200 870 1399 960; x_wconf 88' lang='lat' dir='ltr'>plene</span> <span class='ocrx_word' id='word_1_62' title='bbox 1427 870 2095 960; x_wconf 87' lang='lat' dir='ltr'>cognitamhabere.</span> <span class='ocrx_word' id='word_1_63' title='bbox 2142 874 2327 952; x_wconf 87' lang='lat' dir='ltr'>Quos</span> <span class='ocrx_word' id='word_1_64' title='bbox 2361 872 2420 939; x_wconf 89' lang='lat' dir='ltr'>si</span> <span class='ocrx_word' id='word_1_65' title='bbox 2472 894 2588 942; x_wconf 89' lang='lat' dir='ltr'>vos</span> <span class='ocrx_word' id='word_1_66' title='bbox 2641 872 2736 942; x_wconf 89' lang='lat' dir='ltr'>ita</span> 
     </span>
     <span class='ocr_line' id='line_1_10' title="bbox 183 958 2741 1052; baseline 0 -25"><span class='ocrx_word' id='word_1_67' title='bbox 183 979 464 1049; x_wconf 81' lang='lat' dir='ltr'>pergere</span> <span class='ocrx_word' id='word_1_68' title='bbox 514 958 780 1037; x_wconf 73' lang='lat' dir='ltr'>sinetis,</span> <span class='ocrx_word' id='word_1_69' title='bbox 827 958 1020 1028; x_wconf 89' lang='lat' dir='ltr'>cedet</span> <span class='ocrx_word' id='word_1_70' title='bbox 1049 958 1117 1027; x_wconf 92' lang='lat' dir='ltr'>id</span> <span class='ocrx_word' id='word_1_71' title='bbox 1151 959 1220 1027; x_wconf 90' lang='lat' dir='ltr'>in</span> <span class='ocrx_word' id='word_1_72' title='bbox 1271 958 1552 1028; x_wconf 84' lang='lat' dir='ltr'>exitium</span> <span class='ocrx_word' id='word_1_73' title='bbox 1605 959 1801 1031; x_wconf 91' lang='lat' dir='ltr'>urbis</span> <span class='ocrx_word' id='word_1_74' title='bbox 1832 960 2067 1048; x_wconf 79' lang='lat' dir='ltr'>hujus,</span> <span class='ocrx_word' id='word_1_75' title='bbox 2105 971 2170 1028; x_wconf 91' lang='lat' dir='ltr'>et</span> <span class='ocrx_word' id='word_1_76' title='bbox 2210 960 2549 1048; x_wconf 91' lang='lat' dir='ltr'>populum</span> <span class='ocrx_word' id='word_1_77' title='bbox 2582 982 2741 1052; x_wconf 56' lang='lat' dir='ltr'>om7</span> 
     </span>
     <span class='ocr_line' id='line_1_11' title="bbox 179 1045 2732 1139; baseline 0.001 -23"><span class='ocrx_word' id='word_1_78' title='bbox 179 1067 330 1117; x_wconf 88' lang='lat' dir='ltr'>nem</span> <span class='ocrx_word' id='word_1_79' title='bbox 389 1045 476 1118; x_wconf 84' lang='lat' dir='ltr'>ad</span> <span class='ocrx_word' id='word_1_80' title='bbox 530 1047 778 1116; x_wconf 83' lang='lat' dir='ltr'>Christi</span> <span class='ocrx_word' id='word_1_81' title='bbox 829 1047 1232 1139; x_wconf 84' lang='lat' dir='ltr'>religionem</span> <span class='ocrx_word' id='word_1_82' title='bbox 1271 1047 1704 1118; x_wconf 83' lang='lat' dir='ltr'>traducent.»</span> <span class='ocrx_word' id='word_1_83' title='bbox 1744 1049 1868 1118; x_wconf 90' lang='lat' dir='ltr'>His</span> <span class='ocrx_word' id='word_1_84' title='bbox 1898 1047 2180 1129; x_wconf 87' lang='lat' dir='ltr'>auditis,</span> <span class='ocrx_word' id='word_1_85' title='bbox 2216 1047 2573 1118; x_wconf 88' lang='lat' dir='ltr'>Tiburtius</span> <span class='ocrx_word' id='word_1_86' title='bbox 2621 1047 2732 1119; x_wconf 88' lang='lat' dir='ltr'>fu-</span> 
     </span>
     <span class='ocr_line' id='line_1_12' title="bbox 174 1135 2733 1226; baseline 0 -20"><span class='ocrx_word' id='word_1_87' title='bbox 174 1158 323 1206; x_wconf 87' lang='lat' dir='ltr'>rore</span> <span class='ocrx_word' id='word_1_88' title='bbox 379 1136 711 1226; x_wconf 75' lang='lat' dir='ltr'>percitus,</span> <span class='ocrx_word' id='word_1_89' title='bbox 754 1135 968 1226; x_wconf 88' lang='lat' dir='ltr'>jussit</span> <span class='ocrx_word' id='word_1_90' title='bbox 1005 1157 1120 1206; x_wconf 90' lang='lat' dir='ltr'>eos</span> <span class='ocrx_word' id='word_1_91' title='bbox 1153 1158 1386 1206; x_wconf 89' lang='lat' dir='ltr'>coram</span> <span class='ocrx_word' id='word_1_92' title='bbox 1420 1157 1494 1207; x_wconf 90' lang='lat' dir='ltr'>se</span> <span class='ocrx_word' id='word_1_93' title='bbox 1526 1136 1804 1206; x_wconf 89' lang='lat' dir='ltr'>adduci.</span> <span class='ocrx_word' id='word_1_94' title='bbox 1847 1141 2012 1206; x_wconf 91' lang='lat' dir='ltr'>Cum</span> <span class='ocrx_word' id='word_1_95' title='bbox 2047 1151 2276 1206; x_wconf 87' lang='lat' dir='ltr'>autem</span> <span class='ocrx_word' id='word_1_96' title='bbox 2314 1159 2354 1205; x_wconf 88' lang='lat' dir='ltr'>a</span> <span class='ocrx_word' id='word_1_97' title='bbox 2388 1137 2733 1207; x_wconf 79' lang='lat' dir='ltr'>militibus</span> 
     </span>
     <span class='ocr_line' id='line_1_13' title="bbox 170 1224 2732 1316; baseline 0.001 -22"><span class='ocrx_word' id='word_1_98' title='bbox 170 1225 621 1310; x_wconf 78' lang='lat' dir='ltr'>ducerentur,</span> <span class='ocrx_word' id='word_1_99' title='bbox 648 1224 818 1293; x_wconf 85' lang='lat' dir='ltr'>dixit</span> <span class='ocrx_word' id='word_1_100' title='bbox 835 1225 1286 1316; x_wconf 87' lang='lat' dir='ltr'>Pergentinus</span> <span class='ocrx_word' id='word_1_101' title='bbox 1316 1224 1403 1293; x_wconf 91' lang='lat' dir='ltr'>ad</span> <span class='ocrx_word' id='word_1_102' title='bbox 1433 1225 1953 1296; x_wconf 88' lang='lat' dir='ltr'>Laurentinum:</span> <span class='ocrx_word' id='word_1_103' title='bbox 1993 1229 2190 1294; x_wconf 86' lang='lat' dir='ltr'>«Jam</span> <span class='ocrx_word' id='word_1_104' title='bbox 2227 1236 2540 1296; x_wconf 90' lang='lat' dir='ltr'>nostrum</span> <span class='ocrx_word' id='word_1_105' title='bbox 2572 1248 2732 1316; x_wconf 90' lang='lat' dir='ltr'>pro·</span> 
     </span>
     <span class='ocr_line' id='line_1_14' title="bbox 172 1312 2730 1404; baseline 0 -22"><span class='ocrx_word' id='word_1_106' title='bbox 172 1315 473 1403; x_wconf 86' lang='lat' dir='ltr'>pinquat</span> <span class='ocrx_word' id='word_1_107' title='bbox 505 1324 927 1383; x_wconf 81' lang='lat' dir='ltr'>certamen.»</span> <span class='ocrx_word' id='word_1_108' title='bbox 976 1312 1355 1404; x_wconf 87' lang='lat' dir='ltr'>Respondit</span> <span class='ocrx_word' id='word_1_109' title='bbox 1389 1314 1886 1384; x_wconf 88' lang='lat' dir='ltr'>Laurentinus:</span> <span class='ocrx_word' id='word_1_110' title='bbox 1943 1337 1978 1382; x_wconf 84' lang='lat'>«</span> <span class='ocrx_word' id='word_1_111' title='bbox 2006 1319 2237 1383; x_wconf 85' lang='lat' dir='ltr'>Frater</span> <span class='ocrx_word' id='word_1_112' title='bbox 2272 1313 2392 1395; x_wconf 91' lang='lat' dir='ltr'>mi,</span> <span class='ocrx_word' id='word_1_113' title='bbox 2426 1336 2562 1384; x_wconf 91' lang='lat' dir='ltr'>non</span> <span class='ocrx_word' id='word_1_114' title='bbox 2592 1314 2730 1384; x_wconf 89' lang='lat' dir='ltr'>for-</span> 
     </span>
     <span class='ocr_line' id='line_1_15' title="bbox 173 1402 2732 1504; baseline 0.001 -33"><span class='ocrx_word' id='word_1_115' title='bbox 173 1402 532 1476; x_wconf 80' lang='lat' dir='ltr'>midemus</span> <span class='ocrx_word' id='word_1_116' title='bbox 674 1422 750 1470; x_wconf 92' lang='lat' dir='ltr'>ec</span> <span class='ocrx_word' id='word_1_117' title='bbox 784 1413 1156 1471; x_wconf 84' lang='lat' dir='ltr'>tormenta:</span> <span class='ocrx_word' id='word_1_118' title='bbox 1196 1402 1316 1471; x_wconf 89' lang='lat' dir='ltr'>illa</span> <span class='ocrx_word' id='word_1_119' title='bbox 1365 1424 1523 1504; x_wconf 63' lang='lat' dir='ltr'>vero</span> <span class='ocrx_word' id='word_1_120' title='bbox 1555 1403 1784 1493; x_wconf 89' lang='lat' dir='ltr'>potius</span> <span class='ocrx_word' id='word_1_121' title='bbox 1834 1415 2110 1472; x_wconf 88' lang='lat' dir='ltr'>aeterna</span> <span class='ocrx_word' id='word_1_122' title='bbox 2162 1402 2531 1472; x_wconf 89' lang='lat' dir='ltr'>timeamus</span> <span class='ocrx_word' id='word_1_123' title='bbox 2565 1426 2732 1494; x_wconf 91' lang='lat' dir='ltr'>sup-</span> 
     </span>
     <span class='ocr_line' id='line_1_16' title="bbox 174 1489 2732 1581; baseline 0.001 -22"><span class='ocrx_word' id='word_1_124' title='bbox 174 1489 387 1580; x_wconf 86' lang='lat' dir='ltr'>plicia</span> <span class='ocrx_word' id='word_1_125' title='bbox 417 1501 485 1562; x_wconf 70' lang='lat' dir='ltr'>e}</span> <span class='ocrx_word' id='word_1_126' title='bbox 524 1511 567 1559; x_wconf 90' lang='lat' dir='ltr'>n</span> <span class='ocrx_word' id='word_1_127' title='bbox 659 1504 840 1558; x_wconf 85' lang='lat' dir='ltr'>trum</span> <span class='ocrx_word' id='word_1_128' title='bbox 874 1493 1398 1580; x_wconf 89' lang='lat' dir='ltr'>Redemptorem</span> <span class='ocrx_word' id='word_1_129' title='bbox 1438 1491 1558 1578; x_wconf 90' lang='lat' dir='ltr'>qui</span> <span class='ocrx_word' id='word_1_130' title='bbox 1611 1513 1734 1561; x_wconf 89' lang='lat' dir='ltr'>nos</span> <span class='ocrx_word' id='word_1_131' title='bbox 1758 1491 1971 1581; x_wconf 91' lang='lat' dir='ltr'>jussit</span> <span class='ocrx_word' id='word_1_132' title='bbox 2020 1511 2154 1560; x_wconf 87' lang='lat' dir='ltr'>non</span> <span class='ocrx_word' id='word_1_133' title='bbox 2188 1492 2428 1561; x_wconf 89' lang='lat' dir='ltr'>timere</span> <span class='ocrx_word' id='word_1_134' title='bbox 2470 1494 2732 1580; x_wconf 90' lang='lat' dir='ltr'>eosqui</span> 
     </span>
     <span class='ocr_line' id='line_1_17' title="bbox 170 1579 2733 1672; baseline 0 -24"><span class='ocrx_word' id='word_1_135' title='bbox 170 1592 433 1671; x_wconf 89' lang='lat' dir='ltr'>corpus</span> <span class='ocrx_word' id='word_1_136' title='bbox 480 1600 605 1672; x_wconf 54' lang='lat' dir='ltr'>oca</span> <span class='ocrx_word' id='word_1_137' title='bbox 686 1591 831 1657; x_wconf 91' lang='lat' dir='ltr'>unt,</span> <span class='ocrx_word' id='word_1_138' title='bbox 884 1579 1190 1648; x_wconf 91' lang='lat' dir='ltr'>animam</span> <span class='ocrx_word' id='word_1_139' title='bbox 1239 1591 1467 1649; x_wconf 86' lang='lat' dir='ltr'>autem</span> <span class='ocrx_word' id='word_1_140' title='bbox 1503 1601 1638 1649; x_wconf 88' lang='lat' dir='ltr'>non</span> <span class='ocrx_word' id='word_1_141' title='bbox 1685 1579 2333 1670; x_wconf 89' lang='lat' dir='ltr'>possuntoccidere.</span> <span class='ocrx_word' id='word_1_142' title='bbox 2364 1606 2391 1645; x_wconf 68' lang='grc' dir='ltr'><strong><em>ι</em></strong></span> <span class='ocrx_word' id='word_1_143' title='bbox 2438 1585 2733 1670; x_wconf 89' lang='lat' dir='ltr'>Pergen-</span> 
     </span>
     <span class='ocr_line' id='line_1_18' title="bbox 175 1666 2732 1759; baseline 0.001 -23"><span class='ocrx_word' id='word_1_144' title='bbox 175 1668 364 1739; x_wconf 90' lang='lat' dir='ltr'>tinus</span> <span class='ocrx_word' id='word_1_145' title='bbox 412 1666 601 1737; x_wconf 69' lang='lat' dir='ltr'>dim</span> <span class='ocrx_word' id='word_1_146' title='bbox 672 1671 988 1736; x_wconf 83' lang='lat' dir='ltr'>«Eamus</span> <span class='ocrx_word' id='word_1_147' title='bbox 1018 1668 1253 1738; x_wconf 89' lang='lat' dir='ltr'>animo</span> <span class='ocrx_word' id='word_1_148' title='bbox 1283 1667 1489 1749; x_wconf 89' lang='lat' dir='ltr'>virili,</span> <span class='ocrx_word' id='word_1_149' title='bbox 1528 1679 1595 1737; x_wconf 88' lang='lat' dir='ltr'>et</span> <span class='ocrx_word' id='word_1_150' title='bbox 1645 1683 2029 1757; x_wconf 89' lang='lat' dir='ltr'>perstemus</span> <span class='ocrx_word' id='word_1_151' title='bbox 2065 1668 2131 1736; x_wconf 90' lang='lat' dir='ltr'>in</span> <span class='ocrx_word' id='word_1_152' title='bbox 2184 1668 2343 1748; x_wconf 87' lang='lat' dir='ltr'>fide,</span> <span class='ocrx_word' id='word_1_153' title='bbox 2400 1668 2572 1738; x_wconf 92' lang='lat' dir='ltr'>nihil</span> <span class='ocrx_word' id='word_1_154' title='bbox 2627 1682 2732 1759; x_wconf 82' lang='lat' dir='ltr'>ty·</span> 
     </span>
     <span class='ocr_line' id='line_1_19' title="bbox 172 1755 2733 1848; baseline 0.001 -23"><span class='ocrx_word' id='word_1_155' title='bbox 172 1756 621 1846; x_wconf 44' lang='lat' dir='ltr'>munit-“josc¹</span> <span class='ocrx_word' id='word_1_156' title='bbox 668 1755 1141 1826; x_wconf 84' lang='lat' dir='ltr'>formidantes.</span> <span class='ocrx_word' id='word_1_157' title='bbox 1198 1756 1326 1826; x_wconf 91' lang='lat' dir='ltr'>Sed</span> <span class='ocrx_word' id='word_1_158' title='bbox 1377 1772 1449 1827; x_wconf 88' lang='lat' dir='ltr'>tu</span> <span class='ocrx_word' id='word_1_159' title='bbox 1487 1756 1715 1845; x_wconf 86' lang='lat' dir='ltr'>judici</span> <span class='ocrx_word' id='word_1_160' title='bbox 1764 1768 2095 1848; x_wconf 77' lang='lat' dir='ltr'>responsa</span> <span class='ocrx_word' id='word_1_161' title='bbox 2157 1756 2401 1827; x_wconf 89' lang='lat' dir='ltr'>reddes</span> <span class='ocrx_word' id='word_1_162' title='bbox 2449 1758 2571 1845; x_wconf 92' lang='lat' dir='ltr'>qui</span> <span class='ocrx_word' id='word_1_163' title='bbox 2622 1781 2733 1827; x_wconf 86' lang='lat' dir='ltr'>me</span> 
     </span>
     <span class='ocr_line' id='line_1_20' title="bbox 170 1843 2060 1935; baseline -0.001 -21"><span class='ocrx_word' id='word_1_164' title='bbox 170 1846 251 1914; x_wconf 89' lang='lat' dir='ltr'>ad</span> <span class='ocrx_word' id='word_1_165' title='bbox 286 1843 549 1914; x_wconf 76' lang='lat' dir='ltr'>dicend</span> <span class='ocrx_word' id='word_1_166' title='bbox 729 1857 793 1913; x_wconf 91' lang='lat' dir='ltr'>et</span> <span class='ocrx_word' id='word_1_167' title='bbox 845 1844 1403 1935; x_wconf 87' lang='lat' dir='ltr'>respondendum</span> <span class='ocrx_word' id='word_1_168' title='bbox 1451 1845 1855 1915; x_wconf 88' lang='lat' dir='ltr'>instructior</span> <span class='ocrx_word' id='word_1_169' title='bbox 1900 1868 1997 1916; x_wconf 80' lang='lat' dir='ltr'>es,</span> <span class='ocrx_word' id='word_1_170' title='bbox 2025 1870 2060 1912; x_wconf 87' lang='lat'>»</span> 
     </span>
    </p>

    <p class='ocr_par' dir='ltr' id='par_1_4' title="bbox 163 1933 2734 3176">
     <span class='ocr_line' id='line_1_21' title="bbox 252 1933 2731 2024; baseline 0.001 -23"><span class='ocrx_word' id='word_1_171' title='bbox 252 1937 291 2021; x_wconf 65' lang='grc' dir='ltr'>ξ</span> <span class='ocrx_word' id='word_1_172' title='bbox 427 1989 440 2001; x_wconf 94' lang='grc'><strong><em>.</em></strong></span> <span class='ocrx_word' id='word_1_173' title='bbox 504 1933 763 2006; x_wconf 67' lang='lat' dir='ltr'>Ubi⁸ad</span> <span class='ocrx_word' id='word_1_174' title='bbox 796 1933 1083 2003; x_wconf 88' lang='lat' dir='ltr'>Tiburtii</span> <span class='ocrx_word' id='word_1_175' title='bbox 1109 1946 1560 2024; x_wconf 88' lang='lat' dir='ltr'>conspectum</span> <span class='ocrx_word' id='word_1_176' title='bbox 1596 1956 1863 2016; x_wconf 88' lang='lat' dir='ltr'>venere,</span> <span class='ocrx_word' id='word_1_177' title='bbox 1899 1935 1994 2005; x_wconf 89' lang='lat' dir='ltr'>ait</span> <span class='ocrx_word' id='word_1_178' title='bbox 2027 1934 2165 2005; x_wconf 89' lang='lat' dir='ltr'>illis</span> <span class='ocrx_word' id='word_1_179' title='bbox 2191 1956 2203 2000; x_wconf 91' lang='lat'>:</span> <span class='ocrx_word' id='word_1_180' title='bbox 2229 1995 2232 2000; x_wconf 86' lang='lat'>.</span> <span class='ocrx_word' id='word_1_181' title='bbox 2261 1939 2440 2004; x_wconf 86' lang='lat' dir='ltr'>«Cur</span> <span class='ocrx_word' id='word_1_182' title='bbox 2471 1956 2590 2005; x_wconf 90' lang='lat' dir='ltr'>vos</span> <span class='ocrx_word' id='word_1_183' title='bbox 2624 1957 2731 2004; x_wconf 89' lang='lat' dir='ltr'>re-</span> 
     </span>
     <span class='ocr_line' id='line_1_22' title="bbox 171 2022 2732 2114; baseline 0.001 -24"><span class='ocrx_word' id='word_1_184' title='bbox 171 2022 322 2110; x_wconf 72' lang='lat' dir='ltr'>linq‘</span> <span class='ocrx_word' id='word_1_185' title='bbox 409 2023 497 2091; x_wconf 88' lang='lat' dir='ltr'>tis</span> <span class='ocrx_word' id='word_1_186' title='bbox 558 2022 605 2096; x_wconf 87' lang='lat' dir='ltr'>d</span> <span class='ocrx_word' id='word_1_187' title='bbox 694 2044 749 2103; x_wconf 82' lang='lat' dir='ltr'>S,</span> <span class='ocrx_word' id='word_1_188' title='bbox 801 2043 975 2108; x_wconf 89' lang='lat' dir='ltr'>quos</span> <span class='ocrx_word' id='word_1_189' title='bbox 1023 2022 1261 2092; x_wconf 91' lang='lat' dir='ltr'>colunt</span> <span class='ocrx_word' id='word_1_190' title='bbox 1310 2023 1609 2113; x_wconf 89' lang='lat' dir='ltr'>piissimi</span> <span class='ocrx_word' id='word_1_191' title='bbox 1657 2027 2136 2114; x_wconf 82' lang='lat' dir='ltr'>Imperatores,</span> <span class='ocrx_word' id='word_1_192' title='bbox 2207 2034 2274 2091; x_wconf 87' lang='lat' dir='ltr'>et</span> <span class='ocrx_word' id='word_1_193' title='bbox 2338 2022 2732 2094; x_wconf 90' lang='lat' dir='ltr'>adhaeretis</span> 
     </span>
     <span class='ocr_line' id='line_1_23' title="bbox 168 2110 2723 2201; baseline -0.001 -21"><span class='ocrx_word' id='word_1_194' title='bbox 168 2111 325 2180; x_wconf 90' lang='lat' dir='ltr'>Chri</span> <span class='ocrx_word' id='word_1_195' title='bbox 453 2166 467 2191; x_wconf 95' lang='lat'>,</span> <span class='ocrx_word' id='word_1_196' title='bbox 649 2132 714 2180; x_wconf 88' lang='lat' dir='ltr'>m</span> <span class='ocrx_word' id='word_1_197' title='bbox 744 2110 990 2180; x_wconf 88' lang='lat' dir='ltr'>Judaei</span> <span class='ocrx_word' id='word_1_198' title='bbox 1018 2111 1506 2181; x_wconf 71' lang='lat' dir='ltr'>occiderunt‘b&gt;</span> <span class='ocrx_word' id='word_1_199' title='bbox 1557 2112 1937 2201; x_wconf 87' lang='lat' dir='ltr'>Respondit</span> <span class='ocrx_word' id='word_1_200' title='bbox 1966 2114 2210 2183; x_wconf 91' lang='lat' dir='ltr'>beatus</span> <span class='ocrx_word' id='word_1_201' title='bbox 2238 2112 2723 2182; x_wconf 82' lang='lat' dir='ltr'>Laurentinus:</span> 
     </span>
     <span class='ocr_line' id='line_1_24' title="bbox 169 2199 2730 2291; baseline 0.002 -26"><span class='ocrx_word' id='word_1_202' title='bbox 169 2206 368 2270; x_wconf 72' lang='lat' dir='ltr'>«Nos</span> <span class='ocrx_word' id='word_1_203' title='bbox 412 2209 686 2290; x_wconf 73' lang='lat' dir='ltr'>praeter</span> <span class='ocrx_word' id='word_1_204' title='bbox 733 2199 1075 2270; x_wconf 88' lang='lat' dir='ltr'>Christum</span> <span class='ocrx_word' id='word_1_205' title='bbox 1130 2201 1415 2270; x_wconf 89' lang='lat' dir='ltr'>viventis</span> <span class='ocrx_word' id='word_1_206' title='bbox 1446 2200 1561 2284; x_wconf 91' lang='lat' dir='ltr'>Dei</span> <span class='ocrx_word' id='word_1_207' title='bbox 1611 2200 1885 2282; x_wconf 85' lang='lat' dir='ltr'>Filium,</span> <span class='ocrx_word' id='word_1_208' title='bbox 1925 2201 2142 2271; x_wconf 90' lang='lat' dir='ltr'>alium</span> <span class='ocrx_word' id='word_1_209' title='bbox 2174 2206 2387 2270; x_wconf 91' lang='lat' dir='ltr'>Deum</span> <span class='ocrx_word' id='word_1_210' title='bbox 2444 2222 2730 2291; x_wconf 88' lang='lat' dir='ltr'>prorsus</span> 
     </span>
     <span class='ocr_line' id='line_1_25' title="bbox 168 2287 2729 2380; baseline 0.001 -24"><span class='ocrx_word' id='word_1_211' title='bbox 168 2289 613 2380; x_wconf 79' lang='lat' dir='ltr'>ignoramus.</span> <span class='ocrx_word' id='word_1_212' title='bbox 651 2287 774 2357; x_wconf 89' lang='lat' dir='ltr'>Ille</span> <span class='ocrx_word' id='word_1_213' title='bbox 810 2289 995 2358; x_wconf 89' lang='lat' dir='ltr'>enim</span> <span class='ocrx_word' id='word_1_214' title='bbox 1033 2288 1188 2359; x_wconf 87' lang='lat' dir='ltr'>fecit</span> <span class='ocrx_word' id='word_1_215' title='bbox 1237 2289 1502 2359; x_wconf 86' lang='lat' dir='ltr'>coelum</span> <span class='ocrx_word' id='word_1_216' title='bbox 1535 2300 1598 2358; x_wconf 90' lang='lat' dir='ltr'>et</span> <span class='ocrx_word' id='word_1_217' title='bbox 1626 2302 1903 2371; x_wconf 88' lang='lat' dir='ltr'>terram,</span> <span class='ocrx_word' id='word_1_218' title='bbox 1943 2311 2156 2369; x_wconf 89' lang='lat' dir='ltr'>mare,</span> <span class='ocrx_word' id='word_1_219' title='bbox 2196 2299 2262 2358; x_wconf 91' lang='lat' dir='ltr'>et</span> <span class='ocrx_word' id='word_1_220' title='bbox 2288 2290 2523 2358; x_wconf 90' lang='lat' dir='ltr'>omnia</span> <span class='ocrx_word' id='word_1_221' title='bbox 2550 2311 2729 2376; x_wconf 93' lang='lat' dir='ltr'>quae</span> 
     </span>
     <span class='ocr_line' id='line_1_26' title="bbox 163 2376 2729 2459; baseline 0 -15"><span class='ocrx_word' id='word_1_222' title='bbox 163 2378 235 2445; x_wconf 92' lang='lat' dir='ltr'>in</span> <span class='ocrx_word' id='word_1_223' title='bbox 288 2378 400 2446; x_wconf 88' lang='lat' dir='ltr'>eis</span> <span class='ocrx_word' id='word_1_224' title='bbox 446 2390 636 2448; x_wconf 90' lang='lat' dir='ltr'>sunt.</span> <span class='ocrx_word' id='word_1_225' title='bbox 684 2381 867 2459; x_wconf 89' lang='lat' dir='ltr'>Quos</span> <span class='ocrx_word' id='word_1_226' title='bbox 917 2399 1073 2446; x_wconf 92' lang='lat' dir='ltr'>vero</span> <span class='ocrx_word' id='word_1_227' title='bbox 1109 2391 1180 2448; x_wconf 92' lang='lat' dir='ltr'>tu</span> <span class='ocrx_word' id='word_1_228' title='bbox 1214 2377 1378 2447; x_wconf 91' lang='lat' dir='ltr'>deos</span> <span class='ocrx_word' id='word_1_229' title='bbox 1427 2376 1625 2459; x_wconf 85' lang='lat' dir='ltr'>dicis,</span> <span class='ocrx_word' id='word_1_230' title='bbox 1680 2400 1796 2447; x_wconf 92' lang='lat' dir='ltr'>eos</span> <span class='ocrx_word' id='word_1_231' title='bbox 1852 2401 1975 2449; x_wconf 90' lang='lat' dir='ltr'>nos</span> <span class='ocrx_word' id='word_1_232' title='bbox 2024 2379 2290 2448; x_wconf 90' lang='lat' dir='ltr'>scimus</span> <span class='ocrx_word' id='word_1_233' title='bbox 2337 2377 2527 2446; x_wconf 89' lang='lat' dir='ltr'>omni</span> <span class='ocrx_word' id='word_1_234' title='bbox 2579 2390 2729 2447; x_wconf 91' lang='lat' dir='ltr'>tur-</span> 
     </span>
     <span class='ocr_line' id='line_1_27' title="bbox 166 2465 2729 2557; baseline 0 -22"><span class='ocrx_word' id='word_1_235' title='bbox 166 2465 498 2557; x_wconf 89' lang='lat' dir='ltr'>pitudine</span> <span class='ocrx_word' id='word_1_236' title='bbox 564 2465 987 2553; x_wconf 82' lang='lat' dir='ltr'>inquinatos,</span> <span class='ocrx_word' id='word_1_237' title='bbox 1043 2479 1187 2536; x_wconf 90' lang='lat' dir='ltr'>tum</span> <span class='ocrx_word' id='word_1_238' title='bbox 1237 2467 1441 2536; x_wconf 89' lang='lat' dir='ltr'>etiam</span> <span class='ocrx_word' id='word_1_239' title='bbox 1510 2465 1759 2539; x_wconf 88' lang='lat' dir='ltr'>surdos</span> <span class='ocrx_word' id='word_1_240' title='bbox 1805 2478 1870 2536; x_wconf 92' lang='lat' dir='ltr'>et</span> <span class='ocrx_word' id='word_1_241' title='bbox 1935 2479 2187 2546; x_wconf 90' lang='lat' dir='ltr'>mutos,</span> <span class='ocrx_word' id='word_1_242' title='bbox 2245 2465 2439 2534; x_wconf 89' lang='lat' dir='ltr'>nulla</span> <span class='ocrx_word' id='word_1_243' title='bbox 2488 2466 2586 2534; x_wconf 88' lang='lat' dir='ltr'>vel</span> <span class='ocrx_word' id='word_1_244' title='bbox 2631 2466 2729 2535; x_wconf 91' lang='lat' dir='ltr'>vi-</span> 
     </span>
     <span class='ocr_line' id='line_1_28' title="bbox 165 2554 2723 2646; baseline 0 -22"><span class='ocrx_word' id='word_1_245' title='bbox 165 2555 385 2625; x_wconf 87' lang='lat' dir='ltr'>dendi</span> <span class='ocrx_word' id='word_1_246' title='bbox 423 2554 523 2624; x_wconf 89' lang='lat' dir='ltr'>vel</span> <span class='ocrx_word' id='word_1_247' title='bbox 575 2555 906 2625; x_wconf 88' lang='lat' dir='ltr'>audiendi</span> <span class='ocrx_word' id='word_1_248' title='bbox 955 2555 1278 2626; x_wconf 87' lang='lat' dir='ltr'>facultate</span> <span class='ocrx_word' id='word_1_249' title='bbox 1313 2554 1700 2646; x_wconf 88' lang='lat' dir='ltr'>praeditos:</span> <span class='ocrx_word' id='word_1_250' title='bbox 1754 2577 1926 2643; x_wconf 91' lang='lat' dir='ltr'>quos</span> <span class='ocrx_word' id='word_1_251' title='bbox 1963 2556 2097 2625; x_wconf 92' lang='lat' dir='ltr'>nisi</span> <span class='ocrx_word' id='word_1_252' title='bbox 2152 2554 2434 2645; x_wconf 88' lang='lat' dir='ltr'>perdere</span> <span class='ocrx_word' id='word_1_253' title='bbox 2474 2554 2723 2636; x_wconf 81' lang='lat' dir='ltr'>velitiS,</span> 
     </span>
     <span class='ocr_line' id='line_1_29' title="bbox 167 2641 2730 2734; baseline -0.001 -21"><span class='ocrx_word' id='word_1_254' title='bbox 167 2665 448 2714; x_wconf 86' lang='lat' dir='ltr'>servare</span> <span class='ocrx_word' id='word_1_255' title='bbox 497 2666 617 2713; x_wconf 92' lang='lat' dir='ltr'>vos</span> <span class='ocrx_word' id='word_1_256' title='bbox 665 2656 991 2734; x_wconf 89' lang='lat' dir='ltr'>oporteat,</span> <span class='ocrx_word' id='word_1_257' title='bbox 1028 2657 1091 2714; x_wconf 92' lang='lat' dir='ltr'>et</span> <span class='ocrx_word' id='word_1_258' title='bbox 1141 2665 1224 2714; x_wconf 91' lang='lat' dir='ltr'>ne</span> <span class='ocrx_word' id='word_1_259' title='bbox 1270 2643 1441 2713; x_wconf 83' lang='lat' dir='ltr'>forte</span> <span class='ocrx_word' id='word_1_260' title='bbox 1489 2644 1763 2725; x_wconf 91' lang='lat' dir='ltr'>cadant,</span> <span class='ocrx_word' id='word_1_261' title='bbox 1808 2643 1986 2714; x_wconf 84' lang='lat' dir='ltr'>ferro</span> <span class='ocrx_word' id='word_1_262' title='bbox 2027 2657 2092 2714; x_wconf 89' lang='lat' dir='ltr'>et</span> <span class='ocrx_word' id='word_1_263' title='bbox 2143 2641 2430 2734; x_wconf 90' lang='lat' dir='ltr'>plumbo</span> <span class='ocrx_word' id='word_1_264' title='bbox 2477 2641 2730 2712; x_wconf 86' lang='lat' dir='ltr'>confir-</span> 
     </span>
     <span class='ocr_line' id='line_1_30' title="bbox 168 2730 2734 2820; baseline 0 -19"><span class='ocrx_word' id='word_1_265' title='bbox 168 2734 349 2802; x_wconf 87' lang='lat' dir='ltr'>mari</span> <span class='ocrx_word' id='word_1_266' title='bbox 396 2753 678 2802; x_wconf 91' lang='lat' dir='ltr'>necesse</span> <span class='ocrx_word' id='word_1_267' title='bbox 725 2732 853 2802; x_wconf 91' lang='lat' dir='ltr'>sit:</span> <span class='ocrx_word' id='word_1_268' title='bbox 906 2732 1204 2820; x_wconf 91' lang='lat' dir='ltr'>denique</span> <span class='ocrx_word' id='word_1_269' title='bbox 1262 2733 1383 2819; x_wconf 90' lang='lat' dir='ltr'>qui</span> <span class='ocrx_word' id='word_1_270' title='bbox 1447 2754 1569 2802; x_wconf 90' lang='lat' dir='ltr'>nec</span> <span class='ocrx_word' id='word_1_271' title='bbox 1618 2733 1753 2802; x_wconf 90' lang='lat' dir='ltr'>sibi</span> <span class='ocrx_word' id='word_1_272' title='bbox 1808 2754 1933 2801; x_wconf 90' lang='lat' dir='ltr'>nec</span> <span class='ocrx_word' id='word_1_273' title='bbox 1983 2732 2140 2803; x_wconf 89' lang='lat' dir='ltr'>aliis</span> <span class='ocrx_word' id='word_1_274' title='bbox 2191 2730 2409 2801; x_wconf 85' lang='lat' dir='ltr'>ullam</span> <span class='ocrx_word' id='word_1_275' title='bbox 2462 2732 2734 2820; x_wconf 91' lang='lat' dir='ltr'>possint</span> 
     </span>
     <span class='ocr_line' id='line_1_31' title="bbox 168 2819 2726 2912; baseline 0 -24"><span class='ocrx_word' id='word_1_276' title='bbox 168 2820 349 2891; x_wconf 84' lang='lat' dir='ltr'>ferre</span> <span class='ocrx_word' id='word_1_277' title='bbox 382 2842 665 2911; x_wconf 88' lang='lat' dir='ltr'>opem.»</span> <span class='ocrx_word' id='word_1_278' title='bbox 690 2820 1051 2890; x_wconf 85' lang='lat' dir='ltr'>Tiburtius</span> <span class='ocrx_word' id='word_1_279' title='bbox 1090 2821 1224 2890; x_wconf 88' lang='lat' dir='ltr'>ait:</span> <span class='ocrx_word' id='word_1_280' title='bbox 1271 2827 1596 2912; x_wconf 83' lang='lat' dir='ltr'>«Propter</span> <span class='ocrx_word' id='word_1_281' title='bbox 1626 2822 1902 2912; x_wconf 90' lang='lat' dir='ltr'>generis</span> <span class='ocrx_word' id='word_1_282' title='bbox 1939 2821 2146 2891; x_wconf 89' lang='lat' dir='ltr'>vestri</span> <span class='ocrx_word' id='word_1_283' title='bbox 2185 2819 2611 2891; x_wconf 89' lang='lat' dir='ltr'>nobilitatem</span> <span class='ocrx_word' id='word_1_284' title='bbox 2655 2821 2726 2889; x_wconf 88' lang='lat' dir='ltr'>in</span> 
     </span>
     <span class='ocr_line' id='line_1_32' title="bbox 174 2908 2731 3001; baseline -0 -22"><span class='ocrx_word' id='word_1_285' title='bbox 174 2930 511 2998; x_wconf 86' lang='lat' dir='ltr'>praesens</span> <span class='ocrx_word' id='word_1_286' title='bbox 556 2931 761 2998; x_wconf 92' lang='lat' dir='ltr'>parco</span> <span class='ocrx_word' id='word_1_287' title='bbox 807 2911 1023 2980; x_wconf 88' lang='lat' dir='ltr'>vobis.</span> <span class='ocrx_word' id='word_1_288' title='bbox 1061 2910 1248 2980; x_wconf 79' lang='lat' dir='ltr'>Abite</span> <span class='ocrx_word' id='word_1_289' title='bbox 1283 2911 1518 3001; x_wconf 89' lang='lat' dir='ltr'>igitur,</span> <span class='ocrx_word' id='word_1_290' title='bbox 1556 2923 1622 2978; x_wconf 91' lang='lat' dir='ltr'>et</span> <span class='ocrx_word' id='word_1_291' title='bbox 1668 2911 1756 2980; x_wconf 90' lang='lat' dir='ltr'>ab</span> <span class='ocrx_word' id='word_1_292' title='bbox 1807 2910 1935 2980; x_wconf 89' lang='lat' dir='ltr'>hac</span> <span class='ocrx_word' id='word_1_293' title='bbox 1985 2931 2162 2979; x_wconf 82' lang='lat' dir='ltr'>vana</span> <span class='ocrx_word' id='word_1_294' title='bbox 2222 2908 2559 3000; x_wconf 83' lang='lat' dir='ltr'>religione</span> <span class='ocrx_word' id='word_1_295' title='bbox 2609 2931 2731 2978; x_wconf 91' lang='lat' dir='ltr'>vos</span> 
     </span>
     <span class='ocr_line' id='line_1_33' title="bbox 171 2997 2730 3089; baseline 0 -23"><span class='ocrx_word' id='word_1_296' title='bbox 171 3010 511 3069; x_wconf 86' lang='lat' dir='ltr'>revocate.</span> <span class='ocrx_word' id='word_1_297' title='bbox 547 3003 717 3068; x_wconf 86' lang='lat' dir='ltr'>Nam</span> <span class='ocrx_word' id='word_1_298' title='bbox 760 2999 815 3067; x_wconf 90' lang='lat' dir='ltr'>si</span> <span class='ocrx_word' id='word_1_299' title='bbox 851 2999 1079 3069; x_wconf 91' lang='lat' dir='ltr'>denuo</span> <span class='ocrx_word' id='word_1_300' title='bbox 1110 2997 1195 3068; x_wconf 91' lang='lat' dir='ltr'>ad</span> <span class='ocrx_word' id='word_1_301' title='bbox 1232 3021 1342 3069; x_wconf 91' lang='lat' dir='ltr'>me</span> <span class='ocrx_word' id='word_1_302' title='bbox 1388 2998 1598 3068; x_wconf 91' lang='lat' dir='ltr'>delati</span> <span class='ocrx_word' id='word_1_303' title='bbox 1644 2998 1860 3081; x_wconf 83' lang='lat' dir='ltr'>eritiS‚</span> <span class='ocrx_word' id='word_1_304' title='bbox 1917 2998 2334 3069; x_wconf 88' lang='lat' dir='ltr'>multivariis</span> <span class='ocrx_word' id='word_1_305' title='bbox 2392 3020 2510 3068; x_wconf 87' lang='lat' dir='ltr'>vos</span> <span class='ocrx_word' id='word_1_306' title='bbox 2562 3019 2730 3089; x_wconf 88' lang='lat' dir='ltr'>sup·</span> 
     </span>
     <span class='ocr_line' id='line_1_34' title="bbox 169 3087 1412 3176; baseline -0.001 -21"><span class='ocrx_word' id='word_1_307' title='bbox 169 3087 405 3176; x_wconf 88' lang='lat' dir='ltr'>pliciis</span> <span class='ocrx_word' id='word_1_308' title='bbox 442 3087 873 3158; x_wconf 83' lang='lat' dir='ltr'>excruciatos</span> <span class='ocrx_word' id='word_1_309' title='bbox 925 3088 1412 3157; x_wconf 89' lang='lat' dir='ltr'>interficiam.»</span> 
     </span>
    </p>

    <p class='ocr_par' dir='ltr' id='par_1_5' title="bbox 171 3174 2731 4242">
     <span class='ocr_line' id='line_1_35' title="bbox 264 3174 2730 3267; baseline 0 -21"><span class='ocrx_word' id='word_1_310' title='bbox 264 3178 304 3263; x_wconf 70' lang='grc' dir='ltr'>ξ</span> <span class='ocrx_word' id='word_1_311' title='bbox 350 3179 447 3246; x_wconf 72' lang='lat'>8.</span> <span class='ocrx_word' id='word_1_312' title='bbox 502 3176 833 3247; x_wconf 82' lang='lat' dir='ltr'>Abierunt</span> <span class='ocrx_word' id='word_1_313' title='bbox 882 3176 1097 3267; x_wconf 90' lang='lat' dir='ltr'>igitur</span> <span class='ocrx_word' id='word_1_314' title='bbox 1153 3197 1233 3245; x_wconf 85' lang='lat' dir='ltr'>ex</span> <span class='ocrx_word' id='word_1_315' title='bbox 1281 3179 1435 3265; x_wconf 90' lang='lat' dir='ltr'>ejus</span> <span class='ocrx_word' id='word_1_316' title='bbox 1484 3187 1881 3267; x_wconf 88' lang='lat' dir='ltr'>conspectu,</span> <span class='ocrx_word' id='word_1_317' title='bbox 1946 3176 2169 3267; x_wconf 89' lang='lat' dir='ltr'>magis</span> <span class='ocrx_word' id='word_1_318' title='bbox 2217 3176 2423 3245; x_wconf 87' lang='lat' dir='ltr'>ctiam</span> <span class='ocrx_word' id='word_1_319' title='bbox 2474 3176 2542 3243; x_wconf 90' lang='lat' dir='ltr'>in</span> <span class='ocrx_word' id='word_1_320' title='bbox 2594 3174 2730 3246; x_wconf 87' lang='lat' dir='ltr'>fide</span> 
     </span>
     <span class='ocr_line' id='line_1_36' title="bbox 175 3263 2728 3356; baseline 0 -23"><span class='ocrx_word' id='word_1_321' title='bbox 175 3263 432 3333; x_wconf 87' lang='lat' dir='ltr'>Christi</span> <span class='ocrx_word' id='word_1_322' title='bbox 483 3264 923 3347; x_wconf 89' lang='lat' dir='ltr'>inflammati,</span> <span class='ocrx_word' id='word_1_323' title='bbox 959 3264 1404 3353; x_wconf 89' lang='lat' dir='ltr'>quotidieque</span> <span class='ocrx_word' id='word_1_324' title='bbox 1432 3266 1766 3356; x_wconf 88' lang='lat' dir='ltr'>rogabant</span> <span class='ocrx_word' id='word_1_325' title='bbox 1798 3266 2193 3343; x_wconf 84' lang='lat' dir='ltr'>Dominum,</span> <span class='ocrx_word' id='word_1_326' title='bbox 2230 3264 2341 3334; x_wconf 90' lang='lat' dir='ltr'>die</span> <span class='ocrx_word' id='word_1_327' title='bbox 2385 3277 2728 3350; x_wconf 90' lang='lat' dir='ltr'>noctuque</span> 
     </span>
     <span class='ocr_line' id='line_1_37' title="bbox 172 3352 2730 3444; baseline 0.001 -25"><span class='ocrx_word' id='word_1_328' title='bbox 172 3352 243 3419; x_wconf 88' lang='lat' dir='ltr'>in</span> <span class='ocrx_word' id='word_1_329' title='bbox 297 3374 533 3444; x_wconf 88' lang='lat' dir='ltr'>genua</span> <span class='ocrx_word' id='word_1_330' title='bbox 569 3353 1087 3423; x_wconf 89' lang='lat' dir='ltr'>incumbentes:</span> <span class='ocrx_word' id='word_1_331' title='bbox 1142 3355 1627 3441; x_wconf 88' lang='lat' dir='ltr'>crescebatque</span> <span class='ocrx_word' id='word_1_332' title='bbox 1668 3354 1736 3422; x_wconf 90' lang='lat' dir='ltr'>in</span> <span class='ocrx_word' id='word_1_333' title='bbox 1766 3354 1914 3424; x_wconf 92' lang='lat' dir='ltr'>dies</span> <span class='ocrx_word' id='word_1_334' title='bbox 1939 3353 2113 3424; x_wconf 87' lang='lat' dir='ltr'>fides</span> <span class='ocrx_word' id='word_1_335' title='bbox 2154 3353 2433 3423; x_wconf 89' lang='lat' dir='ltr'>illorum</span> <span class='ocrx_word' id='word_1_336' title='bbox 2462 3353 2532 3421; x_wconf 91' lang='lat' dir='ltr'>in</span> <span class='ocrx_word' id='word_1_337' title='bbox 2565 3374 2730 3442; x_wconf 90' lang='lat' dir='ltr'>ope-</span> 
     </span>
     <span class='ocr_line' id='line_1_38' title="bbox 172 3440 2730 3533; baseline 0 -25"><span class='ocrx_word' id='word_1_338' title='bbox 172 3441 373 3511; x_wconf 87' lang='lat' dir='ltr'>ribus</span> <span class='ocrx_word' id='word_1_339' title='bbox 425 3440 688 3524; x_wconf 83' lang='lat' dir='ltr'>multiS‚</span> <span class='ocrx_word' id='word_1_340' title='bbox 724 3456 790 3512; x_wconf 89' lang='lat' dir='ltr'>et</span> <span class='ocrx_word' id='word_1_341' title='bbox 817 3441 1406 3513; x_wconf 86' lang='lat' dir='ltr'>exhortationibus</span> <span class='ocrx_word' id='word_1_342' title='bbox 1440 3443 1586 3514; x_wconf 89' lang='lat' dir='ltr'>suis</span> <span class='ocrx_word' id='word_1_343' title='bbox 1635 3464 1773 3512; x_wconf 88' lang='lat' dir='ltr'>non</span> <span class='ocrx_word' id='word_1_344' title='bbox 1825 3463 2083 3533; x_wconf 90' lang='lat' dir='ltr'>paucos</span> <span class='ocrx_word' id='word_1_345' title='bbox 2117 3442 2203 3512; x_wconf 90' lang='lat' dir='ltr'>ad</span> <span class='ocrx_word' id='word_1_346' title='bbox 2233 3441 2576 3511; x_wconf 89' lang='lat' dir='ltr'>Christum</span> <span class='ocrx_word' id='word_1_347' title='bbox 2606 3440 2730 3509; x_wconf 91' lang='lat' dir='ltr'>ad-</span> 
     </span>
     <span class='ocr_line' id='line_1_39' title="bbox 171 3527 2731 3622; baseline 0.001 -24"><span class='ocrx_word' id='word_1_348' title='bbox 171 3528 550 3599; x_wconf 85' lang='lat' dir='ltr'>ducebant.</span> <span class='ocrx_word' id='word_1_349' title='bbox 596 3530 791 3613; x_wconf 86' lang='lat' dir='ltr'>Quod</span> <span class='ocrx_word' id='word_1_350' title='bbox 841 3545 919 3601; x_wconf 92' lang='lat' dir='ltr'>ut</span> <span class='ocrx_word' id='word_1_351' title='bbox 965 3553 1241 3600; x_wconf 88' lang='lat' dir='ltr'>sensere</span> <span class='ocrx_word' id='word_1_352' title='bbox 1307 3532 1643 3613; x_wconf 82' lang='lat' dir='ltr'>infideleS‚</span> <span class='ocrx_word' id='word_1_353' title='bbox 1690 3533 1983 3622; x_wconf 89' lang='lat' dir='ltr'>permoti</span> <span class='ocrx_word' id='word_1_354' title='bbox 2032 3530 2239 3601; x_wconf 90' lang='lat' dir='ltr'>rebus</span> <span class='ocrx_word' id='word_1_355' title='bbox 2288 3527 2731 3601; x_wconf 90' lang='lat' dir='ltr'>mirabilibus</span> 
     </span>
     <span class='ocr_line' id='line_1_40' title="bbox 172 3618 2728 3708; baseline -0 -21"><span class='ocrx_word' id='word_1_356' title='bbox 172 3639 352 3703; x_wconf 87' lang='lat' dir='ltr'>quas</span> <span class='ocrx_word' id='word_1_357' title='bbox 404 3640 524 3708; x_wconf 89' lang='lat' dir='ltr'>per</span> <span class='ocrx_word' id='word_1_358' title='bbox 571 3619 726 3691; x_wconf 89' lang='lat' dir='ltr'>illos</span> <span class='ocrx_word' id='word_1_359' title='bbox 774 3618 1110 3690; x_wconf 84' lang='lat' dir='ltr'>efficiebat</span> <span class='ocrx_word' id='word_1_360' title='bbox 1158 3620 1467 3689; x_wconf 85' lang='lat' dir='ltr'>Christus</span> <span class='ocrx_word' id='word_1_361' title='bbox 1501 3676 1516 3699; x_wconf 94' lang='lat'>,</span> <span class='ocrx_word' id='word_1_362' title='bbox 1586 3620 2107 3707; x_wconf 89' lang='lat' dir='ltr'>multorumque</span> <span class='ocrx_word' id='word_1_363' title='bbox 2155 3619 2242 3689; x_wconf 90' lang='lat' dir='ltr'>ad</span> <span class='ocrx_word' id='word_1_364' title='bbox 2305 3619 2511 3688; x_wconf 88' lang='lat' dir='ltr'>fidem</span> <span class='ocrx_word' id='word_1_365' title='bbox 2565 3639 2728 3687; x_wconf 90' lang='lat' dir='ltr'>con-</span> 
     </span>
     <span class='ocr_line' id='line_1_41' title="bbox 175 3706 2730 3799; baseline 0.002 -28"><span class='ocrx_word' id='word_1_366' title='bbox 175 3709 563 3777; x_wconf 74' lang='lat' dir='ltr'>versionem</span> <span class='ocrx_word' id='word_1_367' title='bbox 598 3707 881 3779; x_wconf 88' lang='lat' dir='ltr'>moleste</span> <span class='ocrx_word' id='word_1_368' title='bbox 928 3708 1244 3789; x_wconf 70' lang='lat' dir='ltr'>ferentes,</span> <span class='ocrx_word' id='word_1_369' title='bbox 1302 3708 1457 3779; x_wconf 91' lang='lat' dir='ltr'>illos</span> <span class='ocrx_word' id='word_1_370' title='bbox 1485 3709 2020 3799; x_wconf 88' lang='lat' dir='ltr'>comprehensos</span> <span class='ocrx_word' id='word_1_371' title='bbox 2061 3707 2146 3777; x_wconf 89' lang='lat' dir='ltr'>ad</span> <span class='ocrx_word' id='word_1_372' title='bbox 2189 3706 2576 3778; x_wconf 89' lang='lat' dir='ltr'>Tiburtium</span> <span class='ocrx_word' id='word_1_373' title='bbox 2607 3706 2730 3776; x_wconf 90' lang='lat' dir='ltr'>ad·</span> 
     </span>
     <span class='ocr_line' id='line_1_42' title="bbox 176 3794 2729 3897; baseline 0 -36"><span class='ocrx_word' id='word_1_374' title='bbox 176 3794 574 3877; x_wconf 86' lang='lat' dir='ltr'>duxerunt,</span> <span class='ocrx_word' id='word_1_375' title='bbox 631 3797 722 3865; x_wconf 92' lang='lat' dir='ltr'>ita</span> <span class='ocrx_word' id='word_1_376' title='bbox 770 3798 1111 3869; x_wconf 88' lang='lat' dir='ltr'>dicentes:</span> <span class='ocrx_word' id='word_1_377' title='bbox 1170 3797 1391 3866; x_wconf 89' lang='lat' dir='ltr'>«Nihil</span> <span class='ocrx_word' id='word_1_378' title='bbox 1426 3797 1611 3888; x_wconf 87' lang='lat' dir='ltr'>apud</span> <span class='ocrx_word' id='word_1_379' title='bbox 1665 3799 1789 3868; x_wconf 93' lang='lat' dir='ltr'>hos</span> <span class='ocrx_word' id='word_1_380' title='bbox 1841 3796 2052 3866; x_wconf 81' lang='lat' dir='ltr'>valuit</span> <span class='ocrx_word' id='word_1_381' title='bbox 2090 3798 2317 3897; x_wconf 73' lang='lat' dir='ltr'>jussio</span> <span class='ocrx_word' id='word_1_382' title='bbox 2369 3811 2505 3866; x_wconf 91' lang='lat' dir='ltr'>tua.</span> <span class='ocrx_word' id='word_1_383' title='bbox 2561 3799 2729 3865; x_wconf 90' lang='lat' dir='ltr'>Nam</span> 
     </span>
     <span class='ocr_line' id='line_1_43' title="bbox 178 3885 2731 3975; baseline 0.001 -26"><span class='ocrx_word' id='word_1_384' title='bbox 178 3905 316 3953; x_wconf 89' lang='lat' dir='ltr'>non</span> <span class='ocrx_word' id='word_1_385' title='bbox 368 3885 595 3955; x_wconf 91' lang='lat' dir='ltr'>solum</span> <span class='ocrx_word' id='word_1_386' title='bbox 632 3898 693 3954; x_wconf 90' lang='lat' dir='ltr'>te</span> <span class='ocrx_word' id='word_1_387' title='bbox 724 3908 860 3956; x_wconf 90' lang='lat' dir='ltr'>non</span> <span class='ocrx_word' id='word_1_388' title='bbox 911 3886 1228 3966; x_wconf 84' lang='lat' dir='ltr'>audiunt,</span> <span class='ocrx_word' id='word_1_389' title='bbox 1273 3886 1388 3956; x_wconf 92' lang='lat' dir='ltr'>sed</span> <span class='ocrx_word' id='word_1_390' title='bbox 1420 3887 1624 3955; x_wconf 85' lang='lat' dir='ltr'>etiam</span> <span class='ocrx_word' id='word_1_391' title='bbox 1663 3887 1952 3975; x_wconf 87' lang='lat' dir='ltr'>magicis</span> <span class='ocrx_word' id='word_1_392' title='bbox 1985 3885 2253 3955; x_wconf 79' lang='lat' dir='ltr'>artibus</span> <span class='ocrx_word' id='word_1_393' title='bbox 2296 3897 2514 3954; x_wconf 89' lang='lat' dir='ltr'>totum</span> <span class='ocrx_word' id='word_1_394' title='bbox 2542 3905 2731 3952; x_wconf 90' lang='lat' dir='ltr'>ever-</span> 
     </span>
     <span class='ocr_line' id='line_1_44' title="bbox 178 3973 2730 4064; baseline 0 -24"><span class='ocrx_word' id='word_1_395' title='bbox 178 3984 417 4042; x_wconf 87' lang='lat' dir='ltr'>terunt</span> <span class='ocrx_word' id='word_1_396' title='bbox 466 3974 875 4064; x_wconf 84' lang='lat' dir='ltr'>populum.»</span> <span class='ocrx_word' id='word_1_397' title='bbox 912 3980 1080 4044; x_wconf 90' lang='lat' dir='ltr'>Tum</span> <span class='ocrx_word' id='word_1_398' title='bbox 1112 3974 1206 4045; x_wconf 55' lang='lat' dir='ltr'>a‘it</span> <span class='ocrx_word' id='word_1_399' title='bbox 1232 3975 1314 4044; x_wconf 90' lang='lat' dir='ltr'>ad</span> <span class='ocrx_word' id='word_1_400' title='bbox 1357 3974 1512 4044; x_wconf 86' lang='lat' dir='ltr'>illos</span> <span class='ocrx_word' id='word_1_401' title='bbox 1561 3975 1946 4046; x_wconf 88' lang='lat' dir='ltr'>Tiburtius:</span> <span class='ocrx_word' id='word_1_402' title='bbox 2003 3973 2225 4056; x_wconf 85' lang='lat' dir='ltr'>«Quid</span> <span class='ocrx_word' id='word_1_403' title='bbox 2252 3974 2346 4043; x_wconf 86' lang='lat' dir='ltr'>ita</span> <span class='ocrx_word' id='word_1_404' title='bbox 2374 3993 2490 4042; x_wconf 91' lang='lat' dir='ltr'>vos</span> <span class='ocrx_word' id='word_1_405' title='bbox 2539 3993 2730 4041; x_wconf 89' lang='lat' dir='ltr'>corn-</span> 
     </span>
     <span class='ocr_line' id='line_1_45' title="bbox 179 4060 2721 4154; baseline -0 -25"><span class='ocrx_word' id='word_1_406' title='bbox 179 4060 463 4148; x_wconf 84' lang='lat' dir='ltr'>paratis,</span> <span class='ocrx_word' id='word_1_407' title='bbox 502 4077 577 4131; x_wconf 90' lang='lat' dir='ltr'>ut</span> <span class='ocrx_word' id='word_1_408' title='bbox 629 4085 750 4132; x_wconf 88' lang='lat' dir='ltr'>nec</span> <span class='ocrx_word' id='word_1_409' title='bbox 806 4064 1197 4154; x_wconf 90' lang='lat' dir='ltr'>piissimum</span> <span class='ocrx_word' id='word_1_410' title='bbox 1260 4069 1640 4142; x_wconf 86' lang='lat' dir='ltr'>Caesarem,</span> <span class='ocrx_word' id='word_1_411' title='bbox 1702 4085 1826 4132; x_wconf 89' lang='lat' dir='ltr'>nec</span> <span class='ocrx_word' id='word_1_412' title='bbox 1878 4085 1986 4131; x_wconf 90' lang='lat' dir='ltr'>me</span> <span class='ocrx_word' id='word_1_413' title='bbox 2036 4062 2415 4152; x_wconf 86' lang='lat' dir='ltr'>propitium</span> <span class='ocrx_word' id='word_1_414' title='bbox 2467 4060 2721 4129; x_wconf 86' lang='lat' dir='ltr'>habere</span> 
     </span>
     <span class='ocr_line' id='line_1_46' title="bbox 180 4148 2730 4242; baseline 0 -27"><span class='ocrx_word' id='word_1_415' title='bbox 180 4148 451 4219; x_wconf 70' lang='lat' dir='ltr'>velitis?</span> <span class='ocrx_word' id='word_1_416' title='bbox 488 4175 521 4217; x_wconf 83' lang='lat'>»</span> <span class='ocrx_word' id='word_1_417' title='bbox 598 4156 662 4220; x_wconf 93' lang='lat' dir='ltr'>S.</span> <span class='ocrx_word' id='word_1_418' title='bbox 726 4153 1179 4242; x_wconf 82' lang='lat' dir='ltr'>Pergentinus</span> <span class='ocrx_word' id='word_1_419' title='bbox 1235 4151 1618 4242; x_wconf 87' lang='lat' dir='ltr'>respondit:</span> <span class='ocrx_word' id='word_1_420' title='bbox 1684 4175 1718 4217; x_wconf 91' lang='lat'>«</span> <span class='ocrx_word' id='word_1_421' title='bbox 1765 4156 1895 4221; x_wconf 90' lang='lat' dir='ltr'>Nos</span> <span class='ocrx_word' id='word_1_422' title='bbox 1953 4151 2328 4241; x_wconf 85' lang='lat' dir='ltr'>propitium</span> <span class='ocrx_word' id='word_1_423' title='bbox 2390 4149 2730 4218; x_wconf 89' lang='lat' dir='ltr'>habemus</span> 
     </span>
    </p>
   </div>
   <div class='ocr_carea' id='block_1_4' title="bbox 170 4346 2731 4508">
    <p class='ocr_par' dir='ltr' id='par_1_6' title="bbox 170 4346 2731 4508">
     <span class='ocr_line' id='line_1_47' title="bbox 231 4346 2731 4402; baseline -0 -17"><span class='ocrx_word' id='word_1_424' title='bbox 231 4350 289 4393; x_wconf 68' lang='lat' dir='ltr'>(a)</span> <span class='ocrx_word' id='word_1_425' title='bbox 318 4350 513 4387; x_wconf 49' lang='lat' dir='ltr'>,sto-etium</span> <span class='ocrx_word' id='word_1_426' title='bbox 533 4351 579 4389; x_wconf 81' lang='lat' dir='ltr'>et</span> <span class='ocrx_word' id='word_1_427' title='bbox 598 4352 823 4389; x_wconf 58' lang='lat' dir='ltr'>Aru-aium</span> <span class='ocrx_word' id='word_1_428' title='bbox 841 4349 958 4397; x_wconf 78' lang='lat' dir='ltr'>(ital.</span> <span class='ocrx_word' id='word_1_429' title='bbox 989 4348 1170 4402; x_wconf 67' lang='grc' dir='ltr'>Λνρεεο)</span> <span class='ocrx_word' id='word_1_430' title='bbox 1190 4349 1521 4399; x_wconf 63' lang='lat' dir='ltr'>antiquissima</span> <span class='ocrx_word' id='word_1_431' title='bbox 1542 4350 1883 4390; x_wconf 80' lang='lat' dir='ltr'>Hetruscorum</span> <span class='ocrx_word' id='word_1_432' title='bbox 1903 4349 2032 4395; x_wconf 82' lang='lat' dir='ltr'>urbs,</span> <span class='ocrx_word' id='word_1_433' title='bbox 2053 4346 2176 4389; x_wconf 75' lang='lat' dir='ltr'>inter</span> <span class='ocrx_word' id='word_1_434' title='bbox 2199 4348 2518 4389; x_wconf 76' lang='lat' dir='ltr'>nobilissimas</span> <span class='ocrx_word' id='word_1_435' title='bbox 2542 4358 2568 4385; x_wconf 76' lang='lat' dir='ltr'>a</span> <span class='ocrx_word' id='word_1_436' title='bbox 2597 4347 2731 4386; x_wconf 76' lang='lat' dir='ltr'>Livio</span> 
     </span>
     <span class='ocr_line' id='line_1_48' title="bbox 173 4401 2726 4451; baseline -0.001 -11"><span class='ocrx_word' id='word_1_437' title='bbox 173 4404 477 4443; x_wconf 65' lang='lat' dir='ltr'>numeretur:</span> <span class='ocrx_word' id='word_1_438' title='bbox 504 4414 587 4443; x_wconf 78' lang='lat' dir='ltr'>nec</span> <span class='ocrx_word' id='word_1_439' title='bbox 616 4405 770 4444; x_wconf 80' lang='lat' dir='ltr'>minus</span> <span class='ocrx_word' id='word_1_440' title='bbox 802 4402 1002 4445; x_wconf 65' lang='lat' dir='ltr'>{flustris</span> <span class='ocrx_word' id='word_1_441' title='bbox 1033 4404 1191 4445; x_wconf 79' lang='lat' dir='ltr'>extitit</span> <span class='ocrx_word' id='word_1_442' title='bbox 1220 4406 1269 4444; x_wconf 83' lang='lat' dir='ltr'>m</span> <span class='ocrx_word' id='word_1_443' title='bbox 1300 4404 1535 4443; x_wconf 75' lang='lat' dir='ltr'>Ecclesiae</span> <span class='ocrx_word' id='word_1_444' title='bbox 1561 4405 1710 4448; x_wconf 74' lang='lat' dir='ltr'>fastis.</span> <span class='ocrx_word' id='word_1_445' title='bbox 1748 4414 1856 4443; x_wconf 86' lang='lat' dir='ltr'>cum</span> <span class='ocrx_word' id='word_1_446' title='bbox 1876 4412 1903 4443; x_wconf 73' lang='lat' dir='ltr'>a</span> <span class='ocrx_word' id='word_1_447' title='bbox 1924 4406 2158 4451; x_wconf 76' lang='lat' dir='ltr'>suscepta,</span> <span class='ocrx_word' id='word_1_448' title='bbox 2181 4404 2368 4442; x_wconf 76' lang='lat' dir='ltr'>vivente</span> <span class='ocrx_word' id='word_1_449' title='bbox 2392 4401 2726 4449; x_wconf 71' lang='lat' dir='ltr'>Apostolorum</span> 
     </span>
     <span class='ocr_line' id='line_1_49' title="bbox 170 4452 2526 4508; baseline -0.004 -7"><span class='ocrx_word' id='word_1_450' title='bbox 170 4452 414 4504; x_wconf 69' lang='lat' dir='ltr'>Principe.</span> <span class='ocrx_word' id='word_1_451' title='bbox 439 4456 699 4499; x_wconf 69' lang='lat' dir='ltr'>Christiana</span> <span class='ocrx_word' id='word_1_452' title='bbox 725 4458 830 4504; x_wconf 82' lang='lat' dir='ltr'>fide,</span> <span class='ocrx_word' id='word_1_453' title='bbox 858 4457 1033 4499; x_wconf 69' lang='lat' dir='ltr'>muitos</span> <span class='ocrx_word' id='word_1_454' title='bbox 1062 4458 1119 4498; x_wconf 77' lang='lat' dir='ltr'>ad</span> <span class='ocrx_word' id='word_1_455' title='bbox 1148 4458 1401 4500; x_wconf 77' lang='lat' dir='ltr'>coelestem</span> <span class='ocrx_word' id='word_1_456' title='bbox 1432 4458 1628 4508; x_wconf 76' lang='lat' dir='ltr'>gloriam</span> <span class='ocrx_word' id='word_1_457' title='bbox 1659 4457 1980 4498; x_wconf 72' lang='lat' dir='ltr'>transmiserit</span> <span class='ocrx_word' id='word_1_458' title='bbox 2008 4457 2232 4504; x_wconf 73' lang='lat' dir='ltr'>martyrio</span> <span class='ocrx_word' id='word_1_459' title='bbox 2261 4458 2526 4494; x_wconf 71' lang='lat' dir='ltr'>coronatos.</span> 
     </span>
    </p>
   </div>
  </div>
 </body>
</html>
