3357 4995
610 331 735 396 190
1320 347 1399 393 na
1447 347 1501 394 3.
1556 345 1920 393 nnumin-o
1967 343 2264 394 EPtSCOPO
2482 309 2495 324 ⁶
2753 327 2973 392 JUNII
3024 329 3064 391 6

521 455 642 505 san
704 434 929 502 uinem
983 429 1409 520 expetebant,
1468 452 1676 517 quam
1735 430 2127 499 hominem:
2176 428 2506 508 videntes,
2564 429 2876 516 inquam,
2933 429 3060 510 illi,

521 544 658 610 quo
759 542 892 589 non
946 532 1361 599 moreretur,
1430 519 1597 588 dum
1649 542 1687 588 a
1738 518 2154 605 quibusdam
2207 519 2267 586 ei
2312 519 2754 607 parcebatur,
2809 539 2847 585 a
2901 541 3069 587 non-

520 610 733 680 nullis
793 630 962 678 =vero
1053 628 1426 698 percussus
1499 629 1633 676 non
1711 606 2157 685 laedebatur,
2238 607 2590 696 Reliquias
2663 621 3066 677 sanctorum

519 699 834 771 celeriter
881 707 1347 787 apportanteS,
1386 718 1503 765 eas
1548 697 1614 763 in
1670 696 1897 765 medio
1946 709 2351 787 posuerunt,
2392 695 2696 782 fassique
2725 709 2889 764 sunt
2922 718 3074 786 per-

518 787 903 858 absurdum
955 786 1022 854 id
1072 807 1242 863 esse,
1297 797 1374 853 ut
1426 798 1560 854 tam
1614 785 1930 874 improbe
1995 796 2229 875 pastor
2277 785 2363 853 ab
2413 784 2656 854 ovibus
2704 806 3071 875 oppugna—

522 891 729 946 retur.
768 879 947 944 Haec
995 874 1277 962 quidem
1319 873 1422 942 illi
1473 895 1635 963 prae
1674 896 1747 943 se
1796 872 2123 952 ferebant,
2173 872 2414 944 falsam
2469 872 2881 944 simulantes
2936 875 3068 944 hu-

523 966 967 1035 manitatem:
1024 985 1181 1034 nam
1224 976 1289 1032 et
1338 962 1466 1052 ipsi
1520 984 1677 1032 eum
1724 962 1951 1032 hocin
2003 962 2294 1032 articulo
2346 963 2647 1051 positum
2701 962 3061 1052 cogebant,

520 1067 595 1124 ut
626 1053 868 1123 fratres
917 1074 1081 1123 suos
1111 1051 1195 1121 de
1227 1050 1517 1121 ecclesia
1552 1050 1790 1120 beatae
1838 1053 2087 1121 Mariae
2134 1052 2409 1140 ejiceret
2507 1050 2579 1120 ui
2632 1052 2698 1119 in
2733 1073 2811 1119 ea
2863 1053 3067 1141 positi

520 1155 738 1222 erant,
776 1155 853 1211 ut
900 1140 1224 1231 superius
1271 1140 1534 1209 dictum
1570 1152 1694 1211 est.
1735 1145 1811 1209 At
1851 1140 1964 1209 ille
1999 1141 2381 1221 recusabat,
2415 1163 2448 1208 a
2507 1161 2772 1208 irmans
2807 1139 3061 1211 sactum

520 1232 674 1311 hoc,
719 1229 944 1317 quoad
980 1230 1252 1308 viveret,
1288 1250 1669 1329 numquam
1709 1230 1895 1319 ipsos
1931 1230 2438 1308 immutaturOS,
2476 1229 2655 1316 quod
2696 1228 2915 1318 regali
2946 1253 3067 1320 po-

520 1320 731 1390 tentia
777 1331 844 1388 et
892 1323 1201 1388 Romana
1240 1329 1641 1387 auctoritate
1688 1331 1865 1387 esset
1914 1317 2430 1387 confirmatum.

607 1411 644 1496 ξ
689 1412 834 1481 5⁷.
891 1412 1063 1476 Dum
1115 1407 1282 1476 haec
1332 1417 1721 1496 agerentur,
1762 1407 2039 1476 advenit
2085 1407 2235 1495 ejus
2299 1406 2494 1475 urbis
2544 1411 2780 1475 Comes
2829 1428 2906 1474 ex
2952 1408 3063 1476 iti-

521 1519 704 1577 nere,
744 1510 810 1565 et
855 1495 1055 1582 quasi
1105 1493 1447 1565 tumultus
1511 1494 1725 1582 hujus
1776 1497 2071 1574 nescius,
2111 1496 2177 1563 in
2246 1495 2510 1563 medias
2553 1495 2907 1587 turbasse
2959 1497 3060 1564 in·

519 1586 700 1664 tulit,
740 1605 1208 1674 separansque
1248 1583 1419 1653 alios
1468 1584 1556 1652 ab
1616 1584 1796 1664 aliis,
1860 1584 2042 1653 diem
2094 1597 2360 1653 certum
2410 1584 2510 1651 eis
2579 1583 2913 1672 praefixit.
2969 1586 3057 1653 ad

519 1696 726 1763 quem
779 1673 1098 1744 adessent
1143 1694 1406 1751 omneS,
1467 1674 1729 1760 justam
1797 1674 2304 1759 querimoniam
2356 1673 2689 1741 habentes
2729 1672 3060 1743 adversus
3147 1679 3152 1683 ’

522 1764 965 1853 Episcopum.
1008 1767 1458 1831 Recesserunt
1505 1782 1667 1851 ergo
1711 1760 1811 1830 illi
1843 1762 1923 1831 ad
1981 1774 2419 1852 praeceptum
2465 1760 2770 1851 judic-‚ist
2825 1775 2892 1829 at
2944 1764 3058 1831 Dei

521 1851 842 1922 sacerdos
872 1850 1150 1920 intravit
1195 1849 1506 1919 eamdem
1560 1849 1945 1929 ecclesiam,
1993 1850 2198 1937 cujus
2231 1856 2437 1919 causa
2468 1850 2698 1926 omnis
2735 1849 2849 1917 illa
2874 1873 3063 1920 com-

521 1941 730 2010 motio
766 1939 942 2009 facta
974 1938 1216 2015 suerat,
1259 1939 1532 2007 Missam
1561 1938 2056 2017 celebraturus,
2084 1952 2146 2006 ot
2181 1939 2555 2008 immensas
2590 1942 2720 2007 Deo
2752 1960 2878 2008 suo
2906 1963 3064 2028 gra-

523 2031 652 2100 tias
703 2027 1123 2097 redditurus.
1161 2032 1464 2112 Cumque
1514 2028 1913 2096 accessisset
1952 2027 2036 2095 ad
2100 2028 2335 2106 altare,
2369 2028 2719 2097 accersitis
2767 2028 3065 2096 circum-

519 2117 866 2207 stantibus
914 2117 1047 2185 ait:
1104 2121 1272 2185 Ecce
1335 2119 1598 2205 integra
1661 2130 1823 2185 sunt
1879 2116 2136 2196 omnia,
2185 2115 2509 2202 salvaque
2557 2129 2622 2184 et
2681 2138 2848 2184 sana
2887 2140 3064 2202 quae

522 2208 843 2277 nunciata
895 2205 1168 2275 fuerant
1214 2204 1426 2273 fracta
1475 2219 1539 2274 et
1587 2206 2004 2295 absportata.
2077 2205 2451 2274 celebravit
2519 2205 2728 2293 igitur
2778 2205 3057 2274 Missam

521 2298 589 2364 in
641 2295 877 2365 eodem
918 2293 1089 2373 loco,
1131 2293 1246 2363 sed
1299 2306 1363 2362 et
1410 2293 1768 2382 epistolam
1799 2305 1863 2362 et
1888 2293 2322 2382 evangelium
2380 2294 2668 2383 ipsemet
2718 2293 2882 2383 legit
2926 2296 3062 2383 (re-

517 2397 866 2455 cesserant
913 2383 1097 2452 enim
1141 2402 1381 2451 omnes
1432 2383 1734 2453 ministri
1782 2383 1952 2469 ejuS,
1996 2382 2215 2451 taedio
2246 2395 2310 2449 et
2344 2383 2589 2452 timore
2637 2383 2911 2470 affecti).
2971 2385 3065 2453 ita

519 2488 596 2545 ut
642 2496 796 2545 vere
859 2471 995 2542 dici
1049 2483 1274 2564 posset
1321 2471 1404 2539 de
1452 2492 1564 2549 eo,
1630 2471 1809 2542 sicut
1857 2472 1939 2540 dc
2005 2493 2280 2541 summo
2328 2472 2552 2560 capite
2620 2485 2850 2540 nostro
2896 2478 3064 2543 Jesu

518 2563 819 2633 Christo:
876 2562 1131 2632 Relicto
1179 2581 1294 2639 e0„
1334 2581 1573 2629 omnes
1625 2561 1972 2650 fugerunt.
2046 2561 2263 2628 Finita
2313 2575 2543 2629 autem
2592 2561 2819 2639 Missa,
2879 2564 3059 2631 venit

518 2653 602 2723 ad
656 2652 1015 2744 palatium,
1074 2671 1490 2740 purpuream
1545 2650 1719 2718 miro
1767 2663 1831 2718 et
1882 2649 2211 2718 ineffabili
2244 2648 2443 2718 modo
2480 2649 2743 2718 habens
2781 2650 3051 2731 faciem,

519 2754 750 2833 utpote
791 2741 1004 2810 calice
1055 2739 1324 2808 Domini
1377 2751 1671 2828 potatus.
1720 2743 1919 2807 Hunc
1966 2739 2223 2828 quippe
2250 2736 2548 2807 colorem
2585 2739 2649 2806 in
2698 2739 2846 2827 ipso
2878 2761 3062 2807 rnor-

521 2832 606 2902 tis
657 2830 960 2920 periculo
1010 2839 1343 2906 tenuerat,
1388 2840 1453 2897 et
1501 2829 1625 2896 hoc
1670 2827 2094 2896 testabantur
2122 2827 2434 2913 quicum
2481 2827 2631 2915 ipso
2672 2826 2884 2906 fuere,
2928 2850 3063 2897 non

521 2920 742 2988 visum
798 2918 995 2986 illum
1023 2939 1185 3005 ‚esse
1236 2916 1334 2984 vel
1387 2916 1472 2983 ad
1527 2917 1877 2985 modicum
1930 2915 2322 3006 pallescere.
2384 2920 2534 3005 Ipse
2597 2938 2751 2985 vero
2803 2930 3064 3005 marty-

521 3030 675 3078 rum
718 3006 1202 3086 constantiam,
1265 3005 1531 3073 facilem
1576 3018 1639 3074 et
1689 3026 1898 3095 super
1950 3005 2078 3073 mel
2142 3018 2205 3074 et
2256 3004 2484 3074 favum
2536 3027 2685 3076 esse
2735 3004 3064 3075 dulcissi-

525 3118 704 3166 mam
749 3094 1117 3167 asserebat.
1303 3104 1308 3109 '

608 3187 644 3273 ξ
688 3188 835 3256 58.
894 3182 1225 3252 Praedicti
1255 3195 1480 3251 autem
1517 3182 1917 3262 adversarii,
1958 3183 2214 3251 coactis
2250 3184 2494 3254 iterum
2539 3182 2874 3270 perversis
2901 3204 3065 3251 con-

524 3272 886 3343 venticulis
934 3272 1103 3351 suis,
1145 3293 1348 3342 suum
1393 3270 1610 3339 animi
1659 3271 1964 3339 dolorem
2002 3271 2426 3360 promebant,
2468 3271 2772 3339 dicentes
2803 3291 2873 3339 se
2912 3292 3065 3338 esse

520 3362 822 3439 delusos,
863 3373 927 3429 et
965 3374 1108 3430 arte
1161 3360 1429 3449 magica
1478 3360 2059 3445 tenebrarumque
2109 3360 2405 3450 caligine
2456 3381 2701 3463 sensus
2744 3358 3061 3447 ipsorum

521 3451 940 3543 perstrictOS,
979 3449 1160 3535 quod
1197 3449 1546 3517 hominem
1603 3446 1797 3517 illum
1855 3449 2077 3517 vivum
2120 3448 2580 3534 reliquissent,
2612 3447 2731 3534 qui
2772 3447 2872 3515 eis
2923 3468 3061 3515 non

519 3540 810 3617 cederet,
867 3559 1227 3625 moresque
1276 3549 1340 3605 et
1388 3537 1715 3606 honorem
1774 3538 2083 3625 ipsorum
2115 3537 2658 3626 dignitatemque
2693 3535 2889 3605 urbis
2918 3536 3065 3605 vio·

522 3630 663 3697 lare
714 3649 846 3696 non
901 3639 1254 3696 metueret.
1307 3630 1468 3694 Vere
1515 3625 1764 3705 delusi,
1815 3625 1979 3711 quia
2020 3625 2261 3695 dolosi.
2304 3630 2608 3711 Namque
2659 3625 2785 3694 hoc
2826 3625 2913 3694 ab
2961 3624 3089 3713 eis=

521 3717 724 3807 plane
781 3715 1131 3785 decretum
1194 3726 1316 3793 est,
1368 3727 1441 3784 ut
1489 3738 1646 3784 cum
1710 3715 1793 3782 ad
1861 3714 2283 3804 praedictum
2336 3713 2517 3782 diem
2584 3715 3053 3793 convenirent,

523 3805 782 3895 singuli
833 3817 1085 3875 certam
1156 3804 1299 3872 vini
1349 3804 1449 3872 vel
1512 3804 1826 3873 medonis
1886 3825 2281 3872 mensuram
2350 3803 2815 3881 exhaurirent,
2881 3815 2956 3871 ut
3003 3806 3065 3870 si

519 3894 890 3982 quicquam
946 3892 1278 3963 voluntati
1327 3914 1562 3962 eorum
1614 3891 2039 3961 contrarium
2095 3893 2159 3958 in
2228 3891 2785 3961 discussionibus
2832 3891 3065 3977 queri-

521 3983 913 4052 moniarum
948 3982 1308 4062 accideret,
1345 3981 1418 4049 id
1471 3982 1845 4050 sarciretur
1887 4002 2049 4048 nece
2086 3980 2192 4050 sui
2229 3980 2561 4069 pastoris:
2616 3993 2682 4048 et
2715 3982 2813 4048 sic
2847 3981 3066 4049 ebrie-

522 4072 640 4141 tati
671 4072 899 4161 potius
932 4072 1411 4160 imputaretur,
1451 4092 1656 4156 quam
1689 4068 2187 4138 deliberationi.
2238 4074 2485 4156 Estque
2518 4069 2645 4136 lioc
2677 4068 3066 4158 interipsos

521 4164 888 4239 sancitum,
934 4173 1009 4229 ut
1055 4162 1476 4246 quicumque
1526 4156 1689 4226 hdie
1721 4158 1992 4226 decreto
2040 4180 2172 4227 non
2223 4158 2552 4236 obediret,
2610 4157 2864 4226 domu-s
2914 4158 3065 4243 ejus

521 4250 900 4328 eversioni,
953 4263 1017 4318 et
1066 4262 1200 4319 tota
1269 4246 1576 4337 supellex
1625 4246 1996 4335 direptioni
2046 4258 2222 4315 esset
2270 4248 2589 4315 obnoxia.
2660 4246 2849 4325 Quod
2903 4268 3062 4314 cum

522 4340 813 4409 relatum
869 4338 1109 4408 suisset
1155 4338 1239 4406 ad
1298 4359 1498 4407 aures
1554 4335 2016 4422 quorumdam
2071 4337 2465 4425 principum
2520 4348 2736 4403 terrae
2791 4334 2912 4420 qui
2966 4336 3063 4401 vi-

522 4451 678 4499 rum
731 4429 846 4498 Dei
894 4428 1194 4515 quadam
1246 4448 1323 4495 ex
1372 4437 1562 4516 parte
1631 4424 2033 4515 diligebant,
2076 4424 2257 4510 quod
2321 4425 2576 4493 scirent
2624 4444 2783 4491 eum
2836 4423 3061 4493 virum
