3357 4995
268 334 479 398 JUNII
531 335 571 398 8
2590 335 2715 398 203

655 536 882 636 vlTA-
943 537 1023 635 S.
1098 537 1549 638 MEDARDl
1627 535 1936 635 EPlSC.
2010 534 2419 635 NovloM.

801 785 1082 834 AUCTORE
1132 786 1371 833 PRIMUM
1421 786 1790 833 FORTUNATO
1842 787 2255 834 PRESBYTERO:

472 892 576 939 CUl
623 893 829 939 TAMEN
878 895 957 938 AB
1006 894 1149 939 ALlo
1199 894 1455 948 QUODAM
1505 893 1702 939 DOCTO
1750 894 1895 939 VIRO
1946 893 2067 940 NON
2119 892 2319 940 PAUCA
2371 893 2598 940 POSTEA

670 992 941 1041 ADJECTA
990 997 1139 1041 ESSE
1187 996 1310 1041 NON
1363 996 1621 1050 DL’BITO,
1692 994 1880 1041 LECTU
1930 995 2053 1041 NON
2103 995 2385 1042 INDlGNA.

891 1140 1078 1196 Obiit
1121 1155 1297 1195 anno
1340 1143 1465 1195 545
1510 1169 1581 1178 -
1625 1141 1782 1195 Nat.
1842 1141 2164 1194 Francus.
2368 1169 2385 1198 ι

344 1326 379 1408 ξ
429 1329 504 1394 1.
565 1323 1006 1392 Beatissimus
1055 1323 1416 1392 Medardus
1470 1325 1541 1402 ³⁸,
1613 1324 1924 1412 egregiae
1977 1323 2074 1389 vir
2123 1322 2542 1400 sanctitati5‚
2612 1334 2800 1412 patre

261 1410 611 1490 Nectardo,
671 1426 883 1479 matre
934 1433 1090 1480 vero
1141 1411 1450 1500 Protagia
1497 1413 1794 1500 genituS,
1851 1412 2034 1499 apud
2089 1411 2578 1488 salentiacum,
2644 1411 2801 1479 bae-

261 1500 652 1568 reditariam
680 1500 1279 1587 praedecessorum
1303 1522 1586 1569 suorum
1612 1501 2140 1589 possessionem,
2170 1513 2372 1569 natus
2398 1512 2601 1585 atque
2626 1500 2805 1569 altus

260 1603 381 1657 est.
440 1593 551 1657 Est
613 1602 838 1656 autem
893 1589 1251 1687 praedium
1328 1588 1493 1656 illud
1558 1589 1983 1666 salentiacus
2034 1590 2100 1655 in
2150 1590 2564 1678 Episcopatu
2597 1590 2800 1657 situm

265 1677 813 1754 viromandensi,
890 1699 957 1744 in
1029 1678 1302 1765 regione
1351 1690 1577 1745 autem
1631 1678 2088 1746 Noviomensi.
2143 1678 2274 1758 Qui
2324 1678 2691 1746 Novibmus
2740 1678 2807 1710 μ

264 1789 421 1833 cum
479 1779 641 1834 tunc
696 1766 1020 1855 temporis
1069 1779 1366 1834 castrum
1423 1788 1543 1834 seu
1596 1767 1891 1834 munitio
1932 1766 2321 1844 haberetur,
2367 1766 2801 1854 postmodum

262 1855 483 1941 ipsius
517 1854 825 1942 ejusdem
859 1855 1138 1943 gloriosi
1192 1854 1535 1942 pontificis
1589 1855 1891 1922 Medardi
1932 1854 2381 1932 ordinatione,
2445 1855 2805 1944 pontifica-

260 1942 344 2010 lis
386 1943 748 2011 cathedrae
801 1944 1076 2022 honore,
1132 1958 1207 2011 ut
1273 1942 1708 2032 postmodum
1754 1943 2123 2011 dicendum
2178 1965 2634 2022 reservamuS,
2688 1967 2804 2011 su-

263 2031 596 2101 blimatus
622 2046 743 2100 est.
787 2039 1078 2101 Sanctus
1111 2032 1337 2117 itaque
1381 2054 1552 2121 puer
1599 2033 1729 2100 sub
1783 2045 2141 2122 parentum
2179 2031 2385 2100 tutela
2437 2032 2805 2120 diligenter

259 2120 615 2198 educatuS,
672 2121 943 2189 divinae
988 2121 1411 2209 providentia
1460 2122 1718 2210 gratiae
1767 2120 2013 2189 studiis
2071 2119 2420 2188 literarum
2460 2121 2796 2198 eruditus,

267 2230 472 2297 parvo
503 2209 572 2275 in
611 2221 914 2299 tempore
948 2210 1317 2297 inspiratae
1354 2209 1676 2277 scientiae
1719 2209 1982 2279 lumine
2034 2231 2193 2297 prae
2242 2211 2526 2278 caeteris
2562 2233 2803 2278 conso-

264 2297 539 2366 dalibus
579 2299 724 2365 suis
755 2298 1172 2367 eminentius
1220 2298 1488 2366 claruit.

235 2401 246 2414 ·
348 2389 383 2470 ξ
436 2391 525 2454 ⁶2.
579 2391 735 2453 Erat
783 2399 1006 2454 autem
1043 2385 1143 2454 illi
1175 2409 1252 2454 eo
1295 2399 1596 2476 tempore
1630 2387 2021 2455 consodalis
2052 2387 2333 2472 quidam
2369 2386 2800 2455 Eleutlierius

261 2477 561 2554 nomine,
614 2497 817 2561 quem
863 2477 1008 2565 ipse
1045 2489 1395 2562 tamquam
1437 2475 1688 2545 similis
1718 2475 2037 2555 similem,
2086 2497 2253 2564 puer
2294 2476 2604 2545 videlicet
2634 2496 2799 2562 pue-

259 2586 442 2639 rum,
499 2565 726 2655 socius
758 2566 1152 2633 consocium
1190 2564 1625 2651 quammulta
1674 2564 2005 2654 diligebat
2053 2563 2538 2633 familiaritate.
2601 2568 2796 2631 Hune

261 2654 512 2737 itaque,
552 2674 707 2720 cum
746 2653 1442 2740 aliquando-invicem
1480 2652 2057 2739 colloquerentur,
2097 2666 2329 2741 utpote
2363 2653 2800 2741 propheticae

259 2742 517 2896 gratiae
566 2742 833 2809 afflatus
885 2743 1156 2830 spiritu,
1215 2743 1626 2832 Episcopum
1658 2741 1973 2810 futurum
2023 2763 2170 2812 esse
2209 2764 2377 2829 puer
2427 2742 2571 2830 ipse
2610 2763 2803 2828 prae-

308 2830 457 2896 ixit:
514 2842 579 2898 et
629 2852 759 2899 non
816 2830 1032 2899 nrulto
1085 2843 1232 2918 post
1257 2832 1408 2919 ejus
1438 2830 1870 2920 spiritualem
1926 2830 2619 2918 praenuntiationem,
2660 2830 2805 2917 ipse

259 2940 376 3005 per
424 2940 630 3003 quem
685 2920 1225 3008 prophetaverat,
1267 2920 1562 3008 Spiritus
1613 2924 1903 2989 Sanctus
1945 2918 2366 3006 adimplevit.
2406 2924 2568 2988 Cum
2616 2919 2797 2985 enim

258 3008 496 3075 aetatis
526 3019 592 3075 et
640 3029 906 3075 morum
962 3008 1093 3076 sibi
1143 3008 1476 3076 divinitus
1509 3010 1881 3097 aspirasset
1915 3007 2156 3097 gratia,
2236 3007 2301 3074 in
2342 3011 2643 3076 Torniico
2705 3008 2802 3073 ci-

257 3096 481 3171 vitate,
566 3096 992 3184 pontificali,
1065 3100 1192 3165 Deo
1249 3110 1616 3175 annuente,
1696 3096 2112 3166 sublimatus
2160 3109 2259 3163 est
2308 3096 2655 3164 cathedra.
2706 3101 2804 3167 lta

262 3188 324 3251 S.
372 3183 735 3252 Medardus
769 3184 919 3261 hoc,
955 3185 1136 3270 quod
1182 3185 1627 3275 praedixerat,
1664 3186 1865 3271 quasi
1900 3184 2225 3274 propheta
2260 3183 2491 3252 divino
2522 3184 2796 3273 spiritu,

247 3271 390 3359 jam
443 3273 777 3360 probavit.

342 3362 378 3446 ξ
425 3365 517 3430 3.
572 3366 726 3430 Erat
756 3362 816 3430 ei
868 3384 1075 3450 super
1122 3384 1158 3431 e
1207 3363 1483 3432 entibus
1513 3385 1681 3431 cura
1716 3384 1850 3430 non
1897 3362 2188 3440 modica,
2229 3360 2398 3428 adeo
2448 3373 2523 3430 ut
2571 3360 2801 3429 adhuc

259 3449 594 3536 puerulus
662 3450 876 3519 multa
944 3472 1092 3519 sese
1196 3464 1454 3520 ornaret
1515 3451 1966 3527 abstinentia,
2020 3471 2531 3538 expensamque
2601 3470 2799 3517 suam

302 3538 680 3626 auperibus
727 3539 1190 3617 distribueret,
1230 3562 1308 3608 ac
1357 3540 1762 3608 vestimenta
1797 3561 1925 3609 sua
1962 3537 2436 3627 indigentibus
2474 3536 2800 3605 benevole

282 3625 643 3713 argiretur.
700 3626 1008 3708 Quadam
1053 3627 1392 3712 siquidem
1454 3628 1563 3695 die
1618 3627 1953 3702 casulam,
2008 3649 2218 3712 quam
2276 3627 2337 3695 ei
2405 3637 2624 3694 mater
2675 3648 2804 3693 sua

253 3735 390 3781 non
448 3713 697 3783 modici
749 3716 947 3803 pretii
998 3714 1266 3794 fecerat,
1322 3716 1489 3783 dum
1524 3717 1668 3804 ipse
1703 3718 1769 3783 in
1807 3716 2129 3785 manibus
2168 3714 2477 3793 haberet,
2528 3714 2803 3782 fortuito

257 3823 535 3870 caecum
584 3804 954 3889 quemdam
1004 3804 1282 3873 obvium
1340 3804 1601 3883 habuit,
1647 3805 1874 3895 cujus,
1913 3825 2124 3890 quam
2170 3816 2336 3872 tunc
2385 3804 2795 3891 patiebatur,

257 3890 552 3958 nuditati
590 3913 1019 3982 compassus,
1047 3915 1196 3962 eam
1232 3893 1725 3983 benignissime
1758 3893 2092 3982 porrexit:
2132 3905 2195 3959 et
2236 3891 2391 3959 licet
2483 3902 2801 3960 arentum

258 3979 740 4068 temporalium
793 3981 1338 4081 indignationem
1375 3994 1814 4061 revereretur,
1867 3980 2052 4068 quod
2106 3994 2332 4050 tamen
2384 4002 2421 4047 a
2521 3982 2621 4048 eis
2688 4002 2804 4049 su-

254 4081 581 4157 sceperat,
627 4070 973 4158 spirituali
1012 4071 1187 4158 patri
1241 4075 1369 4140 Deo
1405 4083 1838 4159 praesentare
1891 4092 2026 4139 non
2069 4068 2435 4137 dubitavit.

340 4157 376 4243 ξ
425 4161 508 4229 11.
564 4158 856 4251 Contigit
902 4180 979 4228 eo
1028 4159 1098 4227 in
1158 4174 1461 4248 tempore
1510 4160 1888 4248 genitorem
1939 4179 2172 4237 suum,
2237 4178 2442 4244 quem
2516 4178 2805 4246 praeno-

255 4246 715 4325 minavimus,
770 4248 856 4316 ab
907 4248 1148 4316 itinere
1221 4247 1501 4327 redisse,
1571 4268 1923 4334 equosque
1996 4268 2180 4326 suOS,
2256 4246 2378 4332 qui
2450 4244 2809 4334 defatigati

262 4347 476 4412 erant,
531 4336 695 4420 quia
745 4347 906 4404 tunc
952 4338 1322 4406 servientes
1379 4335 1688 4413 aberant,
1746 4335 1905 4403 huic
1962 4347 2196 4404 sancto
2260 4356 2493 4423 puerO,
2546 4356 2686 4420 quo
2736 4334 2806 4401 in

304 4455 330 4486 ο
362 4458 493 4509 vulg.
513 4461 621 4508 gau.
648 4462 790 4501 Mara.
2041 4461 2096 4489 ⁸¹*
2126 4462 2295 4523 qu-
