<?xml version="1.0" encoding="UTF-8"?>
<!DOCTYPE html PUBLIC "-//W3C//DTD XHTML 1.0 Transitional//EN"
    "http://www.w3.org/TR/xhtml1/DTD/xhtml1-transitional.dtd">
<html xmlns="http://www.w3.org/1999/xhtml" xml:lang="en" lang="en">
 <head>
  <title>
</title>
<meta http-equiv="Content-Type" content="text/html;charset=utf-8" />
  <meta name='ocr-system' content='tesseract 3.04.00' />
  <meta name='ocr-capabilities' content='ocr_page ocr_carea ocr_par ocr_line ocrx_word'/>
</head>
<body>
  <div class='ocr_page' id='page_1' title='image "./historiaeseuvit02lippgoog_0053.png"; bbox 0 0 3357 4995; ppageno 0'>
   <div class='ocr_carea' id='block_1_1' title="bbox 208 331 2669 398">
    <p class='ocr_par' dir='ltr' id='par_1_1' title="bbox 208 331 2669 398">
     <span class='ocr_line' id='line_1_1' title="bbox 208 331 2669 398; baseline 0 0"><span class='ocrx_word' id='word_1_1' title='bbox 208 331 411 398; x_wconf 69' lang='lat' dir='ltr'>mxu</span> <span class='ocrx_word' id='word_1_2' title='bbox 466 331 509 395; x_wconf 76' lang='lat'><strong>2</strong></span> <span class='ocrx_word' id='word_1_3' title='bbox 873 349 951 395; x_wconf 75' lang='lat' dir='ltr'>ns</span> <span class='ocrx_word' id='word_1_4' title='bbox 1000 347 1193 395; x_wconf 77' lang='lat' dir='ltr'>varn</span> <span class='ocrx_word' id='word_1_5' title='bbox 1243 346 1636 396; x_wconf 59' lang='lat' dir='ltr'>manumiss.</span> <span class='ocrx_word' id='word_1_6' title='bbox 1693 347 2089 396; x_wconf 71' lang='lat' dir='ltr'>uAnereth</span> <span class='ocrx_word' id='word_1_7' title='bbox 2580 333 2669 398; x_wconf 75' lang='lat'>45</span> 
     </span>
    </p>
   </div>
   <div class='ocr_carea' id='block_1_2' title="bbox 197 432 2783 4535">
    <p class='ocr_par' dir='ltr' id='par_1_2' title="bbox 197 432 2765 2742">
     <span class='ocr_line' id='line_1_2' title="bbox 206 432 2754 525; baseline 0.002 -24"><span class='ocrx_word' id='word_1_8' title='bbox 206 448 596 522; x_wconf 77' lang='lat' dir='ltr'>‘martyrum</span> <span class='ocrx_word' id='word_1_9' title='bbox 676 454 878 504; x_wconf 90' lang='lat' dir='ltr'>suam</span> <span class='ocrx_word' id='word_1_10' title='bbox 929 433 1285 525; x_wconf 85' lang='lat' dir='ltr'>deintegro</span> <span class='ocrx_word' id='word_1_11' title='bbox 1345 432 1840 503; x_wconf 86' lang='lat' dir='ltr'>contumeliam</span> <span class='ocrx_word' id='word_1_12' title='bbox 1896 446 2274 524; x_wconf 83' lang='lat' dir='ltr'>coeperunt</span> <span class='ocrx_word' id='word_1_13' title='bbox 2327 448 2393 504; x_wconf 89' lang='lat' dir='ltr'>et</span> <span class='ocrx_word' id='word_1_14' title='bbox 2454 434 2754 505; x_wconf 88' lang='lat' dir='ltr'>malevo-</span> 
     </span>
     <span class='ocr_line' id='line_1_3' title="bbox 217 522 2759 614; baseline 0.001 -24"><span class='ocrx_word' id='word_1_15' title='bbox 217 522 493 592; x_wconf 78' lang='lat' dir='ltr'>lentiam</span> <span class='ocrx_word' id='word_1_16' title='bbox 554 542 894 591; x_wconf 85' lang='lat' dir='ltr'>exercere.</span> <span class='ocrx_word' id='word_1_17' title='bbox 980 526 1149 592; x_wconf 87' lang='lat' dir='ltr'>Nam</span> <span class='ocrx_word' id='word_1_18' title='bbox 1218 522 1537 609; x_wconf 86' lang='lat' dir='ltr'>quamvis</span> <span class='ocrx_word' id='word_1_19' title='bbox 1601 534 1985 611; x_wconf 87' lang='lat' dir='ltr'>martyrum</span> <span class='ocrx_word' id='word_1_20' title='bbox 2045 524 2432 593; x_wconf 69' lang='lat' dir='ltr'>constantia</span> <span class='ocrx_word' id='word_1_21' title='bbox 2483 525 2759 614; x_wconf 85' lang='lat' dir='ltr'>penitus</span> 
     </span>
     <span class='ocr_line' id='line_1_4' title="bbox 211 611 2758 701; baseline 0.001 -21"><span class='ocrx_word' id='word_1_22' title='bbox 211 624 431 681; x_wconf 88' lang='lat' dir='ltr'>essent</span> <span class='ocrx_word' id='word_1_23' title='bbox 480 618 872 701; x_wconf 74' lang='lat' dir='ltr'>superatae,</span> <span class='ocrx_word' id='word_1_24' title='bbox 906 626 1137 681; x_wconf 83' lang='lat' dir='ltr'>tamen</span> <span class='ocrx_word' id='word_1_25' title='bbox 1178 611 1342 698; x_wconf 88' lang='lat' dir='ltr'>quia</span> <span class='ocrx_word' id='word_1_26' title='bbox 1372 631 1647 680; x_wconf 91' lang='lat' dir='ltr'>omnem</span> <span class='ocrx_word' id='word_1_27' title='bbox 1690 611 2072 681; x_wconf 82' lang='lat' dir='ltr'>humanam</span> <span class='ocrx_word' id='word_1_28' title='bbox 2109 611 2441 681; x_wconf 90' lang='lat' dir='ltr'>rationem</span> <span class='ocrx_word' id='word_1_29' title='bbox 2476 613 2758 683; x_wconf 87' lang='lat' dir='ltr'>omnino</span> 
     </span>
     <span class='ocr_line' id='line_1_5' title="bbox 210 698 2754 788; baseline -0 -20"><span class='ocrx_word' id='word_1_30' title='bbox 210 701 603 780; x_wconf 81' lang='lat' dir='ltr'>exuissent,</span> <span class='ocrx_word' id='word_1_31' title='bbox 654 698 937 769; x_wconf 90' lang='lat' dir='ltr'>illorum</span> <span class='ocrx_word' id='word_1_32' title='bbox 987 699 1289 769; x_wconf 88' lang='lat' dir='ltr'>amentia</span> <span class='ocrx_word' id='word_1_33' title='bbox 1338 698 1626 768; x_wconf 87' lang='lat' dir='ltr'>minime</span> <span class='ocrx_word' id='word_1_34' title='bbox 1672 698 1804 769; x_wconf 88' lang='lat' dir='ltr'>fuit</span> <span class='ocrx_word' id='word_1_35' title='bbox 1851 699 2194 769; x_wconf 92' lang='lat' dir='ltr'>retardata</span> <span class='ocrx_word' id='word_1_36' title='bbox 2256 722 2327 769; x_wconf 87' lang='lat' dir='ltr'>re</span> <span class='ocrx_word' id='word_1_37' title='bbox 2381 722 2754 788; x_wconf 85' lang='lat' dir='ltr'>ressaque:</span> 
     </span>
     <span class='ocr_line' id='line_1_6' title="bbox 209 787 2760 879; baseline 0.001 -22"><span class='ocrx_word' id='word_1_38' title='bbox 209 788 317 858; x_wconf 84' lang='lat' dir='ltr'>sed</span> <span class='ocrx_word' id='word_1_39' title='bbox 371 788 629 859; x_wconf 89' lang='lat' dir='ltr'>acerba</span> <span class='ocrx_word' id='word_1_40' title='bbox 672 787 832 858; x_wconf 90' lang='lat' dir='ltr'>bilis</span> <span class='ocrx_word' id='word_1_41' title='bbox 870 809 1031 857; x_wconf 89' lang='lat' dir='ltr'>cum</span> <span class='ocrx_word' id='word_1_42' title='bbox 1083 788 1447 869; x_wconf 80' lang='lat' dir='ltr'>PraesidiS,</span> <span class='ocrx_word' id='word_1_43' title='bbox 1504 801 1650 858; x_wconf 88' lang='lat' dir='ltr'>tum</span> <span class='ocrx_word' id='word_1_44' title='bbox 1705 788 1943 879; x_wconf 91' lang='lat' dir='ltr'>populi</span> <span class='ocrx_word' id='word_1_45' title='bbox 1990 787 2304 878; x_wconf 88' lang='lat' dir='ltr'>(quiqui</span> <span class='ocrx_word' id='word_1_46' title='bbox 2356 811 2462 857; x_wconf 92' lang='lat' dir='ltr'>em</span> <span class='ocrx_word' id='word_1_47' title='bbox 2514 790 2581 859; x_wconf 91' lang='lat' dir='ltr'>in</span> <span class='ocrx_word' id='word_1_48' title='bbox 2637 811 2760 860; x_wconf 81' lang='lat' dir='ltr'>nos</span> 
     </span>
     <span class='ocr_line' id='line_1_7' title="bbox 208 876 2761 966; baseline 0.001 -21"><span class='ocrx_word' id='word_1_49' title='bbox 208 877 459 948; x_wconf 86' lang='lat' dir='ltr'>lethale</span> <span class='ocrx_word' id='word_1_50' title='bbox 515 876 660 948; x_wconf 89' lang='lat' dir='ltr'>odii</span> <span class='ocrx_word' id='word_1_51' title='bbox 731 877 842 948; x_wconf 91' lang='lat' dir='ltr'>sui</span> <span class='ocrx_word' id='word_1_52' title='bbox 913 876 1103 947; x_wconf 89' lang='lat' dir='ltr'>virus</span> <span class='ocrx_word' id='word_1_53' title='bbox 1161 876 1616 966; x_wconf 79' lang='lat' dir='ltr'><strong>evomebant)</strong></span> <span class='ocrx_word' id='word_1_54' title='bbox 1676 889 2030 965; x_wconf 90' lang='lat' dir='ltr'>tamquam</span> <span class='ocrx_word' id='word_1_55' title='bbox 2099 877 2430 947; x_wconf 91' lang='lat' dir='ltr'>immanis</span> <span class='ocrx_word' id='word_1_56' title='bbox 2490 877 2761 948; x_wconf 82' lang='lat' dir='ltr'>belluae</span> 
     </span>
     <span class='ocr_line' id='line_1_8' title="bbox 204 965 2760 1067; baseline -0 -32"><span class='ocrx_word' id='word_1_57' title='bbox 204 967 429 1057; x_wconf 84' lang='lat' dir='ltr'>magis</span> <span class='ocrx_word' id='word_1_58' title='bbox 481 988 595 1035; x_wconf 88' lang='lat' dir='ltr'>ma</span> <span class='ocrx_word' id='word_1_59' title='bbox 649 965 848 1052; x_wconf 87' lang='lat' dir='ltr'>isque</span> <span class='ocrx_word' id='word_1_60' title='bbox 912 966 1216 1045; x_wconf 86' lang='lat' dir='ltr'>incensa,</span> <span class='ocrx_word' id='word_1_61' title='bbox 1272 966 1370 1036; x_wconf 90' lang='lat' dir='ltr'>sic</span> <span class='ocrx_word' id='word_1_62' title='bbox 1425 978 1501 1036; x_wconf 92' lang='lat' dir='ltr'>ut</span> <span class='ocrx_word' id='word_1_63' title='bbox 1548 967 1904 1067; x_wconf 76' lang='lat' dir='ltr'>Scriptura</span> <span class='ocrx_word' id='word_1_64' title='bbox 1952 986 2106 1036; x_wconf 89' lang='lat' dir='ltr'>vere</span> <span class='ocrx_word' id='word_1_65' title='bbox 2160 966 2254 1035; x_wconf 91' lang='lat' dir='ltr'>im</span> <span class='ocrx_word' id='word_1_66' title='bbox 2313 965 2588 1037; x_wconf 84' lang='lat' dir='ltr'>leretur.</span> <span class='ocrx_word' id='word_1_67' title='bbox 2626 971 2760 1036; x_wconf 89' lang='lat' dir='ltr'>Im-</span> 
     </span>
     <span class='ocr_line' id='line_1_9' title="bbox 203 1053 2759 1149; baseline 0 -26"><span class='ocrx_word' id='word_1_68' title='bbox 203 1055 363 1145; x_wconf 84' lang='lat' dir='ltr'>pius</span> <span class='ocrx_word' id='word_1_69' title='bbox 431 1053 627 1124; x_wconf 91' lang='lat' dir='ltr'>adhu</span> <span class='ocrx_word' id='word_1_70' title='bbox 736 1055 949 1145; x_wconf 87' lang='lat' dir='ltr'>impie</span> <span class='ocrx_word' id='word_1_71' title='bbox 1014 1067 1218 1144; x_wconf 86' lang='lat' dir='ltr'>agat,</span> <span class='ocrx_word' id='word_1_72' title='bbox 1271 1066 1337 1123; x_wconf 91' lang='lat' dir='ltr'>et</span> <span class='ocrx_word' id='word_1_73' title='bbox 1389 1054 1627 1143; x_wconf 89' lang='lat' dir='ltr'>justus</span> <span class='ocrx_word' id='word_1_74' title='bbox 1691 1055 2114 1146; x_wconf 74' lang='lat' dir='ltr'>justificetur</span> <span class='ocrx_word' id='word_1_75' title='bbox 2175 1054 2259 1123; x_wconf 88' lang='lat' dir='ltr'>ad</span> <span class='ocrx_word' id='word_1_76' title='bbox 2318 1078 2430 1149; x_wconf 70' lang='lat' dir='ltr'>uc.</span> <span class='ocrx_word' id='word_1_77' title='bbox 2493 1055 2759 1124; x_wconf 80' lang='lat' dir='ltr'><strong>Etenim</strong></span> 
     </span>
     <span class='ocr_line' id='line_1_10' title="bbox 200 1143 2759 1243; baseline -0 -30"><span class='ocrx_word' id='word_1_78' title='bbox 200 1165 497 1234; x_wconf 86' lang='lat' dir='ltr'>corpora</span> <span class='ocrx_word' id='word_1_79' title='bbox 534 1164 805 1223; x_wconf 90' lang='lat' dir='ltr'>eorum,</span> <span class='ocrx_word' id='word_1_80' title='bbox 843 1164 1018 1230; x_wconf 90' lang='lat' dir='ltr'>quos</span> <span class='ocrx_word' id='word_1_81' title='bbox 1064 1144 1364 1213; x_wconf 88' lang='lat' dir='ltr'>carceris</span> <span class='ocrx_word' id='word_1_82' title='bbox 1413 1143 1692 1243; x_wconf 78' lang='lat' dir='ltr'>pestifer</span> <span class='ocrx_word' id='word_1_83' title='bbox 1738 1143 1908 1214; x_wconf 92' lang='lat' dir='ltr'>odor</span> <span class='ocrx_word' id='word_1_84' title='bbox 1952 1156 2018 1214; x_wconf 91' lang='lat' dir='ltr'>et</span> <span class='ocrx_word' id='word_1_85' title='bbox 2062 1144 2414 1214; x_wconf 87' lang='lat' dir='ltr'>cruciatus</span> <span class='ocrx_word' id='word_1_86' title='bbox 2464 1144 2759 1213; x_wconf 86' lang='lat' dir='ltr'>suffoca·</span> 
     </span>
     <span class='ocr_line' id='line_1_11' title="bbox 198 1231 2758 1322; baseline 0.002 -26"><span class='ocrx_word' id='word_1_87' title='bbox 198 1245 414 1311; x_wconf 75' lang='lat' dir='ltr'>verat,</span> <span class='ocrx_word' id='word_1_88' title='bbox 462 1231 760 1302; x_wconf 88' lang='lat' dir='ltr'>canibus</span> <span class='ocrx_word' id='word_1_89' title='bbox 810 1231 1176 1302; x_wconf 87' lang='lat' dir='ltr'>laceranda</span> <span class='ocrx_word' id='word_1_90' title='bbox 1222 1232 1584 1322; x_wconf 76' lang='lat' dir='ltr'>objiciunt,</span> <span class='ocrx_word' id='word_1_91' title='bbox 1621 1232 2063 1319; x_wconf 80' lang='lat' dir='ltr'>studioseque</span> <span class='ocrx_word' id='word_1_92' title='bbox 2105 1245 2302 1302; x_wconf 89' lang='lat' dir='ltr'>nocte</span> <span class='ocrx_word' id='word_1_93' title='bbox 2349 1232 2598 1319; x_wconf 91' lang='lat' dir='ltr'>dieque</span> <span class='ocrx_word' id='word_1_94' title='bbox 2638 1232 2758 1302; x_wconf 91' lang='lat' dir='ltr'>ob-</span> 
     </span>
     <span class='ocr_line' id='line_1_12' title="bbox 203 1319 2756 1408; baseline 0 -19"><span class='ocrx_word' id='word_1_95' title='bbox 203 1332 534 1400; x_wconf 82' lang='lat' dir='ltr'>servant3</span> <span class='ocrx_word' id='word_1_96' title='bbox 591 1342 678 1389; x_wconf 89' lang='lat' dir='ltr'>ne</span> <span class='ocrx_word' id='word_1_97' title='bbox 743 1321 1115 1408; x_wconf 89' lang='lat' dir='ltr'>quisquam</span> <span class='ocrx_word' id='word_1_98' title='bbox 1164 1342 1202 1390; x_wconf 93' lang='lat' dir='ltr'>e</span> <span class='ocrx_word' id='word_1_99' title='bbox 1252 1322 1503 1390; x_wconf 91' lang='lat' dir='ltr'>nostris</span> <span class='ocrx_word' id='word_1_100' title='bbox 1568 1319 1690 1390; x_wconf 91' lang='lat' dir='ltr'>illa</span> <span class='ocrx_word' id='word_1_101' title='bbox 1755 1320 2049 1391; x_wconf 90' lang='lat' dir='ltr'>tumulis</span> <span class='ocrx_word' id='word_1_102' title='bbox 2100 1321 2400 1391; x_wconf 91' lang='lat' dir='ltr'>mandet.</span> <span class='ocrx_word' id='word_1_103' title='bbox 2456 1321 2756 1390; x_wconf 83' lang='lat' dir='ltr'>Tandem</span> 
     </span>
     <span class='ocr_line' id='line_1_13' title="bbox 202 1407 2761 1513; baseline 0.002 -39"><span class='ocrx_word' id='word_1_104' title='bbox 202 1431 361 1479; x_wconf 90' lang='lat' dir='ltr'>vero</span> <span class='ocrx_word' id='word_1_105' title='bbox 398 1423 578 1479; x_wconf 87' lang='lat' dir='ltr'>mart</span> <span class='ocrx_word' id='word_1_106' title='bbox 633 1430 789 1478; x_wconf 90' lang='lat' dir='ltr'>rum</span> <span class='ocrx_word' id='word_1_107' title='bbox 821 1409 890 1477; x_wconf 94' lang='lat' dir='ltr'>in</span> <span class='ocrx_word' id='word_1_108' title='bbox 914 1409 1433 1513; x_wconf 56' lang='lat' dir='ltr'>amphitheatro</span> <span class='ocrx_word' id='word_1_109' title='bbox 1464 1407 1978 1480; x_wconf 86' lang='lat' dir='ltr'>interfectorum</span> <span class='ocrx_word' id='word_1_110' title='bbox 2031 1409 2366 1491; x_wconf 89' lang='lat' dir='ltr'>membra,</span> <span class='ocrx_word' id='word_1_111' title='bbox 2419 1431 2600 1498; x_wconf 90' lang='lat' dir='ltr'>quae</span> <span class='ocrx_word' id='word_1_112' title='bbox 2635 1430 2761 1478; x_wconf 86' lang='lat' dir='ltr'>nec</span> 
     </span>
     <span class='ocr_line' id='line_1_14' title="bbox 202 1498 2761 1589; baseline 0 -22"><span class='ocrx_word' id='word_1_113' title='bbox 202 1498 465 1568; x_wconf 88' lang='lat' dir='ltr'>bestiae</span> <span class='ocrx_word' id='word_1_114' title='bbox 512 1519 552 1567; x_wconf 90' lang='lat' dir='ltr'>a</span> <span class='ocrx_word' id='word_1_115' title='bbox 605 1498 745 1567; x_wconf 89' lang='lat' dir='ltr'>huc</span> <span class='ocrx_word' id='word_1_116' title='bbox 795 1510 1136 1576; x_wconf 86' lang='lat' dir='ltr'>vorarant‚</span> <span class='ocrx_word' id='word_1_117' title='bbox 1192 1519 1315 1567; x_wconf 90' lang='lat' dir='ltr'>nec</span> <span class='ocrx_word' id='word_1_118' title='bbox 1364 1498 1549 1588; x_wconf 83' lang='lat' dir='ltr'>ignis</span> <span class='ocrx_word' id='word_1_119' title='bbox 1597 1500 2102 1589; x_wconf 82' lang='lat' dir='ltr'>absumpserat,</span> <span class='ocrx_word' id='word_1_120' title='bbox 2157 1500 2408 1589; x_wconf 90' lang='lat' dir='ltr'>partim</span> <span class='ocrx_word' id='word_1_121' title='bbox 2459 1500 2761 1568; x_wconf 89' lang='lat' dir='ltr'>minuta-</span> 
     </span>
     <span class='ocr_line' id='line_1_15' title="bbox 201 1586 2762 1676; baseline 0 -21"><span class='ocrx_word' id='word_1_122' title='bbox 201 1586 327 1657; x_wconf 87' lang='lat' dir='ltr'>tim</span> <span class='ocrx_word' id='word_1_123' title='bbox 378 1586 757 1668; x_wconf 88' lang='lat' dir='ltr'>dilaniata,</span> <span class='ocrx_word' id='word_1_124' title='bbox 814 1587 1063 1676; x_wconf 87' lang='lat' dir='ltr'>partim</span> <span class='ocrx_word' id='word_1_125' title='bbox 1107 1587 1328 1658; x_wconf 92' lang='lat' dir='ltr'>instar</span> <span class='ocrx_word' id='word_1_126' title='bbox 1373 1586 1758 1656; x_wconf 89' lang='lat' dir='ltr'>carbonum</span> <span class='ocrx_word' id='word_1_127' title='bbox 1809 1588 2167 1667; x_wconf 86' lang='lat' dir='ltr'>ambusta,</span> <span class='ocrx_word' id='word_1_128' title='bbox 2222 1588 2603 1676; x_wconf 90' lang='lat' dir='ltr'>quinetiam</span> <span class='ocrx_word' id='word_1_129' title='bbox 2658 1609 2762 1655; x_wconf 89' lang='lat' dir='ltr'>se-</span> 
     </span>
     <span class='ocr_line' id='line_1_16' title="bbox 203 1675 2762 1765; baseline -0 -21"><span class='ocrx_word' id='word_1_130' title='bbox 203 1675 360 1746; x_wconf 89' lang='lat' dir='ltr'>curi</span> <span class='ocrx_word' id='word_1_131' title='bbox 458 1697 896 1746; x_wconf 87' lang='lat' dir='ltr'>ercussorum</span> <span class='ocrx_word' id='word_1_132' title='bbox 933 1675 1161 1765; x_wconf 87' lang='lat' dir='ltr'>capita</span> <span class='ocrx_word' id='word_1_133' title='bbox 1200 1698 1340 1744; x_wconf 90' lang='lat' dir='ltr'>una</span> <span class='ocrx_word' id='word_1_134' title='bbox 1370 1697 1529 1745; x_wconf 91' lang='lat' dir='ltr'>cum</span> <span class='ocrx_word' id='word_1_135' title='bbox 1571 1696 1944 1764; x_wconf 88' lang='lat' dir='ltr'>corporum</span> <span class='ocrx_word' id='word_1_136' title='bbox 1978 1676 2243 1748; x_wconf 91' lang='lat' dir='ltr'>truncis</span> <span class='ocrx_word' id='word_1_137' title='bbox 2267 1675 2575 1756; x_wconf 86' lang='lat' dir='ltr'>collecta,</span> <span class='ocrx_word' id='word_1_138' title='bbox 2616 1675 2762 1765; x_wconf 81' lang='lat' dir='ltr'>dies</span> 
     </span>
     <span class='ocr_line' id='line_1_17' title="bbox 204 1763 2761 1854; baseline 0 -21"><span class='ocrx_word' id='word_1_139' title='bbox 204 1784 359 1833; x_wconf 88' lang='lat' dir='ltr'>com</span> <span class='ocrx_word' id='word_1_140' title='bbox 446 1785 608 1833; x_wconf 87' lang='lat' dir='ltr'>ures</span> <span class='ocrx_word' id='word_1_141' title='bbox 655 1764 973 1834; x_wconf 86' lang='lat' dir='ltr'>similiter</span> <span class='ocrx_word' id='word_1_142' title='bbox 1010 1764 1307 1833; x_wconf 88' lang='lat' dir='ltr'>militum</span> <span class='ocrx_word' id='word_1_143' title='bbox 1350 1763 1671 1834; x_wconf 83' lang='lat' dir='ltr'>excubiis</span> <span class='ocrx_word' id='word_1_144' title='bbox 1706 1763 2054 1854; x_wconf 90' lang='lat' dir='ltr'>insepulta</span> <span class='ocrx_word' id='word_1_145' title='bbox 2092 1764 2518 1835; x_wconf 85' lang='lat' dir='ltr'>custodiunt.</span> <span class='ocrx_word' id='word_1_146' title='bbox 2555 1770 2761 1834; x_wconf 90' lang='lat' dir='ltr'>Porro</span> 
     </span>
     <span class='ocr_line' id='line_1_18' title="bbox 204 1852 2761 1944; baseline 0 -23"><span class='ocrx_word' id='word_1_147' title='bbox 204 1852 324 1921; x_wconf 87' lang='lat' dir='ltr'>alii</span> <span class='ocrx_word' id='word_1_148' title='bbox 393 1873 679 1931; x_wconf 88' lang='lat' dir='ltr'>remere,</span> <span class='ocrx_word' id='word_1_149' title='bbox 720 1865 786 1922; x_wconf 91' lang='lat' dir='ltr'>et</span> <span class='ocrx_word' id='word_1_150' title='bbox 815 1852 1143 1923; x_wconf 89' lang='lat' dir='ltr'>dentibus</span> <span class='ocrx_word' id='word_1_151' title='bbox 1174 1865 1412 1922; x_wconf 86' lang='lat' dir='ltr'>eontra</span> <span class='ocrx_word' id='word_1_152' title='bbox 1443 1874 1559 1923; x_wconf 90' lang='lat' dir='ltr'>eos</span> <span class='ocrx_word' id='word_1_153' title='bbox 1587 1852 1906 1923; x_wconf 79' lang='lat' dir='ltr'>frendere</span> <span class='ocrx_word' id='word_1_154' title='bbox 1935 1866 2333 1944; x_wconf 90' lang='lat' dir='ltr'>coeperunt,</span> <span class='ocrx_word' id='word_1_155' title='bbox 2366 1865 2500 1923; x_wconf 90' lang='lat' dir='ltr'>toto</span> <span class='ocrx_word' id='word_1_156' title='bbox 2527 1854 2761 1922; x_wconf 88' lang='lat' dir='ltr'>animo</span> 
     </span>
     <span class='ocr_line' id='line_1_19' title="bbox 205 1940 2762 2031; baseline 0 -21"><span class='ocrx_word' id='word_1_157' title='bbox 205 1941 641 2011; x_wconf 89' lang='lat' dir='ltr'>connitentes</span> <span class='ocrx_word' id='word_1_158' title='bbox 671 1940 974 2027; x_wconf 81' lang='lat' dir='ltr'>aliquam</span> <span class='ocrx_word' id='word_1_159' title='bbox 1013 1942 1397 2031; x_wconf 87' lang='lat' dir='ltr'>graviorem</span> <span class='ocrx_word' id='word_1_160' title='bbox 1444 1942 1513 2010; x_wconf 90' lang='lat' dir='ltr'>in</span> <span class='ocrx_word' id='word_1_161' title='bbox 1565 1964 1645 2011; x_wconf 90' lang='lat' dir='ltr'>ea</span> <span class='ocrx_word' id='word_1_162' title='bbox 1692 1963 2007 2012; x_wconf 87' lang='lat' dir='ltr'>exercere</span> <span class='ocrx_word' id='word_1_163' title='bbox 2033 1941 2554 2012; x_wconf 89' lang='lat' dir='ltr'>contumeliam.</span> <span class='ocrx_word' id='word_1_164' title='bbox 2588 1947 2762 2010; x_wconf 86' lang='lat' dir='ltr'>Non·</span> 
     </span>
     <span class='ocr_line' id='line_1_20' title="bbox 206 2029 2763 2117; baseline 0 -18"><span class='ocrx_word' id='word_1_165' title='bbox 206 2029 389 2101; x_wconf 89' lang='lat' dir='ltr'>nulli</span> <span class='ocrx_word' id='word_1_166' title='bbox 424 2030 743 2099; x_wconf 89' lang='lat' dir='ltr'>irrisione</span> <span class='ocrx_word' id='word_1_167' title='bbox 777 2029 1034 2110; x_wconf 87' lang='lat' dir='ltr'>ludere,</span> <span class='ocrx_word' id='word_1_168' title='bbox 1075 2042 1140 2098; x_wconf 88' lang='lat' dir='ltr'>et</span> <span class='ocrx_word' id='word_1_169' title='bbox 1170 2029 1381 2101; x_wconf 87' lang='lat' dir='ltr'>falsos</span> <span class='ocrx_word' id='word_1_170' title='bbox 1420 2030 1803 2101; x_wconf 86' lang='lat' dir='ltr'>cachinnos</span> <span class='ocrx_word' id='word_1_171' title='bbox 1835 2029 2094 2111; x_wconf 89' lang='lat' dir='ltr'>tollere,</span> <span class='ocrx_word' id='word_1_172' title='bbox 2130 2051 2543 2117; x_wconf 90' lang='lat' dir='ltr'>summaque</span> <span class='ocrx_word' id='word_1_173' title='bbox 2573 2052 2763 2100; x_wconf 88' lang='lat' dir='ltr'>com-</span> 
     </span>
     <span class='ocr_line' id='line_1_21' title="bbox 206 2118 2757 2209; baseline 0 -22"><span class='ocrx_word' id='word_1_174' title='bbox 206 2118 652 2190; x_wconf 87' lang='lat' dir='ltr'>mendatione</span> <span class='ocrx_word' id='word_1_175' title='bbox 698 2131 763 2188; x_wconf 87' lang='lat' dir='ltr'>et</span> <span class='ocrx_word' id='word_1_176' title='bbox 814 2119 1179 2209; x_wconf 90' lang='lat' dir='ltr'>praeconio</span> <span class='ocrx_word' id='word_1_177' title='bbox 1229 2118 1413 2188; x_wconf 92' lang='lat' dir='ltr'>idola</span> <span class='ocrx_word' id='word_1_178' title='bbox 1462 2141 1590 2189; x_wconf 90' lang='lat' dir='ltr'>sua</span> <span class='ocrx_word' id='word_1_179' title='bbox 1625 2119 1890 2200; x_wconf 82' lang='lat' dir='ltr'>efferre,</span> <span class='ocrx_word' id='word_1_180' title='bbox 1937 2121 2196 2207; x_wconf 89' lang='lat' dir='ltr'>quibus</span> <span class='ocrx_word' id='word_1_181' title='bbox 2236 2119 2546 2207; x_wconf 86' lang='lat' dir='ltr'>quidem,</span> <span class='ocrx_word' id='word_1_182' title='bbox 2588 2132 2757 2188; x_wconf 88' lang='lat' dir='ltr'>tam-</span> 
     </span>
     <span class='ocr_line' id='line_1_22' title="bbox 202 2207 2756 2299; baseline -0.001 -23"><span class='ocrx_word' id='word_1_183' title='bbox 202 2228 420 2294; x_wconf 86' lang='lat' dir='ltr'>quam</span> <span class='ocrx_word' id='word_1_184' title='bbox 480 2207 920 2289; x_wconf 83' lang='lat' dir='ltr'>auctoribus,</span> <span class='ocrx_word' id='word_1_185' title='bbox 974 2229 1265 2299; x_wconf 89' lang='lat' dir='ltr'>poenam</span> <span class='ocrx_word' id='word_1_186' title='bbox 1313 2219 1380 2276; x_wconf 88' lang='lat' dir='ltr'>et</span> <span class='ocrx_word' id='word_1_187' title='bbox 1426 2207 1762 2279; x_wconf 88' lang='lat' dir='ltr'>ultionem</span> <span class='ocrx_word' id='word_1_188' title='bbox 1806 2208 2355 2279; x_wconf 88' lang='lat' dir='ltr'>Christianorum</span> <span class='ocrx_word' id='word_1_189' title='bbox 2403 2220 2756 2297; x_wconf 87' lang='lat' dir='ltr'>acceptam</span> 
     </span>
     <span class='ocr_line' id='line_1_23' title="bbox 206 2294 2762 2387; baseline -0 -23"><span class='ocrx_word' id='word_1_190' title='bbox 206 2294 620 2367; x_wconf 88' lang='lat' dir='ltr'>retulerunt.</span> <span class='ocrx_word' id='word_1_191' title='bbox 685 2300 831 2365; x_wconf 85' lang='lat' dir='ltr'>Non</span> <span class='ocrx_word' id='word_1_192' title='bbox 884 2298 1132 2387; x_wconf 81' lang='lat' dir='ltr'>pauci,</span> <span class='ocrx_word' id='word_1_193' title='bbox 1185 2318 1611 2384; x_wconf 90' lang='lat' dir='ltr'>quamquam</span> <span class='ocrx_word' id='word_1_194' title='bbox 1661 2295 1859 2367; x_wconf 88' lang='lat' dir='ltr'>factis</span> <span class='ocrx_word' id='word_1_195' title='bbox 1905 2298 2263 2386; x_wconf 91' lang='lat' dir='ltr'>aliquanto</span> <span class='ocrx_word' id='word_1_196' title='bbox 2314 2296 2762 2367; x_wconf 86' lang='lat' dir='ltr'>modestiores</span> 
     </span>
     <span class='ocr_line' id='line_1_24' title="bbox 207 2384 2765 2472; baseline -0 -19"><span class='ocrx_word' id='word_1_197' title='bbox 207 2396 431 2464; x_wconf 86' lang='lat' dir='ltr'>erant,</span> <span class='ocrx_word' id='word_1_198' title='bbox 490 2398 558 2456; x_wconf 87' lang='lat' dir='ltr'>et</span> <span class='ocrx_word' id='word_1_199' title='bbox 604 2384 690 2454; x_wconf 92' lang='lat' dir='ltr'>de</span> <span class='ocrx_word' id='word_1_200' title='bbox 738 2385 1017 2455; x_wconf 91' lang='lat' dir='ltr'>illorum</span> <span class='ocrx_word' id='word_1_201' title='bbox 1068 2385 1506 2455; x_wconf 86' lang='lat' dir='ltr'>afflictatione</span> <span class='ocrx_word' id='word_1_202' title='bbox 1554 2385 1992 2472; x_wconf 89' lang='lat' dir='ltr'>aliquantum</span> <span class='ocrx_word' id='word_1_203' title='bbox 2041 2385 2523 2456; x_wconf 87' lang='lat' dir='ltr'>condolescere</span> <span class='ocrx_word' id='word_1_204' title='bbox 2583 2384 2765 2453; x_wconf 94' lang='lat' dir='ltr'>vide-</span> 
     </span>
     <span class='ocr_line' id='line_1_25' title="bbox 206 2473 2761 2555; baseline -0.001 -12"><span class='ocrx_word' id='word_1_205' title='bbox 206 2474 505 2555; x_wconf 87' lang='lat' dir='ltr'>bantur,</span> <span class='ocrx_word' id='word_1_206' title='bbox 560 2473 787 2545; x_wconf 88' lang='lat' dir='ltr'>verbis</span> <span class='ocrx_word' id='word_1_207' title='bbox 838 2487 1062 2544; x_wconf 90' lang='lat' dir='ltr'>tamen</span> <span class='ocrx_word' id='word_1_208' title='bbox 1112 2475 1359 2545; x_wconf 88' lang='lat' dir='ltr'>acerbe</span> <span class='ocrx_word' id='word_1_209' title='bbox 1404 2495 1521 2545; x_wconf 92' lang='lat' dir='ltr'>eos</span> <span class='ocrx_word' id='word_1_210' title='bbox 1568 2496 1811 2546; x_wconf 84' lang='lat' dir='ltr'>vexare</span> <span class='ocrx_word' id='word_1_211' title='bbox 1856 2474 1944 2545; x_wconf 94' lang='lat' dir='ltr'>ad</span> <span class='ocrx_word' id='word_1_212' title='bbox 1995 2474 2182 2546; x_wconf 90' lang='lat' dir='ltr'>hunc</span> <span class='ocrx_word' id='word_1_213' title='bbox 2231 2473 2514 2543; x_wconf 90' lang='lat' dir='ltr'>modum</span> <span class='ocrx_word' id='word_1_214' title='bbox 2554 2497 2567 2541; x_wconf 89' lang='lat'><strong>:</strong></span> <span class='ocrx_word' id='word_1_215' title='bbox 2636 2473 2761 2543; x_wconf 87' lang='lat' dir='ltr'>Ubi</span> 
     </span>
     <span class='ocr_line' id='line_1_26' title="bbox 197 2562 2765 2655; baseline -0 -24"><span class='ocrx_word' id='word_1_216' title='bbox 197 2565 349 2653; x_wconf 86' lang='lat' dir='ltr'>jam</span> <span class='ocrx_word' id='word_1_217' title='bbox 406 2562 685 2634; x_wconf 80' lang='lat' dir='ltr'>illorum</span> <span class='ocrx_word' id='word_1_218' title='bbox 735 2567 969 2635; x_wconf 74' lang='lat' dir='ltr'>Deus?</span> <span class='ocrx_word' id='word_1_219' title='bbox 1015 2563 1193 2647; x_wconf 88' lang='lat' dir='ltr'>Quid</span> <span class='ocrx_word' id='word_1_220' title='bbox 1244 2563 1386 2634; x_wconf 88' lang='lat' dir='ltr'>illis</span> <span class='ocrx_word' id='word_1_221' title='bbox 1435 2564 1603 2633; x_wconf 90' lang='lat' dir='ltr'>haec</span> <span class='ocrx_word' id='word_1_222' title='bbox 1662 2563 1921 2655; x_wconf 87' lang='lat' dir='ltr'>profuit</span> <span class='ocrx_word' id='word_1_223' title='bbox 1969 2563 2208 2654; x_wconf 85' lang='lat' dir='ltr'>religio</span> <span class='ocrx_word' id='word_1_224' title='bbox 2247 2618 2264 2644; x_wconf 93' lang='lat'>‚</span> <span class='ocrx_word' id='word_1_225' title='bbox 2328 2584 2540 2650; x_wconf 89' lang='lat' dir='ltr'>quam</span> <span class='ocrx_word' id='word_1_226' title='bbox 2601 2582 2765 2630; x_wconf 89' lang='lat' dir='ltr'>suae</span> 
     </span>
     <span class='ocr_line' id='line_1_27' title="bbox 208 2652 1412 2742; baseline -0.001 -21"><span class='ocrx_word' id='word_1_227' title='bbox 208 2653 530 2742; x_wconf 85' lang='lat' dir='ltr'>ipsorum</span> <span class='ocrx_word' id='word_1_228' title='bbox 580 2652 758 2722; x_wconf 91' lang='lat' dir='ltr'>vitae</span> <span class='ocrx_word' id='word_1_229' title='bbox 806 2657 1412 2742; x_wconf 77' lang='lat' dir='ltr'>praeposuerunt?</span> 
     </span>
    </p>

    <p class='ocr_par' dir='ltr' id='par_1_3' title="bbox 205 2733 2783 4535">
     <span class='ocr_line' id='line_1_28' title="bbox 296 2733 2768 2830; baseline -0.002 -18"><span class='ocrx_word' id='word_1_230' title='bbox 296 2743 334 2827; x_wconf 72' lang='grc' dir='ltr'><strong>ξ</strong></span> <span class='ocrx_word' id='word_1_231' title='bbox 386 2743 519 2813; x_wconf 66' lang='lat'>12.</span> <span class='ocrx_word' id='word_1_232' title='bbox 573 2745 759 2824; x_wconf 88' lang='lat' dir='ltr'>Quae</span> <span class='ocrx_word' id='word_1_233' title='bbox 806 2739 890 2810; x_wconf 92' lang='lat' dir='ltr'>ad</span> <span class='ocrx_word' id='word_1_234' title='bbox 938 2741 1304 2830; x_wconf 82' lang='lat' dir='ltr'>gentilium</span> <span class='ocrx_word' id='word_1_235' title='bbox 1357 2733 1837 2811; x_wconf 63' lang='lat' dir='ltr'>crudelitatem</span> <span class='ocrx_word' id='word_1_236' title='bbox 1892 2739 2346 2830; x_wconf 89' lang='lat' dir='ltr'>pertinebant,</span> <span class='ocrx_word' id='word_1_237' title='bbox 2392 2739 2596 2808; x_wconf 88' lang='lat' dir='ltr'>talem</span> <span class='ocrx_word' id='word_1_238' title='bbox 2649 2737 2768 2806; x_wconf 87' lang='lat' dir='ltr'>ha-</span> 
     </span>
     <span class='ocr_line' id='line_1_29' title="bbox 206 2827 2760 2918; baseline -0.001 -19"><span class='ocrx_word' id='word_1_239' title='bbox 206 2830 468 2900; x_wconf 82' lang='lat' dir='ltr'>bebant</span> <span class='ocrx_word' id='word_1_240' title='bbox 515 2830 933 2899; x_wconf 88' lang='lat' dir='ltr'>varietatem.</span> <span class='ocrx_word' id='word_1_241' title='bbox 971 2835 1158 2913; x_wconf 87' lang='lat' dir='ltr'>Quae</span> <span class='ocrx_word' id='word_1_242' title='bbox 1195 2842 1425 2900; x_wconf 91' lang='lat' dir='ltr'>autem</span> <span class='ocrx_word' id='word_1_243' title='bbox 1463 2827 1550 2898; x_wconf 95' lang='lat' dir='ltr'>ad</span> <span class='ocrx_word' id='word_1_244' title='bbox 1595 2851 1745 2910; x_wconf 89' lang='lat' dir='ltr'>nos,</span> <span class='ocrx_word' id='word_1_245' title='bbox 1784 2828 2193 2898; x_wconf 87' lang='lat' dir='ltr'>videbantur</span> <span class='ocrx_word' id='word_1_246' title='bbox 2226 2849 2390 2898; x_wconf 86' lang='lat' dir='ltr'>sane</span> <span class='ocrx_word' id='word_1_247' title='bbox 2427 2848 2760 2918; x_wconf 86' lang='lat' dir='ltr'>magnum</span> 
     </span>
     <span class='ocr_line' id='line_1_30' title="bbox 205 2916 2770 3009; baseline -0.001 -22"><span class='ocrx_word' id='word_1_248' title='bbox 205 2939 597 2988; x_wconf 89' lang='lat' dir='ltr'>moerorem</span> <span class='ocrx_word' id='word_1_249' title='bbox 660 2931 1021 3009; x_wconf 88' lang='lat' dir='ltr'>propterea</span> <span class='ocrx_word' id='word_1_250' title='bbox 1086 2919 1156 2988; x_wconf 95' lang='lat' dir='ltr'>in</span> <span class='ocrx_word' id='word_1_251' title='bbox 1220 2939 1291 2987; x_wconf 85' lang='lat' dir='ltr'>se</span> <span class='ocrx_word' id='word_1_252' title='bbox 1338 2917 1754 3008; x_wconf 86' lang='lat' dir='ltr'>complecti,</span> <span class='ocrx_word' id='word_1_253' title='bbox 1808 2916 1991 3005; x_wconf 91' lang='lat' dir='ltr'>quod</span> <span class='ocrx_word' id='word_1_254' title='bbox 2046 2930 2432 3008; x_wconf 82' lang='lat' dir='ltr'>martyrum</span> <span class='ocrx_word' id='word_1_255' title='bbox 2478 2937 2770 3005; x_wconf 86' lang='lat' dir='ltr'>corpora</span> 
     </span>
     <span class='ocr_line' id='line_1_31' title="bbox 209 3005 2769 3096; baseline -0 -21"><span class='ocrx_word' id='word_1_256' title='bbox 209 3006 432 3076; x_wconf 91' lang='lat' dir='ltr'>humo</span> <span class='ocrx_word' id='word_1_257' title='bbox 478 3006 754 3096; x_wconf 83' lang='lat' dir='ltr'>tegendi</span> <span class='ocrx_word' id='word_1_258' title='bbox 794 3005 988 3076; x_wconf 91' lang='lat' dir='ltr'>nulla</span> <span class='ocrx_word' id='word_1_259' title='bbox 1034 3007 1334 3077; x_wconf 90' lang='lat' dir='ltr'>dabatur</span> <span class='ocrx_word' id='word_1_260' title='bbox 1380 3006 1696 3076; x_wconf 81' lang='lat' dir='ltr'>facultas.</span> <span class='ocrx_word' id='word_1_261' title='bbox 1753 3010 1981 3094; x_wconf 85' lang='lat' dir='ltr'>Neque</span> <span class='ocrx_word' id='word_1_262' title='bbox 2028 3007 2215 3076; x_wconf 92' lang='lat' dir='ltr'>enim</span> <span class='ocrx_word' id='word_1_263' title='bbox 2269 3026 2401 3074; x_wconf 85' lang='lat' dir='ltr'>nox</span> <span class='ocrx_word' id='word_1_264' title='bbox 2449 3005 2535 3075; x_wconf 91' lang='lat' dir='ltr'>ad</span> <span class='ocrx_word' id='word_1_265' title='bbox 2589 3006 2769 3074; x_wconf 88' lang='lat' dir='ltr'>hanc</span> 
     </span>
     <span class='ocr_line' id='line_1_32' title="bbox 209 3094 2769 3186; baseline -0.001 -22"><span class='ocrx_word' id='word_1_266' title='bbox 209 3116 358 3164; x_wconf 88' lang='lat' dir='ltr'>rem</span> <span class='ocrx_word' id='word_1_267' title='bbox 409 3095 672 3184; x_wconf 88' lang='lat' dir='ltr'>aliquid</span> <span class='ocrx_word' id='word_1_268' title='bbox 724 3095 965 3165; x_wconf 84' lang='lat' dir='ltr'>afferre</span> <span class='ocrx_word' id='word_1_269' title='bbox 1022 3095 1376 3186; x_wconf 89' lang='lat' dir='ltr'>praesidii,</span> <span class='ocrx_word' id='word_1_270' title='bbox 1435 3116 1657 3183; x_wconf 90' lang='lat' dir='ltr'>neque</span> <span class='ocrx_word' id='word_1_271' title='bbox 1713 3116 1968 3186; x_wconf 85' lang='lat' dir='ltr'>magna</span> <span class='ocrx_word' id='word_1_272' title='bbox 2066 3094 2357 3165; x_wconf 90' lang='lat' dir='ltr'>ecuniae</span> <span class='ocrx_word' id='word_1_273' title='bbox 2389 3094 2493 3166; x_wconf 87' lang='lat' dir='ltr'>vis</span> <span class='ocrx_word' id='word_1_274' title='bbox 2525 3115 2769 3163; x_wconf 88' lang='lat' dir='ltr'>eorum</span> 
     </span>
     <span class='ocr_line' id='line_1_33' title="bbox 208 3181 2771 3275; baseline -0.001 -22"><span class='ocrx_word' id='word_1_275' title='bbox 208 3184 485 3254; x_wconf 89' lang='lat' dir='ltr'>animos</span> <span class='ocrx_word' id='word_1_276' title='bbox 530 3185 826 3263; x_wconf 87' lang='lat' dir='ltr'>flectere,</span> <span class='ocrx_word' id='word_1_277' title='bbox 879 3205 1103 3272; x_wconf 91' lang='lat' dir='ltr'>neque</span> <span class='ocrx_word' id='word_1_278' title='bbox 1152 3205 1388 3275; x_wconf 89' lang='lat' dir='ltr'>preces</span> <span class='ocrx_word' id='word_1_279' title='bbox 1429 3183 1575 3255; x_wconf 92' lang='lat' dir='ltr'>ulla</span> <span class='ocrx_word' id='word_1_280' title='bbox 1608 3206 1693 3255; x_wconf 85' lang='lat' dir='ltr'>ex</span> <span class='ocrx_word' id='word_1_281' title='bbox 1730 3196 1919 3274; x_wconf 90' lang='lat' dir='ltr'>parte</span> <span class='ocrx_word' id='word_1_282' title='bbox 1960 3207 2001 3274; x_wconf 89' lang='lat' dir='ltr'>p</span> <span class='ocrx_word' id='word_1_283' title='bbox 2035 3205 2236 3254; x_wconf 88' lang='lat' dir='ltr'>acare</span> <span class='ocrx_word' id='word_1_284' title='bbox 2273 3194 2607 3273; x_wconf 87' lang='lat' dir='ltr'>poterant:</span> <span class='ocrx_word' id='word_1_285' title='bbox 2648 3181 2771 3251; x_wconf 87' lang='lat' dir='ltr'>sed</span> 
     </span>
     <span class='ocr_line' id='line_1_34' title="bbox 212 3270 2773 3364; baseline -0 -23"><span class='ocrx_word' id='word_1_286' title='bbox 212 3272 416 3342; x_wconf 90' lang='lat' dir='ltr'>nulla</span> <span class='ocrx_word' id='word_1_287' title='bbox 470 3292 606 3343; x_wconf 94' lang='lat' dir='ltr'>non</span> <span class='ocrx_word' id='word_1_288' title='bbox 673 3274 939 3344; x_wconf 90' lang='lat' dir='ltr'>ratione</span> <span class='ocrx_word' id='word_1_289' title='bbox 985 3286 1051 3342; x_wconf 89' lang='lat' dir='ltr'>et</span> <span class='ocrx_word' id='word_1_290' title='bbox 1099 3274 1204 3342; x_wconf 76' lang='lat' dir='ltr'>via</span> <span class='ocrx_word' id='word_1_291' title='bbox 1252 3294 1535 3364; x_wconf 89' lang='lat' dir='ltr'>corpora</span> <span class='ocrx_word' id='word_1_292' title='bbox 1592 3273 1712 3343; x_wconf 90' lang='lat' dir='ltr'>illa</span> <span class='ocrx_word' id='word_1_293' title='bbox 1751 3285 1950 3342; x_wconf 90' lang='lat' dir='ltr'>erant</span> <span class='ocrx_word' id='word_1_294' title='bbox 1995 3270 2277 3343; x_wconf 90' lang='lat' dir='ltr'>assidue</span> <span class='ocrx_word' id='word_1_295' title='bbox 2325 3273 2411 3342; x_wconf 95' lang='lat' dir='ltr'>ab</span> <span class='ocrx_word' id='word_1_296' title='bbox 2458 3271 2602 3341; x_wconf 90' lang='lat' dir='ltr'>illis</span> <span class='ocrx_word' id='word_1_297' title='bbox 2649 3270 2773 3340; x_wconf 91' lang='lat' dir='ltr'>ob-</span> 
     </span>
     <span class='ocr_line' id='line_1_35' title="bbox 214 3360 2770 3453; baseline -0.002 -22"><span class='ocrx_word' id='word_1_298' title='bbox 214 3373 506 3442; x_wconf 85' lang='lat' dir='ltr'>servata,</span> <span class='ocrx_word' id='word_1_299' title='bbox 579 3372 647 3432; x_wconf 94' lang='lat' dir='ltr'>et</span> <span class='ocrx_word' id='word_1_300' title='bbox 695 3360 764 3431; x_wconf 90' lang='lat' dir='ltr'>id</span> <span class='ocrx_word' id='word_1_301' title='bbox 812 3362 1014 3449; x_wconf 89' lang='lat' dir='ltr'>quasi</span> <span class='ocrx_word' id='word_1_302' title='bbox 1064 3362 1138 3431; x_wconf 91' lang='lat' dir='ltr'>in</span> <span class='ocrx_word' id='word_1_303' title='bbox 1188 3383 1438 3453; x_wconf 84' lang='lat' dir='ltr'>magno</span> <span class='ocrx_word' id='word_1_304' title='bbox 1489 3361 1682 3432; x_wconf 90' lang='lat' dir='ltr'>lucro</span> <span class='ocrx_word' id='word_1_305' title='bbox 1730 3361 2168 3452; x_wconf 90' lang='lat' dir='ltr'>deputatum,</span> <span class='ocrx_word' id='word_1_306' title='bbox 2223 3361 2282 3432; x_wconf 89' lang='lat' dir='ltr'>si</span> <span class='ocrx_word' id='word_1_307' title='bbox 2329 3360 2610 3451; x_wconf 88' lang='lat' dir='ltr'>penitus</span> <span class='ocrx_word' id='word_1_308' title='bbox 2659 3360 2770 3427; x_wconf 92' lang='lat' dir='ltr'>in-</span> 
     </span>
     <span class='ocr_line' id='line_1_36' title="bbox 216 3449 2773 3541; baseline -0 -23"><span class='ocrx_word' id='word_1_309' title='bbox 216 3450 501 3520; x_wconf 89' lang='lat' dir='ltr'>humata</span> <span class='ocrx_word' id='word_1_310' title='bbox 542 3451 901 3540; x_wconf 63' lang='lat' dir='ltr'>jacerenn</span> <span class='ocrx_word' id='word_1_311' title='bbox 941 3449 1154 3521; x_wconf 91' lang='lat' dir='ltr'>Paulo</span> <span class='ocrx_word' id='word_1_312' title='bbox 1206 3463 1359 3541; x_wconf 87' lang='lat' dir='ltr'>post</span> <span class='ocrx_word' id='word_1_313' title='bbox 1405 3451 1613 3520; x_wconf 89' lang='lat' dir='ltr'>etiam</span> <span class='ocrx_word' id='word_1_314' title='bbox 1664 3451 1803 3521; x_wconf 85' lang='lat' dir='ltr'>ista</span> <span class='ocrx_word' id='word_1_315' title='bbox 1823 3449 2149 3521; x_wconf 54' lang='lat' dir='ltr'>addunt.</span> <span class='ocrx_word' id='word_1_316' title='bbox 2204 3454 2575 3538; x_wconf 85' lang='lat' dir='ltr'>Martyrum</span> <span class='ocrx_word' id='word_1_317' title='bbox 2620 3470 2773 3518; x_wconf 91' lang='lat' dir='ltr'>cor·</span> 
     </span>
     <span class='ocr_line' id='line_1_37' title="bbox 217 3537 2777 3638; baseline 0 -31"><span class='ocrx_word' id='word_1_318' title='bbox 217 3560 413 3628; x_wconf 81' lang='lat' dir='ltr'>pora,</span> <span class='ocrx_word' id='word_1_319' title='bbox 465 3560 579 3610; x_wconf 84' lang='lat' dir='ltr'>sex</span> <span class='ocrx_word' id='word_1_320' title='bbox 626 3539 777 3609; x_wconf 90' lang='lat' dir='ltr'>dies</span> <span class='ocrx_word' id='word_1_321' title='bbox 823 3540 1193 3610; x_wconf 89' lang='lat' dir='ltr'>continuos</span> <span class='ocrx_word' id='word_1_322' title='bbox 1241 3539 1371 3609; x_wconf 92' lang='lat' dir='ltr'>sub</span> <span class='ocrx_word' id='word_1_323' title='bbox 1420 3539 1536 3609; x_wconf 91' lang='lat' dir='ltr'>dio</span> <span class='ocrx_word' id='word_1_324' title='bbox 1574 3540 1917 3628; x_wconf 87' lang='lat' dir='ltr'>jacentia,</span> <span class='ocrx_word' id='word_1_325' title='bbox 1951 3551 2018 3609; x_wconf 94' lang='lat' dir='ltr'>et</span> <span class='ocrx_word' id='word_1_326' title='bbox 2055 3539 2355 3608; x_wconf 87' lang='lat' dir='ltr'>maxima</span> <span class='ocrx_word' id='word_1_327' title='bbox 2387 3537 2777 3638; x_wconf 74' lang='lat' dir='ltr'>ignominia</span> 
     </span>
     <span class='ocr_line' id='line_1_38' title="bbox 217 3626 2778 3719; baseline -0 -23"><span class='ocrx_word' id='word_1_328' title='bbox 217 3627 482 3708; x_wconf 81' lang='lat' dir='ltr'>affecta,</span> <span class='ocrx_word' id='word_1_329' title='bbox 520 3640 673 3719; x_wconf 86' lang='lat' dir='ltr'>post</span> <span class='ocrx_word' id='word_1_330' title='bbox 702 3640 931 3698; x_wconf 86' lang='lat' dir='ltr'>autem</span> <span class='ocrx_word' id='word_1_331' title='bbox 979 3628 1068 3697; x_wconf 90' lang='lat' dir='ltr'>ab</span> <span class='ocrx_word' id='word_1_332' title='bbox 1117 3628 1355 3718; x_wconf 87' lang='lat' dir='ltr'>impiis</span> <span class='ocrx_word' id='word_1_333' title='bbox 1402 3628 1544 3698; x_wconf 88' lang='lat' dir='ltr'>illis</span> <span class='ocrx_word' id='word_1_334' title='bbox 1581 3640 1647 3697; x_wconf 91' lang='lat' dir='ltr'>et</span> <span class='ocrx_word' id='word_1_335' title='bbox 1684 3626 2096 3698; x_wconf 87' lang='lat' dir='ltr'>facinorosis</span> <span class='ocrx_word' id='word_1_336' title='bbox 2125 3626 2581 3697; x_wconf 76' lang='lat' dir='ltr'>carnificibus</span> <span class='ocrx_word' id='word_1_337' title='bbox 2615 3647 2778 3695; x_wconf 86' lang='lat' dir='ltr'>exu-</span> 
     </span>
     <span class='ocr_line' id='line_1_39' title="bbox 217 3714 2774 3804; baseline -0 -20"><span class='ocrx_word' id='word_1_338' title='bbox 217 3728 346 3794; x_wconf 89' lang='lat' dir='ltr'>sta,</span> <span class='ocrx_word' id='word_1_339' title='bbox 406 3716 615 3804; x_wconf 89' lang='lat' dir='ltr'>inque</span> <span class='ocrx_word' id='word_1_340' title='bbox 659 3717 925 3787; x_wconf 85' lang='lat' dir='ltr'>cineres</span> <span class='ocrx_word' id='word_1_341' title='bbox 974 3717 1291 3798; x_wconf 88' lang='lat' dir='ltr'>redacta,</span> <span class='ocrx_word' id='word_1_342' title='bbox 1345 3717 1416 3786; x_wconf 92' lang='lat' dir='ltr'>in</span> <span class='ocrx_word' id='word_1_343' title='bbox 1470 3716 1888 3787; x_wconf 88' lang='lat' dir='ltr'>Rhodanum</span> <span class='ocrx_word' id='word_1_344' title='bbox 1946 3716 2240 3786; x_wconf 88' lang='lat' dir='ltr'>fluvium</span> <span class='ocrx_word' id='word_1_345' title='bbox 2273 3770 2289 3796; x_wconf 92' lang='lat'><strong>‚</strong></span> <span class='ocrx_word' id='word_1_346' title='bbox 2336 3715 2460 3803; x_wconf 93' lang='lat' dir='ltr'>qui</span> <span class='ocrx_word' id='word_1_347' title='bbox 2507 3714 2652 3784; x_wconf 87' lang='lat' dir='ltr'>illic</span> <span class='ocrx_word' id='word_1_348' title='bbox 2704 3715 2774 3783; x_wconf 86' lang='lat' dir='ltr'>in</span> 
     </span>
     <span class='ocr_line' id='line_1_40' title="bbox 224 3802 2777 3897; baseline -0.001 -24"><span class='ocrx_word' id='word_1_349' title='bbox 224 3804 536 3893; x_wconf 86' lang='lat' dir='ltr'>proximo</span> <span class='ocrx_word' id='word_1_350' title='bbox 583 3805 847 3888; x_wconf 89' lang='lat' dir='ltr'>defluit,</span> <span class='ocrx_word' id='word_1_351' title='bbox 901 3806 1429 3897; x_wconf 84' lang='lat' dir='ltr'>spargebantur,</span> <span class='ocrx_word' id='word_1_352' title='bbox 1481 3827 1621 3894; x_wconf 90' lang='lat' dir='ltr'>quo</span> <span class='ocrx_word' id='word_1_353' title='bbox 1670 3805 1909 3875; x_wconf 90' lang='lat' dir='ltr'>nullae</span> <span class='ocrx_word' id='word_1_354' title='bbox 1955 3804 2237 3893; x_wconf 90' lang='lat' dir='ltr'>quidem</span> <span class='ocrx_word' id='word_1_355' title='bbox 2289 3804 2574 3874; x_wconf 88' lang='lat' dir='ltr'>illorum</span> <span class='ocrx_word' id='word_1_356' title='bbox 2616 3802 2777 3872; x_wconf 91' lang='lat' dir='ltr'>reli-</span> 
     </span>
     <span class='ocr_line' id='line_1_41' title="bbox 224 3892 2772 3985; baseline 0 -23"><span class='ocrx_word' id='word_1_357' title='bbox 224 3893 435 3980; x_wconf 89' lang='lat' dir='ltr'>quiae</span> <span class='ocrx_word' id='word_1_358' title='bbox 470 3893 775 3985; x_wconf 90' lang='lat' dir='ltr'>amplius</span> <span class='ocrx_word' id='word_1_359' title='bbox 807 3916 1018 3984; x_wconf 88' lang='lat' dir='ltr'>super</span> <span class='ocrx_word' id='word_1_360' title='bbox 1051 3908 1303 3965; x_wconf 87' lang='lat' dir='ltr'>terram</span> <span class='ocrx_word' id='word_1_361' title='bbox 1339 3905 1697 3966; x_wconf 88' lang='lat' dir='ltr'>restarent.</span> <span class='ocrx_word' id='word_1_362' title='bbox 1751 3899 1888 3965; x_wconf 92' lang='lat' dir='ltr'>Ista</span> <span class='ocrx_word' id='word_1_363' title='bbox 1925 3914 2006 3964; x_wconf 88' lang='lat' dir='ltr'>eo</span> <span class='ocrx_word' id='word_1_364' title='bbox 2055 3892 2348 3964; x_wconf 88' lang='lat' dir='ltr'>consilio</span> <span class='ocrx_word' id='word_1_365' title='bbox 2383 3892 2772 3983; x_wconf 89' lang='lat' dir='ltr'>patrabant,</span> 
     </span>
     <span class='ocr_line' id='line_1_42' title="bbox 225 3981 2778 4074; baseline -0.001 -22"><span class='ocrx_word' id='word_1_366' title='bbox 225 3981 410 4067; x_wconf 84' lang='lat' dir='ltr'>quod</span> <span class='ocrx_word' id='word_1_367' title='bbox 458 3987 672 4053; x_wconf 91' lang='lat' dir='ltr'>Deum</span> <span class='ocrx_word' id='word_1_368' title='bbox 733 4004 806 4053; x_wconf 92' lang='lat' dir='ltr'>se</span> <span class='ocrx_word' id='word_1_369' title='bbox 853 4005 1054 4074; x_wconf 91' lang='lat' dir='ltr'>posse</span> <span class='ocrx_word' id='word_1_370' title='bbox 1103 3984 1395 4065; x_wconf 87' lang='lat' dir='ltr'>vincere,</span> <span class='ocrx_word' id='word_1_371' title='bbox 1449 3996 1516 4053; x_wconf 88' lang='lat' dir='ltr'>et</span> <span class='ocrx_word' id='word_1_372' title='bbox 1569 3982 1713 4053; x_wconf 92' lang='lat' dir='ltr'>illis</span> <span class='ocrx_word' id='word_1_373' title='bbox 1763 4004 1833 4052; x_wconf 93' lang='lat' dir='ltr'>re</span> <span class='ocrx_word' id='word_1_374' title='bbox 1882 3983 2359 4053; x_wconf 90' lang='lat' dir='ltr'>enerationem</span> <span class='ocrx_word' id='word_1_375' title='bbox 2408 4001 2778 4069; x_wconf 84' lang='lat' dir='ltr'>corporum</span> 
     </span>
     <span class='ocr_line' id='line_1_43' title="bbox 229 4070 2781 4163; baseline -0.001 -23"><span class='ocrx_word' id='word_1_376' title='bbox 229 4090 515 4158; x_wconf 86' lang='lat' dir='ltr'>prorsus</span> <span class='ocrx_word' id='word_1_377' title='bbox 557 4071 824 4163; x_wconf 90' lang='lat' dir='ltr'>eripere</span> <span class='ocrx_word' id='word_1_378' title='bbox 869 4072 1180 4143; x_wconf 86' lang='lat' dir='ltr'>arbitrati</span> <span class='ocrx_word' id='word_1_379' title='bbox 1230 4085 1417 4144; x_wconf 87' lang='lat' dir='ltr'>sunt:</span> <span class='ocrx_word' id='word_1_380' title='bbox 1450 4093 1590 4159; x_wconf 89' lang='lat' dir='ltr'>quo</span> <span class='ocrx_word' id='word_1_381' title='bbox 1624 4092 1713 4141; x_wconf 92' lang='lat' dir='ltr'>ne</span> <span class='ocrx_word' id='word_1_382' title='bbox 1758 4070 1832 4141; x_wconf 92' lang='lat' dir='ltr'>ul</span> <span class='ocrx_word' id='word_1_383' title='bbox 1866 4094 1904 4141; x_wconf 93' lang='lat' dir='ltr'>a</span> <span class='ocrx_word' id='word_1_384' title='bbox 1954 4071 2241 4159; x_wconf 89' lang='lat' dir='ltr'>quidem</span> <span class='ocrx_word' id='word_1_385' title='bbox 2271 4071 2404 4161; x_wconf 89' lang='lat' dir='ltr'>(sic</span> <span class='ocrx_word' id='word_1_386' title='bbox 2451 4070 2637 4140; x_wconf 88' lang='lat' dir='ltr'>enim</span> <span class='ocrx_word' id='word_1_387' title='bbox 2676 4070 2781 4139; x_wconf 92' lang='lat' dir='ltr'>di-</span> 
     </span>
     <span class='ocr_line' id='line_1_44' title="bbox 229 4158 2783 4251; baseline 0 -24"><span class='ocrx_word' id='word_1_388' title='bbox 229 4159 504 4249; x_wconf 88' lang='lat' dir='ltr'>cebant)</span> <span class='ocrx_word' id='word_1_389' title='bbox 531 4182 689 4251; x_wconf 87' lang='lat' dir='ltr'>spes</span> <span class='ocrx_word' id='word_1_390' title='bbox 719 4161 1244 4233; x_wconf 88' lang='lat' dir='ltr'>resurrectionis</span> <span class='ocrx_word' id='word_1_391' title='bbox 1284 4160 1552 4248; x_wconf 89' lang='lat' dir='ltr'>reliqua</span> <span class='ocrx_word' id='word_1_392' title='bbox 1588 4160 1781 4231; x_wconf 86' lang='lat' dir='ltr'>fieret</span> <span class='ocrx_word' id='word_1_393' title='bbox 1814 4159 1993 4233; x_wconf 88' lang='lat' dir='ltr'>illis:</span> <span class='ocrx_word' id='word_1_394' title='bbox 2030 4180 2171 4248; x_wconf 90' lang='lat' dir='ltr'>qua</span> <span class='ocrx_word' id='word_1_395' title='bbox 2203 4160 2360 4230; x_wconf 85' lang='lat' dir='ltr'>freti</span> <span class='ocrx_word' id='word_1_396' title='bbox 2386 4158 2783 4250; x_wconf 90' lang='lat' dir='ltr'>(inquiunt)</span> 
     </span>
     <span class='ocr_line' id='line_1_45' title="bbox 231 4247 2780 4341; baseline 0 -25"><span class='ocrx_word' id='word_1_397' title='bbox 231 4267 367 4318; x_wconf 89' lang='lat' dir='ltr'>non</span> <span class='ocrx_word' id='word_1_398' title='bbox 418 4247 643 4319; x_wconf 89' lang='lat' dir='ltr'>solum</span> <span class='ocrx_word' id='word_1_399' title='bbox 694 4251 1126 4341; x_wconf 86' lang='lat' dir='ltr'>peregrinam</span> <span class='ocrx_word' id='word_1_400' title='bbox 1174 4249 1551 4338; x_wconf 91' lang='lat' dir='ltr'>quamdam</span> <span class='ocrx_word' id='word_1_401' title='bbox 1585 4265 1650 4321; x_wconf 90' lang='lat' dir='ltr'>et</span> <span class='ocrx_word' id='word_1_402' title='bbox 1684 4270 1934 4320; x_wconf 89' lang='lat' dir='ltr'>novam</span> <span class='ocrx_word' id='word_1_403' title='bbox 1975 4249 2178 4320; x_wconf 90' lang='lat' dir='ltr'>nobis</span> <span class='ocrx_word' id='word_1_404' title='bbox 2218 4248 2647 4318; x_wconf 81' lang='lat' dir='ltr'>induxerunt</span> <span class='ocrx_word' id='word_1_405' title='bbox 2677 4268 2780 4316; x_wconf 90' lang='lat' dir='ltr'>re-</span> 
     </span>
     <span class='ocr_line' id='line_1_46' title="bbox 237 4334 2780 4432; baseline 0 -29"><span class='ocrx_word' id='word_1_406' title='bbox 237 4334 589 4427; x_wconf 80' lang='lat' dir='ltr'>ligionem,</span> <span class='ocrx_word' id='word_1_407' title='bbox 645 4360 879 4409; x_wconf 86' lang='lat' dir='ltr'>verum</span> <span class='ocrx_word' id='word_1_408' title='bbox 925 4340 1130 4410; x_wconf 91' lang='lat' dir='ltr'>etiam</span> <span class='ocrx_word' id='word_1_409' title='bbox 1181 4339 1631 4432; x_wconf 84' lang='lat' dir='ltr'>neglexerunt</span> <span class='ocrx_word' id='word_1_410' title='bbox 1678 4338 1958 4428; x_wconf 89' lang='lat' dir='ltr'>penitus</span> <span class='ocrx_word' id='word_1_411' title='bbox 2006 4350 2346 4408; x_wconf 90' lang='lat' dir='ltr'>tormenta</span> <span class='ocrx_word' id='word_1_412' title='bbox 2377 4392 2393 4419; x_wconf 90' lang='lat'>,</span> <span class='ocrx_word' id='word_1_413' title='bbox 2433 4349 2500 4406; x_wconf 90' lang='lat' dir='ltr'>et</span> <span class='ocrx_word' id='word_1_414' title='bbox 2548 4355 2780 4426; x_wconf 90' lang='lat' dir='ltr'>prom-</span> 
     </span>
     <span class='ocr_line' id='line_1_47' title="bbox 234 4424 2763 4535; baseline -0.001 -41"><span class='ocrx_word' id='word_1_415' title='bbox 234 4436 348 4513; x_wconf 86' lang='lat' dir='ltr'>pto</span> <span class='ocrx_word' id='word_1_416' title='bbox 394 4437 599 4513; x_wconf 88' lang='lat' dir='ltr'>atque</span> <span class='ocrx_word' id='word_1_417' title='bbox 643 4426 852 4498; x_wconf 78' lang='lat' dir='ltr'>alacri</span> <span class='ocrx_word' id='word_1_418' title='bbox 900 4427 1134 4500; x_wconf 89' lang='lat' dir='ltr'>animo</span> <span class='ocrx_word' id='word_1_419' title='bbox 1167 4428 1253 4502; x_wconf 88' lang='lat' dir='ltr'>ad</span> <span class='ocrx_word' id='word_1_420' title='bbox 1305 4439 1592 4499; x_wconf 88' lang='lat' dir='ltr'>mortem</span> <span class='ocrx_word' id='word_1_421' title='bbox 1644 4438 2130 4518; x_wconf 87' lang='lat' dir='ltr'>properarunt.</span> <span class='ocrx_word' id='word_1_422' title='bbox 2183 4432 2340 4535; x_wconf 70' lang='lat' dir='ltr'>‚Iam</span> <span class='ocrx_word' id='word_1_423' title='bbox 2379 4424 2763 4503; x_wconf 77' lang='lat' dir='ltr'>videamu5‚</span> 
     </span>
    </p>
   </div>
  </div>
 </body>
</html>
