3357 4995
691 335 820 398 5⁴0
1292 351 1371 398 nn
1414 349 1790 398 mulvium
1837 350 1894 396 s.
1944 346 2209 397 somms
2260 350 2438 396 narr.
2792 331 3013 397 JUNII
3060 332 3144 397 24

596 435 969 505 audierunt
1014 433 1221 504 vicini
1246 445 1311 503 et
1338 434 1611 534 cognati
1651 435 1828 523 ejus,
1867 435 2029 521 quia
2068 433 2536 524 magnificavit
2573 432 2904 503 Dominus
2932 433 3148 504 mise-

598 523 964 594 ricordiam
1000 544 1196 593 suam
1237 545 1395 592 cum
1439 523 1580 604 illa,
1612 536 1675 592 et
1715 522 2378 612 congratulabantur
2408 521 2493 590 ei.
2534 527 2611 590 Et
2639 521 2895 591 factum
2935 533 3040 591 est
3075 523 3142 590 in

594 612 706 681 die
747 626 1007 693 octaVO,
1036 623 1135 692 ut,
1168 633 1327 680 cum
1363 613 1708 682 venissent
1745 611 1827 679 ad
1865 610 2509 680 circumcidendum
2550 633 2840 699 puerum
2877 666 2892 692 ,
2949 632 3148 679 voca·

594 713 743 770 rent
772 723 932 770 eum
975 699 1252 770 nomine
1302 701 1517 790 patris
1551 700 1660 768 sui
1688 700 2107 769 Zachariam.
2137 705 2213 768 Et
2248 698 2674 790 respondens
2710 713 2929 768 mater
2960 700 3138 788 eju5‚

595 789 800 859 dixit:
837 795 1304 876 Nequaquam,
1359 788 1476 858 sed
1527 789 1884 858 vocabitur
1914 789 2230 859 Joannes.
2277 794 2481 857 Porro
2507 800 2738 858 autem
2772 788 2927 873 ejus
2976 809 3152 875 quo-

591 900 725 965 que
759 878 932 969 patri
958 877 1382 957 annuebant,
1417 877 1754 964 quidnam
1788 899 1947 946 eum
1978 877 2174 946 vellet
2205 877 2452 946 vocari.
2493 882 2567 945 Et
2603 876 2966 965 postulans
3006 898 3141 966 pu-

596 966 940 1056 gillarem,
1000 966 1296 1056 scripsit,
1332 965 1594 1035 dicens:
1639 970 1943 1034 ,Ioannes
1973 977 2074 1035 est
2109 986 2353 1034 nomen
2391 966 2566 1053 ejuS.
2601 970 2678 1036 Et
2711 966 2940 1034 mirati
2974 977 3145 1035 sunt

593 1056 930 1125 universi.
986 1059 1063 1124 Et
1113 1053 1523 1141 loquebatur
1560 1067 1816 1144 aperte,
1855 1054 2269 1123 benedicens
2312 1059 2466 1124 Dec.

640 1213 646 1218 ,
682 1148 718 1233 §
749 1148 830 1217 8.
862 1144 1100 1213 Infans
1127 1143 1457 1223 nascitur,
1495 1154 1562 1212 et
1586 1164 1711 1211 vox
1745 1143 1919 1232 patri
1964 1142 2367 1212 restituitur.
2396 1148 2488 1211 Ex
2519 1164 2662 1243 quo
2694 1142 3143 1212 manifestum

592 1234 849 1303 factum
893 1244 1016 1312 est,
1070 1230 1483 1301 clamantem
1537 1231 1728 1299 nasci
1777 1253 2035 1312 vocem,
2071 1231 2254 1318 quod
2307 1232 2491 1301 vocis
2539 1231 2787 1318 nasius,
2829 1232 2957 1301 hoc
3005 1242 3132 1312 est,

591 1323 905 1402 Joannis,
947 1319 1224 1390 nomine
1273 1319 1558 1410 prolato,
1607 1342 1733 1388 vox
1798 1320 1973 1410 patri
2030 1321 2338 1389 restituta
2386 1333 2509 1389 est.
2565 1324 2701 1410 Ego
2753 1320 2981 1396 enim,
3036 1320 3144 1387 in·

594 1412 767 1499 quit,
818 1434 956 1479 vom
1002 1411 1358 1478 clamantis
1396 1411 1469 1477 in
1515 1410 1815 1478 deserto:
1853 1414 2099 1478 Parate
2121 1411 2304 1477 via-m
2339 1410 2624 1488 Domini,
2671 1419 2890 1477 rectas
2935 1411 3146 1496 facite

594 1503 869 1570 semitas
912 1501 1057 1589 ejus
1097 1497 1345 1586 (Lucae
1381 1496 1505 1587 ιιι).
1565 1502 1734 1570 Cum
1768 1499 1952 1565 enim
2006 1498 2422 1587 suscepisset
2451 1502 2754 1566 ,Ioannes
2785 1496 3145 1565 illumina-

596 1589 850 1658 tionem
888 1586 1108 1657 sancti
1144 1586 1463 1675 SpirituS,
1496 1586 1751 1656 effectis
1781 1585 2079 1655 ostendit
2106 1586 2516 1667 effectorem,
2572 1597 2638 1654 et
2665 1584 2884 1675 digito
2916 1598 3145 1655 osten-

594 1675 1043 1745 ditomnibus
1074 1673 1474 1755 affictorem,
1512 1696 1761 1764 magna
1790 1696 1949 1743 voce
1975 1674 2324 1744 clamans:
2367 1680 2535 1744 Ecce
2563 1679 2796 1764 Agnus
2837 1673 2976 1754 Dei,
3020 1675 3146 1761 qui

594 1765 769 1834 tollit
811 1775 1163 1854 peccatum
1201 1763 1469 1832 mundi.
1515 1769 1658 1833 Non
1691 1763 1872 1831 enirn
1920 1762 2224 1852 amplius
2263 1785 2343 1832 ex
2371 1763 2574 1832 veteri
2603 1763 2750 1853 lege
2783 1774 2850 1832 et
2883 1762 3131 1853 figura,

591 1875 810 1923 unum
846 1863 947 1921 est
995 1864 1129 1920 tem
1187 1850 1331 1920 lum
1382 1852 1566 1939 quod
1617 1852 1909 1942 suscipit
1952 1851 2312 1933 sacrificia,
2356 1864 2421 1921 et
2454 1852 2554 1922 eis
2599 1850 2956 1942 gloriatur,
3022 1851 3140 1921 sed

596 1943 665 2012 in
698 1941 1020 2011 universo
1067 1963 1146 2009 or
1194 1962 1230 2009 e
1279 1953 1642 2021 terrarum,
1699 1940 2037 2009 Ecclesiae
2083 1952 2149 2010 et
2196 1962 2353 2009 arae
2387 1962 2558 2032 pure
2589 1962 2667 2009 ac
2699 1941 2965 2011 sincere
2998 1939 3136 2009 cle-

595 2031 808 2099 menti
862 2034 988 2098 Deo
1022 2029 1344 2098 emittunt
1384 2030 1701 2119 gloriam.
1757 2030 2162 2117 Accepimus
2208 2030 2393 2098 enim
2443 2029 2837 2098 animarum
2872 2040 3138 2098 nostra·

594 2141 751 2189 rum
798 2119 1191 2187 Pontificem
1239 2124 1477 2188 Jesum
1532 2118 1876 2187 Christum
1931 2118 2296 2186 Dominum
2349 2132 2683 2198 nostrum,
2730 2117 2850 2204 qui
2905 2140 3139 2207 pecca·

597 2219 743 2278 tum
787 2229 921 2276 non
959 2207 1138 2286 fecit,
1180 2228 1303 2276 nec
1338 2207 1657 2275 inventus
1682 2219 1783 2275 est
1822 2205 2023 2276 dolus
2054 2207 2123 2274 in
2167 2229 2282 2275 ore
2313 2207 2487 2295 ejus.
2534 2207 2883 2276 Habemus
2915 2205 3128 2286 enim,

599 2296 848 2384 inquit,
902 2295 1178 2374 Paulus,
1226 2295 1619 2363 Pontificem
1669 2316 2027 2386 magnum,
2082 2296 2203 2382 qui
2252 2295 2477 2364 coelos
2525 2294 2844 2383 pervasit,
2885 2299 3129 2364 Jesum

598 2385 941 2454 Christum
976 2384 1339 2454 Dominum
1378 2395 1691 2453 nostrum
1722 2407 1737 2463 ;
1789 2405 1993 2471 quem
2031 2383 2227 2452 decet
2273 2384 2501 2454 omnis
2533 2383 2771 2474 gloria.
2813 2384 3035 2452 honor
3064 2395 3129 2450 et

596 2473 924 2554 adorati0‚
964 2494 1126 2543 cum
1175 2478 1391 2554 Patre,
1436 2473 1556 2561 qui
1604 2483 1790 2543 caret
1839 2472 2223 2563 principio,
2268 2483 2333 2542 et
2378 2494 2537 2544 cum
2588 2472 3026 2543 sanctissimo
3066 2482 3133 2541 et

596 2563 865 2633 vivifico
905 2562 1186 2653 Spiritu,
1243 2584 1429 2632 nunc
1475 2573 1540 2631 et
1587 2584 1882 2652 semper,
1926 2574 1991 2631 et
2034 2563 2100 2630 in
2153 2562 2383 2634 secula
2433 2561 2849 2643 seculorum,
2890 2566 3123 2632 Amen.

1176 2834 1607 2900 ΑΝΤΙΡΑΤΒΙ
1656 2834 2154 2900 Bos‘rnonou
2204 2810 2568 2900 EPISCOPI

997 3025 1379 3106 ORATIO
1434 3024 1570 3104 DE
1625 3026 1698 3105 S.
1771 3028 1818 3103 J
1821 3024 2176 3105 OANNE
2232 3024 2730 3106 BAPTISTA

767 3261 842 3307 ΕΤ
887 3261 966 3308 DE
1016 3258 1299 3307 SILENTIO
1349 3259 1703 3306 ZACHARIAE
1751 3260 1825 3306 ET
1874 3262 1952 3307 DE
2001 3258 2432 3307 SALUTATIONE
2489 3260 2581 3307 SS.
2634 3260 2967 3307 malvam.

687 3458 724 3531 ἓ
774 3455 851 3522 1.
905 3455 1089 3519 Inter
1129 3460 1323 3520 natos
1375 3450 1744 3520 mulierum
1797 3449 2033 3518 nullus
2080 3462 2181 3520 est
2222 3452 2439 3538 major
2481 3451 2778 3530 Joanne,
2833 3449 3134 3519 Verbum

649 3538 1080 3608 ronunciavit
1114 3539 1434 3610 salutare.
1488 3538 1843 3621 Quomodo
1875 3560 2039 3628 ergo
2085 3561 2165 3608 ex
2213 3539 2437 3609 verbis
2484 3548 2866 3608 contextam
2916 3540 2982 3607 ei
3029 3536 3134 3607 of—

621 3651 808 3698 eram
850 3650 1197 3709 coronam,
1251 3629 1369 3716 qui
1419 3627 1622 3697 talem
1659 3626 1921 3718 accepit
1952 3650 2276 3697 coronam
2326 3651 2365 3697 a
2413 3626 3142 3710 Domino?Quomodo

594 3740 751 3788 eum
814 3716 1156 3795 laudabo,
1212 3717 1333 3804 qui
1380 3730 1748 3803 antequam
1799 3728 2241 3797 nasceretur,
2295 3716 2538 3786 didicit
2584 3716 2937 3786 occultum
2989 3737 3052 3783 m
3111 3756 3144 3765 -

595 3806 930 3876 sterium?
991 3806 1065 3874 Ei
1125 3804 1311 3874 enim
1373 3818 1742 3893 antequam
1810 3817 1986 3874 esset
2037 3818 2287 3887 natuS,
2345 3811 2521 3875 Deus
2569 3817 2816 3896 aperte,
2851 3804 3026 3875 tradi
3085 3804 3137 3874 it

592 3894 852 3986 gratiae
902 3893 1331 3983 mysterium,
1372 3895 1631 3984 gratiae
1671 3893 2029 3964 thesauros
2077 3894 2264 3985 apud
2313 3917 2471 3963 eum
2523 3893 2865 3984 deposuit,
2920 3906 2986 3962 et
3022 3914 3130 3974 ea,

591 4005 769 4071 quae
818 3984 1226 4073 ignorarunt
1274 3982 1343 4050 in
1415 3983 1601 4052 coelo
1650 3982 1896 4055 choros
1943 3983 2267 4054 ducentes
2321 3983 2555 4073 Angeli
2587 4039 2602 4064 ,
2665 3982 2847 4051 sicut
2910 4004 3139 4071 nuper

593 4071 978 4148 audivistis,
1029 4076 1329 4142 ,Ioannes
1359 4071 1651 4152 dicebat,
1706 4072 1827 4159 qui
1868 4073 1938 4140 in
1983 4073 2220 4141 matris
2260 4074 2655 4161 gestabatur
2681 4084 2896 4140 utero.
2931 4070 3142 4140 Thro-

595 4184 723 4232 nos
769 4160 992 4242 latuit,
1038 4172 1101 4230 et
1147 4183 1330 4243 eum,
1368 4162 1489 4248 qui
1527 4173 1672 4230 erat
1710 4162 1781 4230 in
1825 4161 2129 4240 matrice,
2174 4165 2350 4230 Deus
2382 4182 2518 4228 non
2554 4159 2922 4250 praeteriit.
2981 4163 3142 4228 Cae·

597 4249 762 4320 lavit
807 4248 1351 4330 Dominationes,
1391 4261 1455 4319 et
1504 4250 1590 4330 ei,
1629 4249 1752 4337 qui
1799 4262 1942 4320 erat
1983 4250 2051 4318 in
2088 4262 2303 4331 utero,
2352 4248 2671 4319 revelavit
2721 4247 3137 4335 mysterium

600 4350 958 4430 susceptae
982 4339 1211 4409 carnis
1234 4339 1694 4409 oeconomiae.
1732 4344 1809 4409 Et
1837 4361 2039 4426 quem
2069 4338 2351 4408 veniens
2382 4335 2848 4427 Archangelus
2880 4357 2918 4404 e
2948 4335 3141 4405 coelo

602 4430 779 4511 tulit,
825 4428 1083 4500 bonum
1130 4428 1464 4499 nuncium
1524 4428 1942 4499 intrinsecus
1991 4428 2288 4497 narravit
2336 4428 2554 4497 foetus
2611 4424 2887 4497 saliens.
2962 4429 3134 4494 Nam
