3357 4995
680 307 802 371 462
1147 363 1151 368 .
1377 325 1457 371 nr.
1506 324 1561 371 s.
1614 323 1978 372 nonrnnaro
2025 324 2322 373 muscoro
2577 365 2584 372 .
2822 310 3039 375 JUNII
3090 310 3132 372 6

586 409 865 480 recessit
920 410 1005 479 ab
1061 409 1197 488 εἰς,
1253 408 1417 495 quia
1466 431 1601 478 non
1651 422 1795 478 erat
1844 411 2258 480 conveniens
2309 411 2778 480 testimonium
2846 411 3131 481 illorum

590 497 919 568 adversus
958 518 1141 566 eum.

674 589 710 673 ἓ
756 590 837 659 8.
877 586 1088 674 Omni
1123 608 1284 676 ergo
1333 583 1701 656 destitutus
1751 587 2085 668 subsidio,
2139 587 2372 658 divino
2422 598 2688 657 tantum
2739 587 2955 659 fultus
3006 612 3135 659 au-

590 675 778 755 xilio,
832 675 1261 745 orationibus
1308 689 1373 743 et
1428 674 1836 764 psalmodiis
1889 677 2151 767 jugiter
2217 676 2680 746 incumbebat.
2737 677 2902 748 Inde
2961 701 3132 748 curn

586 764 1057 854 proposuisset
1106 776 1311 834 totam
1366 776 1632 833 noctem
1684 765 2074 850 insomnem
2124 764 2399 845 ducere,
2451 777 2518 833 et
2563 764 2823 835 orando
2889 789 3136 855 rogare

587 857 825 933 Deum,
866 867 941 921 ut
994 853 1161 943 ipse,
1201 852 1324 938 qui
1371 852 1718 921 est·dator
1758 854 1919 923 recti
1968 853 2279 933 consilii,
2333 864 2399 922 et
2445 853 2782 923 bonorum
2835 877 3130 944 operum

585 941 881 1030 adjutor,
941 940 1323 1012 secundum
1359 939 1866 1030 beneplacitum
1919 942 2291 1013 voluntatis
2341 964 2506 1011 suae
2553 943 2921 1013 consilium
2974 946 3135 1033 ejus

586 1030 909 1121 dirigeret
955 1042 1019 1099 et
1071 1030 1495 1120 propositum
1548 1029 1942 1119 adjuvaret:
1998 1054 2075 1101 ac
2126 1031 2224 1101 sic
2275 1030 2343 1099 in
2394 1032 2701 1101 oratione
2736 1046 3135 1120 pernoctas-

586 1130 730 1200 set,
785 1141 1059 1189 summo
1110 1117 1420 1187 diluculo
1471 1118 1834 1207 paululum
1888 1118 2304 1189 dormitavit.
2359 1123 2435 1188 Et
2486 1141 2641 1189 ecce
2690 1119 3136 1192 adversarius

583 1208 802 1288 affuit,
860 1208 952 1277 ita
1006 1206 1403 1276 insultando
1458 1219 1523 1275 et
1570 1207 2070 1277 subsannando
2135 1208 2460 1294 loquens:
2517 1209 2658 1298 Eja,
2713 1208 2841 1296 eja,
2905 1209 3133 1279 multa

586 1296 1051 1386 proposuisti,
1106 1295 1223 1365 sed
1285 1295 1367 1363 ad
1419 1316 1624 1382 quem
1676 1295 1885 1365 finem
1956 1297 2310 1388 pervenire
2366 1318 2641 1386 speras,
2696 1298 2816 1384 qui
2878 1320 2999 1367 nec
3054 1300 3132 1368 in

584 1385 798 1454 unius
833 1385 1053 1455 noctis
1102 1383 1449 1474 proposito
1498 1405 1930 1475 perseverare
1964 1385 2289 1475 potuisti?
2336 1386 2863 1476 Expergefactus
2894 1387 3135 1473 itaque

584 1473 790 1543 homo
856 1474 1018 1552 Dei,
1074 1484 1137 1542 et
1195 1472 1485 1542 insidias
1529 1473 1811 1543 inimici
1877 1495 2014 1542 non
2078 1475 2455 1563 ignorans,
2514 1475 2901 1568 respondit:
2941 1477 3136 1556 Quis

585 1562 982 1640 miniS,tuis
1020 1561 1345 1640 crederet,
1400 1583 1556 1629 cum
1600 1563 1688 1631 ab
1722 1560 1942 1641 initio,
1998 1575 2162 1631 teste
2219 1563 2519 1642 veritate,
2567 1563 2859 1633 mendax
2917 1564 3013 1634 sis
3062 1578 3137 1634 et

586 1663 776 1740 pater
825 1649 1214 1720 mendacii?
1260 1649 1508 1719 Taliter
1551 1670 1714 1740 ergo
1755 1650 2039 1740 spiritus
2077 1650 2426 1741 malignus
2456 1650 2811 1732 confusuS‚
2847 1655 3135 1722 recessit

585 1739 671 1807 ab
723 1760 825 1808 eo.
879 1738 1129 1808 Videns
1182 1751 1408 1807 autem
1463 1738 1664 1807 homo
1733 1740 1872 1819 Dei,
1926 1739 2106 1827 quod
2163 1739 2429 1819 veritas,
2483 1741 2599 1810 cui
2650 1741 3132 1811 testimonium

584 1827 1029 1917 perhibebat,
1082 1828 1459 1920 'ultorum
1514 1826 1872 1897 m'endacio
1938 1829 2414 1910 suffocaretur,
2489 1830 2891 1928 praesertim
2955 1852 3127 1899 cum

585 1928 940 2016 peccatum
977 1938 1215 2006 eorum
1249 1937 1328 1984 ex
1376 1914 1704 1984 relatione
1735 1918 2098 1986 verborum
2137 1917 2252 1985 Dei
2293 1915 2597 2006 amplius
2646 1918 3125 1989 invalesceret:
3207 1955 3213 1960 ·

584 2004 976 2095 intelligens
1025 2005 1252 2084 etiam,
1296 2003 1475 2090 quod
1518 2004 1583 2071 in
1620 2005 1850 2093 ipsum
1900 2026 2122 2091 usque
2169 2006 2256 2074 ad
2298 2005 2456 2075 falsi
2508 2006 2824 2076 criminis
2875 2007 3136 2076 illatio·

582 2115 738 2162 nem
776 2094 1136 2173 irruerent,
1178 2115 1415 2162 eorum
1448 2092 1938 2162 detrimentum
1988 2115 2068 2162 ac
2119 2093 2569 2184 perditionem
2608 2096 2855 2184 potius,
2910 2118 3130 2182 quarn

584 2182 766 2269 quod
802 2183 934 2253 sibi
975 2203 1218 2252 nocere
1250 2193 1546 2271 possent,
1601 2181 1840 2250 dolens
1880 2204 1959 2251 ac
2011 2197 2346 2264 metuens,
2402 2183 2583 2252 venit
2641 2183 2724 2252 ad
2778 2184 3016 2253 Archie
3076 2185 3134 2253 i·

580 2292 867 2360 scopum
921 2294 1153 2350 suum,
1206 2283 1271 2356 et
1312 2270 1682 2360 resignavit
1718 2270 1803 2350 ei,
1843 2271 2176 2358 quicquid
2229 2271 2722 2342 beneficiorum
2773 2295 2852 2341 ac
2888 2273 3004 2342 red
3068 2275 3131 2342 i-

581 2372 805 2438 tuum,
859 2360 1114 2446 quibus
1163 2360 1543 2449 plurimum
1589 2357 2012 2440 abundabat,
2066 2358 2284 2429 suerat
2331 2373 2745 2430 consecutus
2794 2362 2862 2429 in
2899 2360 3128 2431 eccle-

582 2449 706 2518 sia.
748 2449 1050 2521 Venditis
1100 2449 1385 2538 insuper
1425 2446 1747 2517 domibus
1804 2469 1882 2518 ac
1930 2449 2217 2520 caeteris
2265 2448 2614 2529 omnibus,
2657 2469 2836 2535 quae
2886 2450 2987 2520 vel
3035 2473 3128 2521 ex

580 2540 994 2627 patrimonio
1040 2537 1136 2607 vel
1202 2536 1486 2606 aliunde
1524 2536 1684 2623 jure
1735 2537 2186 2607 haereditario
2237 2538 2653 2638 possidebat,
2713 2561 2873 2609 cum
2928 2542 3131 2609 omni

578 2625 989 2716 supellectili
1040 2650 1187 2705 sua,
1232 2639 1296 2695 et
1328 2627 1396 2693 in
1442 2647 1779 2714 pauperes
1827 2628 2143 2716 erogatiS,
2192 2626 2364 2695 mhil
2399 2627 2531 2695 sibi
2564 2627 2867 2708 retinens
2924 2649 3129 2718 prae-

581 2728 682 2784 ter
727 2715 961 2784 decem
1015 2737 1280 2785 marcas
1328 2714 1594 2805 argenti
1641 2726 1705 2783 et
1750 2714 2007 2784 mulam
2052 2715 2523 2802 sacellumque
2556 2713 2638 2783 ad
2679 2716 2955 2786 Missam
3009 2740 3126 2786 ce-

582 2803 1005 2883 lebrandam,
1069 2803 1446 2893 assumptis
1507 2802 1782 2873 duobus
1835 2816 2099 2873 tantum
2168 2802 2362 2873 laicis
2419 2803 2792 2873 comitibus
2854 2805 3130 2875 itineris

578 2893 730 2992 sui,
783 2892 1095 2983 exemplo
1142 2891 1573 2983 patriarchae
1642 2891 1990 2973 Abrahae,
2060 2906 2508 2982 spontaneam
2584 2893 2750 2964 adiit
2815 2896 3130 2983 peregri-

577 2992 950 3050 nationem.

665 3072 702 3154 ,ξ
750 3072 843 3138 θ.
901 3074 1204 3156 Cumque
1240 3070 1532 3140 venisset
1570 3068 1655 3137 ad
1707 3068 2056 3163 quoddam
2108 3081 2437 3149 castrum,
2483 3073 2584 3139 Ho
2638 3093 2753 3139 um
2809 3070 3118 3152 nomine,

576 3179 785 3246 super
827 3163 1080 3228 Mosam
1140 3157 1427 3228 fluvium
1479 3158 1727 3237 situm,
1782 3158 2019 3227 eadem
2072 3158 2093 3225 i
2148 3180 2245 3237 sa,
2303 3179 2479 3245 quae
2528 3159 2587 3228 si
2642 3159 2663 3227 i
2712 3160 3118 3241 retinuerat,

576 3246 833 3317 ibidem
887 3248 1309 3337 pauperibus
1369 3245 1693 3335 erogavit,
1740 3245 1883 3315 solo
1932 3267 2088 3315 sace
2121 3247 2185 3315 lo
2243 3246 2375 3316 sibi
2427 3261 2685 3317 retento
2752 3247 2836 3318 ad
2890 3270 3126 3320 sacro-

573 3348 847 3405 sanctae
883 3337 1123 3405 Missae
1158 3335 1483 3424 mysteria
1530 3333 1964 3404 celebranda.
2008 3335 2178 3404 Pede
2228 3335 2444 3425 igitur
2485 3335 2695 3417 nudo,
2751 3338 2986 3406 tunica
3013 3337 3123 3407 la-

574 3446 698 3493 nea
734 3438 797 3493 et
829 3424 1036 3513 pallio
1076 3424 1209 3492 sibi
1257 3422 1660 3501 sufficiente,
1701 3423 1849 3492 sine
1901 3436 2103 3504 recto,
2143 3425 2291 3493 sine
2325 3437 2507 3494 certo
2547 3424 2921 3504 domicili0‚
2978 3426 3122 3495 vir-

573 3527 713 3582 tute
782 3514 996 3582 animi
1068 3512 1443 3582 horrendas
1507 3511 1789 3601 hyemes
1854 3524 1917 3581 et
1979 3534 2293 3602 asperam
2356 3512 2648 3602 glaciem
2717 3512 3109 3604 superariS,

573 3601 715 3670 solo
779 3601 1040 3671 Christo
1103 3601 1298 3680 duce,
1373 3622 1531 3669 cum
1583 3600 1856 3671 duobus
1917 3601 2294 3690 singularis
2360 3603 2690 3691 propositi
2742 3603 3123 3675 comitibus

572 3690 1029 3779 proficiscitur
1077 3712 1314 3760 versus
1362 3701 1680 3759 sanctum
1713 3690 2096 3779 Aegidium.
2131 3695 2276 3771 Quo
2308 3712 2467 3758 cum
2504 3691 2946 3780 pervenisset,
2982 3690 3119 3760 ibi-

569 3800 703 3865 que
750 3779 967 3867 gratia
1004 3780 1114 3849 Dei
1163 3778 1545 3857 ordinante,
1588 3778 1710 3866 qui
1760 3790 2112 3868 sperantes
2163 3780 2231 3847 in
2268 3800 2341 3847 se
2380 3799 2518 3848 non
2582 3779 2929 3867 relinquit,
2986 3784 3120 3848 Ge-

570 3867 818 3937 lasium
870 3874 1148 3958 Papam,
1196 3868 1318 3956 qui
1367 3868 1699 3938 successit
1747 3866 2081 3946 Paschali,
2131 3868 2523 3947 invenisset,
2595 3867 2954 3938 confessus
3010 3882 3120 3938 est

567 3957 630 4024 ei
664 3957 1079 4027 voluntatem
1111 3970 1173 4025 et
1209 3956 1634 4047 propositum
1671 3956 1888 4024 animi
1938 3958 2071 4036 sui,
2127 3956 2536 4042 veniamque
2568 3956 2652 4025 de
2685 3958 2812 4026 hoc
2845 3957 3116 4046 specia-

568 4044 742 4126 liter,
779 4042 962 4132 'quod
998 4046 1173 4115 duos
1222 4046 1429 4115 simul
1481 4066 1841 4135 supremos
1889 4044 2180 4114 Ordines
2213 4058 2450 4114 contra
2500 4049 2856 4115 Canonum
2908 4046 3114 4116 insti—

565 4145 709 4204 tuta
758 4149 1172 4225 susceperat,
1226 4158 1265 4204 a
1306 4134 1603 4224 praefato
1656 4133 1978 4203 Pontifice
2029 4134 2409 4224 postulans,
2466 4133 2880 4224 impetravit.
2928 4139 3114 4224 Papa

567 4246 722 4293 vero
764 4224 998 4293 videns
1048 4223 1485 4314 prudentiam
1536 4223 1691 4311 ejus
1738 4235 1801 4292 et
1851 4246 1883 4291 s
1939 4222 2171 4292 iritum
2227 4222 2341 4290 Dei
2391 4222 2813 4293 habitantem
2867 4223 2937 4291 in
2988 4245 3109 4305 eo,

565 4313 781 4383 voluit
832 4336 989 4383 eum
1054 4336 1285 4384 secum
1339 4313 1650 4382 retinere.
1710 4318 1786 4381 At
1833 4311 1877 4380 il
1911 4333 1947 4380 e
2007 4333 2259 4401 rogans
2295 4322 2362 4380 et
2392 4311 2783 4386 obsecrans,
2840 4333 2926 4380 ne
2976 4312 3109 4381 hac.

566 4403 793 4495 ipsum
830 4402 1231 4492 ‘obedientia
1278 4414 1567 4492 cogeret,
1621 4400 2002 4491 exponebat
2048 4399 2344 4488 qualiter
2391 4401 2698 4490 seipsum
2758 4412 2978 4471 totum
3038 4402 3108 4469 in
