3357 4995
182 320 397 385 JUNII
448 322 492 383 6
756 355 769 366 ·
988 340 1064 385 ns
1113 339 1167 385 s.
1223 337 1585 386 Noa‘rmzn‘ro
1636 336 1934 386 EPlSCOPO
2447 333 2452 344 ·
2511 322 2623 385 461¹

185 444 605 509 unoquoque
640 424 1130 512 pronuncianS,
1162 425 1341 510 quis,
1374 423 1570 510 quid,
1603 424 1747 505 ubi,
1778 445 1917 510 qua
1942 424 2133 501 hora,
2168 444 2326 492 cum
2355 445 2514 511 quc,
2541 423 2724 511 quod

194 512 474 580 minime
540 511 770 581 liceret
834 512 1080 602 egisset
1133 512 1228 581 vel
1298 512 1604 582 dixisset.
1660 517 1752 581 Eo
1811 513 2039 599 itaque
2088 512 2157 580 in
2209 512 2336 580 hoc
2406 535 2523 600 per
2579 512 2727 581 dies

192 599 745 689 quamplurimos
811 614 1323 690 perseverante,
1378 623 1539 670 cum
1579 602 1726 689 jam
1792 602 1890 670 eis
1952 599 2406 670 intolerabilis
2467 601 2726 670 videre·

196 699 319 764 tur,
374 689 588 759 altius
663 702 967 778 reptante
1015 692 1085 757 in
1134 689 1461 761 cordibus
1507 711 1744 759 eorum
1796 711 1875 758 ex
1942 688 2210 758 occulta
2275 690 2725 778 permissione

196 779 300 846 Dei
350 778 607 867 spiritu
658 776 960 868 maligno
1008 779 1127 865 qui
1178 791 1499 869 operatur
1539 780 1606 846 in
1650 778 1833 848 filios
1867 777 2308 857 diffidentiae,
2349 779 2728 847 concitave-

191 878 346 934 runt
394 867 730 935 adversus
756 888 914 936 eum
947 867 1317 954 quemdam
1352 866 1936 956 ignobilissimum
1971 867 2325 946 clericum,
2382 867 2534 936 vilis
2564 889 2728 936 con-

189 954 471 1023 ditionis
525 954 947 1043 humilisque
972 955 1307 1025 fortunae.
1358 957 1481 1024 Hic
1520 956 1688 1024 dum
1725 956 2084 1024 temeraria
2112 955 2497 1042 audacique
2529 978 2728 1046 prae-

187 1045 586 1133 sumptione
630 1043 1113 1131 obloqueretur
1152 1045 1237 1124 ei,
1289 1045 1526 1115 multis
1557 1045 1886 1114 conviciis
1928 1045 2257 1134 proscidit
2300 1067 2484 1124 eum,
2525 1057 2727 1131 atque

184 1133 391 1201 etiam
446 1133 836 1202 incredibili
870 1146 1186 1223 arreptus
1211 1133 1580 1212 dementia,
1632 1133 1928 1202 foedavit
1956 1133 2197 1201 faciem
2235 1134 2408 1221 ejus.
2443 1139 2727 1224 Accepta

181 1221 288 1288 vir
332 1223 445 1289 Dei
503 1233 689 1290 tanta
718 1222 1174 1302 contumelia,
1228 1223 1567 1290 continuit
1615 1223 1944 1312 seipsum,
1982 1234 2044 1290 et
2092 1223 2458 1290 conticuit:
2504 1222 2726 1290 deter-

182 1331 402 1395 saque
450 1310 624 1379 facie
674 1333 841 1390 sua,
895 1333 974 1379 ac
1026 1312 1321 1400 peccatis
1368 1312 1515 1380 suis
1562 1310 1947 1400 deputans.
2006 1309 2246 1379 maluit
2303 1332 2534 1379 coram
2596 1315 2725 1380 Deo

188 1397 520 1486 lacrymis
556 1399 938 1488 indulgere,
990 1421 1198 1486 quam
1241 1400 1510 1468 ultioni.
1548 1404 1696 1480 Qua
1744 1400 1813 1468 in
1858 1421 1928 1466 re
1966 1412 2283 1489 expertus
2333 1411 2453 1478 est,
2507 1421 2727 1486 quan-

189 1498 338 1554 tum
391 1488 528 1558 sibi
572 1509 693 1578 per
732 1489 844 1560 Dei
882 1488 1190 1578 gratiam
1232 1489 1482 1557 virium
1534 1485 1816 1560 adesset?
1851 1488 1935 1556 ad
1989 1489 2244 1576 majora
2295 1510 2416 1577 pro
2455 1488 2728 1577 justitia

195 1573 575 1644 toleranda.

281 1665 317 1750 ξ
364 1670 459 1735 θ.
514 1665 882 1735 Patientiae
921 1666 1134 1755 igitur
1165 1665 1405 1755 clypeo
1434 1678 1799 1765 protectuS,
1833 1678 1896 1733 et
1923 1664 2083 1734 fidei
2113 1665 2511 1735 fortitudine
2543 1688 2728 1735 com-

192 1753 532 1832 munituS‚
590 1752 996 1843 praedicans
1040 1766 1104 1822 et
1147 1776 1584 1823 annuncians
1631 1754 1916 1838 verbum
1967 1754 2083 1822 Dei
2130 1777 2169 1824 o
2273 1767 2537 1834 ortune,
2597 1755 2726 1823 im-

191 1856 512 1933 portune,
559 1863 841 1928 seseque
887 1842 1191 1929 quotidie
1240 1843 1589 1912 meliorem
1626 1841 1943 1923 reddenS,
1990 1864 2163 1911 conv
2279 1856 2431 1912 atus
2479 1856 2580 1913 est
2610 1866 2730 1935 per

192 1953 416 1999 annos
447 1944 582 1999 tres
630 1932 703 1999 in
748 1931 983 2000 eodem
1035 1932 1299 2001 habitu,
1341 1936 1507 2001 Cum
1544 1944 1770 2001 autem
1807 1933 2347 2020 persecutionem
2389 1944 2729 2021 pateretur

190 2022 280 2089 ab
329 2021 442 2088 his
488 2019 744 2105 quibus
784 2034 925 2089 erat
973 2021 1124 2110 ejus
1156 2019 1573 2109 praedicatio
1607 2021 2026 2108 importuna,
2082 2021 2472 2090 conserebat
2505 2042 2575 2088 se
2607 2021 2728 2089 ite-

189 2130 349 2178 rum
407 2107 495 2176 ad
547 2109 1034 2265 Sigebergense
1080 2108 1428 2196 quoddam
1481 2109 1973 2180 monachorum
2040 2110 2489 2190 coenobium,
2543 2110 2728 2196 quod

190 2198 418 2267 tribus
458 2219 499 2266 a
529 2201 613 2265 Co
644 2199 801 2266 onia
844 2197 1051 2269 distat
1090 2198 1503 2267 miliaribus:
1544 2197 1918 2284 aliquando
1963 2198 2030 2264 in
2072 2197 2493 2287 regularium
2527 2220 2730 2266 cano-

192 2289 510 2355 nicorum
540 2286 1029 2356 monasterium
1060 2286 1241 2372 quod
1279 2286 1533 2356 dicitur
1564 2286 1790 2356 Roda:
1829 2287 2102 2377 saepius
2125 2300 2351 2355 autem
2381 2286 2463 2354 ad
2492 2308 2731 2372 quern-

189 2375 353 2445 dam
406 2376 796 2456 eremitam,
852 2376 1129 2444 nomine
1190 2374 1649 2464 Lidulphum,
1711 2375 1922 2443 mirae
1971 2375 2350 2444 sanctitatis
2404 2388 2468 2443 et
2521 2375 2730 2447 absti-

190 2463 465 2534 nentiae
499 2463 749 2544 virum,
796 2464 1203 2534 clericorum
1242 2465 1446 2533 vitam
1489 2475 1826 2555 agentem.
1860 2463 1952 2533 Ad
1981 2463 2464 2555 hujuscemodi
2499 2476 2728 2535 autem

189 2555 374 2623 viros
423 2553 881 2642 confugiebat,
920 2554 1125 2622 causa
1171 2552 1520 2622 recreandi
1573 2552 1920 2644 spiritum,
1973 2553 2542 2640 quotiescumque
2576 2575 2729 2643 per-

189 2641 581 2711 secutiones
624 2642 1006 2730 patiebatur
1044 2642 1130 2711 ab
1180 2641 1290 2710 his
1319 2643 1576 2727 quibus
1624 2642 1827 2711 verba
1849 2643 2160 2710 veritatis
2197 2653 2389 2711 erant
2417 2640 2724 2710 molesta:

190 2744 337 2800 tum
389 2730 622 2809 etiam,
662 2730 958 2803 ut,inter
1004 2753 1118 2799 eos
1173 2743 1238 2799 et
1285 2741 1562 2800 sanctae
1608 2731 1783 2799 vitae
1842 2730 2227 2800 addisceret
2281 2730 2613 2809 instituta,
2667 2741 2732 2799 et

194 2820 337 2909 spei
386 2818 701 2889 coelestis
759 2821 1137 2908 susciperet
1183 2820 1628 2888 incrementa.
1687 2825 2195 2906 Nonnunquam
2240 2840 2394 2887 vero
2443 2818 2730 2887 domum

194 2929 420 2985 suam,
472 2928 649 2991 quae
692 2920 833 2976 erat
880 2908 1179 2988 Xanctis‚
1226 2908 1520 2988 redienS,
1582 2919 1860 2997 coeptae
1904 2908 2432 2997 praedicationis
2481 2907 2731 2976 studiis

194 2994 577 3063 insistebat.

280 3087 317 3169 ἓ
362 3086 441 3154 2.
499 3084 620 3153 His
670 3084 879 3175 igitur
927 3086 1017 3154 ita
1059 3108 1130 3154 se
1170 3085 1606 3165 habentibus,
1660 3085 1914 3154 accidit
1964 3097 2040 3153 ut
2087 3083 2460 3153 concilium
2507 3086 2728 3172 quod-

192 3172 350 3241 dam
421 3172 613 3241 fieret
659 3174 730 3241 in
783 3175 1169 3245 Teutonicis
1218 3174 1530 3264 partibus
1578 3174 1765 3264 apud
1825 3174 2162 3264 oppidum
2229 3174 2413 3259 quod
2481 3173 2734 3243 dicitur

196 3261 576 3341 Friteslare,
638 3284 865 3331 coram
930 3262 1211 3331 domino
1268 3268 1568 3343 Cunone,
1624 3262 1806 3332 sedis
1855 3262 2277 3353 Apostolicae
2343 3261 2588 3353 legato.
2642 3268 2732 3331 Ex

191 3373 329 3436 qua
365 3372 437 3418 re
469 3351 828 3419 occasione
855 3350 1531 3442 accepta,*Episcopi,
1566 3351 1808 3420 Archie
1862 3352 2101 3440 iscopi,
2149 3351 2439 3421 Abbates
2478 3350 2733 3437 aliique

194 3439 422 3518 multi,
467 3440 590 3526 qui
642 3440 1070 3529 negotiorum
1120 3462 1403 3511 suorum
1456 3462 1703 3510 causas
1769 3441 1813 3509 il
1847 3463 1934 3510 uc
1982 3454 2441 3509 convenerant
2489 3454 2734 3509 tracta-

195 3530 353 3607 turi,
412 3528 582 3598 inito
628 3528 941 3607 consili0,
980 3542 1388 3598 vocaverunt
1434 3529 1787 3598 hominem
1818 3530 1955 3598 Dei.
1990 3534 2134 3610 Quo
2171 3540 2548 3617 praesente,
2581 3549 2733 3597 coe-

194 3629 446 3706 perunt
490 3639 651 3686 eum
703 3619 1057 3686 communi
1105 3618 1418 3687 omnium
1470 3640 1760 3689 assensu
1813 3639 2043 3687 coram
2103 3617 2402 3703 praefato
2455 3617 2734 3685 domino

196 3718 602 3775 accusantes
652 3705 1085 3795 redarguere,
1133 3707 1316 3793 quod
1369 3705 1902 3797 praedicationis
1950 3704 2253 3774 officium
2306 3717 2731 3796 usurpasset,

198 3795 521 3884 ipsosque
557 3795 627 3862 in
670 3795 816 3863 suis
844 3795 1297 3864 concionibus
1341 3795 1565 3864 verbis
1613 3807 1678 3864 et
1726 3795 2057 3863 conviciis
2090 3796 2335 3863 acriter
2373 3796 2737 3863 insectare-

196 3896 325 3963 tur,
374 3905 539 3952 cum
574 3906 615 3951 a
645 3882 838 3953 nullo
866 3884 1270 3959 mitteretur,
1312 3905 1433 3953 nec
1457 3905 1696 3953 eorum
1740 3884 1975 3973 prince
2029 3906 2062 3952 s
2086 3898 2265 3954 esset
2294 3884 2732 3953 constitutus:

196 3982 339 4041 tum
370 3973 609 4049 etiam,
663 3971 846 4058 quod
899 3973 1211 4042 habitum
1265 3971 1619 4061 religionis
1661 3994 1823 4063 prae
1852 3994 1925 4042 se
1984 3983 2185 4051 erret,
2242 3972 2507 4040 cumin
2546 3971 2737 4040 nullo

194 4060 436 4150 religio
483 4073 552 4128 et
604 4061 983 4150 proprietas
1030 4062 1518 4131 convenirent:
1573 4060 1871 4147 denique
1917 4060 2100 4147 quod
2153 4060 2485 4151 pretiosas
2529 4072 2741 4129 vestes

190 4150 577 4237 abjecisset,
617 4172 777 4219 cum
819 4171 967 4219 mos
1001 4161 1216 4220 terrae
1248 4149 1318 4219 id
1351 4170 1487 4217 non
1522 4150 2161 4231 haberet,.maxime
2209 4148 2394 4240 apud
2445 4148 2732 4229 nobileS‚

192 4239 423 4325 qualis
491 4238 642 4327 ipse
693 4251 890 4319 esset,
947 4252 1023 4307 ut
1069 4238 1411 4325 quamdiu
1460 4252 1822 4309 versantur
1868 4240 1938 4307 in
1990 4239 2247 4321 seculo,
2295 4237 2570 4329 agninis
2620 4260 2744 4307 seu

195 4327 507 4414 caprinis
555 4327 861 4398 vestibus
912 4339 1218 4397 utantur.
1265 4326 1357 4395 Ad
1410 4327 1577 4395 haec
1617 4328 1854 4395 omnia
1901 4328 2407 4417 sapiensaDeo
2433 4325 2739 4408 edoctuS‚

196 4416 545 4505 sapienter
594 4415 1076 4507 respondebat,
1112 4417 1569 4504 invictusque,
1624 4415 1994 4506 adjuvante
2039 4438 2200 4488 eum
2230 4415 2452 4507 gratia
2484 4414 2748 4496 divina,

357 4536 601 4593 surius
632 4565 654 4580 ·
686 4532 850 4597 Vitae
888 4531 998 4596 SS.
1034 4564 1056 4579 ·
1079 4533 1208 4594 Vol.
1239 4532 1338 4595 VI.
2518 4533 2590 4592 11
