3357 4995
219 205 438 274 JUNII
485 207 569 273 25
970 224 1049 272 nn
1096 225 1154 273 s.
1204 222 1445 272 numo
1493 222 1754 273 raum.
1806 220 2004 271 muse.
2541 205 2657 272 57⁴

222 306 581 380 confidunt
628 328 915 380 suorum
964 307 1221 378 civium
1270 307 1636 398 precibus?
1682 312 1779 377 An
1828 305 1997 377 adeo
2029 306 2206 378 male
2238 307 2324 378 de
2353 308 2575 397 patria
2602 331 2757 379 sen-

225 397 406 468 tiunt
436 450 452 480 ,
512 408 590 467 ut
637 419 723 466 ne
787 396 1022 467 decem
1073 395 1315 467 saltem
1362 396 1435 466 in
1483 417 1563 466 ea
1616 417 1766 466 esse
1823 395 2105 466 credant
2148 417 2447 484 quorum
2518 399 2759 470 merito

220 485 410 558 salva
455 486 545 555 sit
571 485 858 556 civitas?
882 484 944 555 si
985 484 1268 556 totidem
1296 483 1629 555 Sodomae
1658 483 1974 567 fuissent,
2010 505 2239 555 nonne
2269 484 2456 557 salva
2493 488 2751 558 evasis-

221 587 323 645 set
368 574 540 644 urbs
587 574 745 656 illa;
799 594 936 644 non
994 573 1273 644 credent
1317 595 1481 664 ergo
1526 574 1614 644 ob
1668 572 1904 665 plures
1963 595 2173 661 quam
2236 573 2468 644 decem
2531 574 2759 664 justos

221 663 559 734 salvatum
632 662 720 732 iri
785 662 972 754 piam
1035 663 1491 733 Taurinorum
1542 665 1970 753 Augustam?
2030 666 2160 753 Spe
2209 662 2424 754 igitur
2485 663 2556 732 in
2626 670 2758 736 Deo

217 751 375 822 freti
420 750 506 822 ad
555 773 750 821 arma
805 751 1276 835 conclament3
1320 772 1674 821 armorum
1740 772 1960 841 genus
2018 750 2106 822 sit
2142 751 2435 842 jeJunia,
2490 774 2751 842 preceS,

221 839 693 910 misericordia
739 843 958 928 (Hom.
997 840 1178 930 xcn).
1214 843 1354 910 Hac
1402 840 1666 910 ratione
1714 862 1875 909 cum
1907 851 2093 910 metu
2127 862 2300 930 pene
2331 842 2758 913 exanimatos

221 928 667 1010 sublevasset,
727 940 932 1016 atque
979 928 1363 999 induxisset
1407 941 1484 999 ut
1530 928 1744 998 armis
1790 926 2132 1018 ejusmodi
2180 950 2253 999 se
2299 929 2753 1012 instruerent;

222 1018 320 1088 rei
364 1018 588 1088 exitus
635 1016 1166 1099 demonstravit,
1231 1015 1403 1087 nihil
1453 1017 1825 1087 Maximum
1873 1015 2130 1087 frustra
2176 1017 2445 1088 civibus
2497 1019 2757 1110 promi-

219 1107 413 1178 sisse.
466 1105 666 1176 Attila
711 1106 895 1175 enim
948 1104 1180 1198 paullo
1230 1117 1381 1196 post
1440 1104 1732 1175 mirifice
1779 1127 1819 1174 a
1868 1109 1934 1175 S.
1989 1110 2207 1177 Leone
2241 1112 2486 1198 Magno
2534 1107 2757 1178 deter-

220 1195 415 1277 rituS,
460 1195 531 1263 in
582 1195 1008 1264 Pannoniam
1061 1216 1375 1266 reversus
1407 1206 1531 1265 est.

304 1285 341 1371 ξ
391 1288 555 1355 26.
597 1283 718 1353 Vix
750 1305 978 1353 annus
1025 1283 1521 1364 intercesserat,
1553 1304 1715 1354 cum
1749 1282 1836 1353 ob
1867 1281 2343 1354 incredibilem
2377 1285 2752 1355 siccitatem

218 1373 371 1442 Itali
434 1370 520 1441 ad
580 1371 861 1462 frugum
910 1372 1218 1463 inopiam
1265 1371 1572 1453 adducti,
1625 1370 1881 1441 famem
1911 1372 2253 1442 sustinere
2312 1372 2497 1442 haud
2552 1395 2751 1464 posse

221 1460 635 1532 viderentur.
690 1466 908 1543 Quam
959 1472 1104 1530 tum
1153 1460 1440 1530 eluxerit
1490 1461 1706 1550 pietas
1752 1460 1825 1529 in
1875 1481 2040 1532 suos
2085 1483 2165 1531 ac
2197 1460 2575 1534 liberalitas
2617 1467 2753 1532 Ma-

217 1549 410 1629 ximi,
464 1547 748 1618 difficile
779 1559 880 1619 est
926 1549 1308 1619 aestimare.
1365 1547 1440 1618 Id
1471 1550 1656 1618 enim
1709 1549 1978 1618 virtutis
2026 1570 2247 1640 genus
2292 1549 2479 1639 quod
2525 1551 2756 1622 verbis

219 1659 657 1727 summopere
695 1636 1180 1707 commendare
1223 1649 1692 1716 consueverat,
1731 1658 1803 1707 re
1850 1637 2055 1728 plane
2099 1660 2311 1726 quam
2347 1639 2417 1707 in
2468 1661 2540 1709 se
2577 1652 2758 1710 esset

221 1725 558 1797 excellens
604 1726 922 1796 ostendit.
954 1732 1120 1797 Nam
1170 1726 1256 1795 ad
1281 1748 1396 1796 eos
1433 1748 1730 1814 quorum
1766 1727 2126 1816 angustior
2172 1740 2350 1798 esset
2388 1750 2526 1819 pau
2579 1728 2755 1798 eries

219 1815 644 1897 accurrebat,
697 1837 777 1884 ac
826 1817 1032 1886 rebus
1089 1815 1648 1903 quibuscumque
1698 1827 1960 1906 poterat
2005 1815 2314 1905 juvabat.
2371 1820 2516 1899 Quo
2603 1818 2753 1907 jam

150 1979 151 1982 ,
219 1916 448 1995 egerat
486 1903 823 1975 Maximus
880 1906 951 1972 in
1008 1916 1309 1973 extrema
1354 1924 1667 1974 annonae
1715 1903 1996 1974 caritate
2042 1904 2210 1973 anni
2255 1924 2479 1986 000οι,;
2535 1905 2745 1993 quod,

221 1992 472 2062 melius
520 1990 772 2073 dicam,
833 1992 1258 2063 continenter
1306 1992 1555 2062 fecerat
1589 1993 1740 2083 jam
1805 1992 1966 2061 inde
2015 2014 2055 2061 a
2103 2005 2421 2082 suscepto
2485 1993 2754 2084 episco-

219 2092 385 2172 patu
410 2105 435 2170 ;⁴
467 2081 559 2150 ita
605 2081 789 2149 enim
839 2080 1086 2151 enituit
1122 2082 1272 2172 ejus
1321 2081 1389 2150 in
1438 2102 1692 2171 egenos
1724 2080 2124 2161 liberalitas,
2155 2093 2232 2150 ut
2280 2081 2339 2150 si
2387 2081 2545 2170 quis
2576 2087 2753 2151 Tau-

220 2170 452 2238 rinum
501 2167 875 2241 adventans
922 2169 1006 2239 de
1052 2170 1273 2240 sancti
1302 2169 1645 2239 Praesulis
1671 2169 1838 2238 aede
1878 2169 2367 2251 sciscitaretur,
2421 2192 2572 2238 eam
2604 2192 2752 2240 esse

221 2258 402 2327 cives
433 2257 739 2327 dicerent
790 2279 1000 2345 quam
1049 2256 1493 2329 circumfusis
1542 2257 1968 2348 pauperibus
2007 2257 2355 2328 obsessam
2400 2258 2752 2348 conspice·

221 2357 341 2415 ret.
395 2347 573 2429 Quin
640 2346 846 2416 etiam
906 2369 1067 2416 cum
1130 2347 1225 2416 ita
1270 2360 1446 2416 esset
1494 2346 1875 2427 institutuS,
1930 2359 2007 2416 ut
2057 2368 2190 2416 non
2256 2347 2479 2447 magis
2530 2347 2753 2417 verbis

221 2457 428 2524 quam
476 2434 810 2525 exemplo,
865 2434 1053 2505 Clero
1101 2457 1173 2507 se
1221 2434 1614 2527 populoque
1650 2435 1915 2527 praeire
1953 2434 2200 2506 debere
2237 2435 2624 2527 judicaret;
2663 2437 2755 2505 ita

221 2523 410 2605 vixit,
455 2535 530 2594 ut
580 2524 928 2615 religione,
974 2546 1204 2593 amore
1259 2526 1331 2594 in
1388 2529 1598 2594 Deum
1647 2537 1714 2593 et
1760 2524 2128 2613 proximos,
2159 2526 2432 2614 justitia
2483 2524 2753 2595 fortitu-

224 2613 407 2694 dine,
454 2614 927 2704 temperantia,
974 2612 1417 2694 continentia,
1483 2612 1912 2692 liberalitate,
1969 2613 2214 2683 virtute
2261 2613 2561 2700 denique
2609 2636 2754 2683 om-

224 2702 507 2772 nimoda
588 2713 941 2803 raestaret;
996 2701 1306 2788 nihilque
1353 2703 1659 2771 oratione
1709 2701 2134 2792 praeciperet
2188 2701 2373 2789 quod
2421 2724 2556 2772 non
2607 2703 2755 2792 ipse

221 2802 375 2861 ante
417 2813 536 2881 per
564 2813 779 2862 ecisse
825 2812 1027 2881 opere
1059 2802 1419 2861 constaret.
2783 2796 2794 2811 “

308 2884 343 2967 ἓ
393 2883 537 2951 22.
592 2880 961 2950 Decesserit
1010 2900 1094 2948 ne
1145 2901 1298 2949 vero
1350 2879 1685 2948 Maximus
1717 2878 1954 2948 eodem
1992 2899 2174 2947 anno
2219 2899 2356 2965 quo
2412 2879 2497 2947 ad
2552 2884 2748 2948 Rom.

223 2967 598 3038 Concilium
635 2968 926 3059 perrexit
955 2979 1031 3037 ut
1063 2967 1364 3037 diximus
1398 2968 1467 3036 in
1503 2974 1540 3049 ἓ
1581 2972 1643 3047 l,
1698 2989 1784 3036 an
1820 2967 2059 3037 diutus
2090 2967 2351 3048 vixerit,
2409 2968 2752 3037 incertum

221 3068 358 3141 est3
393 3057 627 3126 tutiori
658 3056 992 3127 sententia
1030 3056 1396 3126 statuimus
1434 3055 1884 3126 emortualem
1934 3056 2086 3145 ejus
2134 3078 2397 3126 annum
2432 3078 2748 3137 cccctxvi,

220 3145 323 3214 illi
367 3145 663 3215 Concilio
721 3145 1114 3214 immediate
1161 3158 1583 3232 sequentem.
1638 3145 2109 3214 communiter
2159 3157 2403 3235 putant
2467 3145 2751 3215 beatum

221 3234 582 3303 tradidisse
613 3234 896 3303 Domino
922 3233 1240 3324 spiritum
1274 3234 1554 3303 Taurini
1584 3232 1691 3323 (α)
1727 3256 1814 3302 v11
1844 3232 2180 3303 Kalendas
2203 3234 2252 3301 J
2255 3233 2457 3305 ulias.
2491 3239 2750 3324 Corpus

269 3433 334 3485 (α)
363 3435 675 3473 'rmnmsnsis
702 3430 1053 3473 vetustissimae
1081 3432 1212 3472 urbis
1242 3433 1389 3479 nulia,
1416 3433 1507 3472 nisi
1538 3430 1825 3481 conjecturis
1857 3435 1905 3471 et
1938 3432 2110 3472 rabulis
2130 3433 2291 3482 petita,
2307 3435 2442 3473 ortus
2457 3434 2505 3472 et
2525 3433 2756 3472 fastorum

216 3485 387 3527 notitia
415 3488 523 3527 ante
551 3486 827 3527 Hannibalis
853 3487 904 3525 in
931 3487 1115 3526 italiam
1144 3486 1439 3531 descensum.
1466 3486 1543 3525 oui
1571 3496 1658 3535 pro
1691 3486 1871 3525 viribus
1888 3513 1899 3529 ‚
1935 3483 2155 3525 Romanis
2185 3484 2388 3526 amicitia
2415 3486 2654 3531 devincta.
2686 3496 2756 3526 re·

216 3540 357 3582 stitit.
389 3541 607 3580 Coloniam
632 3541 802 3579 Iuliam
828 3537 986 3579 Julius
1010 3541 1191 3584 Caesar.
1218 3542 1463 3589 Auqusmm
1497 3540 1788 3578 Taurinorum
1816 3540 2053 3587 Augustus
2086 3540 2201 3588 Imp.
2234 3540 2558 3589 appellandam
2598 3540 2753 3578 deere-

215 3594 403 3634 verunt.
430 3593 589 3633 Fer-aci
616 3594 667 3633 in
696 3591 905 3642 planitie.
930 3593 1056 3632 Pado
1091 3593 1404 3637 interfluente.
1439 3592 1619 3632 salubri
1648 3595 1788 3632 utens
1817 3590 1923 3632 sere
1963 3591 2110 3637 sedet,
2148 3593 2355 3632 amoenis
2401 3593 2599 3632 collibus
2646 3592 2757 3632 hino

219 3647 329 3687 inde
358 3647 693 3687 adsistentibus
720 3648 944 3691 recreata,
973 3647 1158 3686 aedium
1192 3646 1361 3689 nitore.
1389 3655 1440 3685 ac
1466 3646 1649 3685 viarum
1676 3646 1776 3685 fere
1802 3647 2013 3685 omnium
2040 3644 2170 3685 recta
2197 3655 2250 3686 se
2282 3648 2330 3685 et
2357 3645 2451 3684 late
2481 3645 2758 3694 protenden-

218 3698 336 3740 tium
367 3702 559 3748 aspectu
584 3698 839 3749 magnifica.
871 3697 1098 3748 religione
1127 3700 1371 3747 praestans
1405 3700 1453 3738 et
1492 3698 1668 3747 ingenit
1714 3700 1943 3747 gravitate
1987 3699 2102 3747 quid
2142 3699 2380 3747 singulare
2424 3700 2761 3748 praeseferens.

218 3754 597 3793 imtitutionibus
625 3754 917 3793 omnimodae
949 3753 1174 3792 levandae
1206 3752 1421 3801 egestati.
1452 3752 1640 3800 publica
1670 3748 1888 3801 largitate
1933 3750 2328 3796 subsistentibus.
2361 3753 2411 3791 in
2438 3752 2601 3801 primis
2636 3753 2763 3792 locu-

216 3806 495 3856 pletiseima,
526 3807 767 3847 nonnullis
793 3809 921 3847 esset
950 3807 1075 3847 inter
1102 3806 1375 3845 italicarum
1407 3806 1631 3845 maximas
1662 3805 1880 3845 laudibus
1914 3803 2005 3845 sibi
2031 3802 2346 3854 peculiaribus
2371 3806 2651 3848 extollenda:
2670 3806 2763 3854 pri-

221 3868 320 3897 mas
348 3859 535 3907 quidem
563 3861 722 3909 aliqua
751 3861 800 3900 in
828 3870 879 3899 re
910 3869 1021 3908 prae
1051 3859 1157 3899 aliis
1185 3859 1277 3899 sibi
1304 3858 1565 3903 vindicans.
1595 3856 1704 3897 aliis
1734 3859 2015 3907 quibusdam
2045 3856 2206 3903 alters,
2224 3860 2272 3897 et
2291 3858 2483 3907 majans
2500 3861 2644 3899 etiam
2668 3870 2763 3899 mo·

220 3913 388 3957 menti,
418 3914 527 3961 jure
568 3914 840 3954 concedens.
883 3913 1158 3953 cathedrale
1195 3913 1427 3962 templum
1465 3913 1515 3953 in
1552 3913 1779 3952 honorem
1816 3912 1860 3952 Β.
1907 3913 2232 3952 Praecursoris
2269 3910 2452 3953 Domini
2495 3910 2764 3953 excitarunt

218 3966 629 4013 Longobardorutn
656 3968 807 4017 Reges
842 3967 1123 4015 Agilulpbus
1153 3968 1201 4005 et
1229 3966 1548 4005 Theodoiinda
1580 3965 1707 4005 circa
1727 3965 1915 4005 initium
1938 3975 2001 4004 vu
2023 3965 2354 4008 asemon-din.
2376 3964 2766 4014 Archiepiscopus

218 4019 348 4059 Delia
374 4019 537 4058 Revera
562 4024 760 4061 exeunte
787 4030 849 4059 xv
878 4020 1068 4060 saeculo
1101 4029 1129 4058 a
1159 4018 1490 4063 fundamentis.
1518 4028 1613 4058 non
1647 4018 1845 4067 ignobili
1872 4016 2113 4058 structura
2141 4019 2190 4058 et
2216 4019 2363 4063 cultu,
2384 4021 2641 4059 renovavit.
2671 4020 2766 4059 Me·

222 4071 486 4112 diolanensi
513 4072 760 4123 Metropoli
788 4072 903 4113 haec
930 4073 1064 4112 sedes
1093 4073 1308 4115 suberat:
1336 4072 1431 4112 Leo
1464 4073 1502 4112 X
1532 4081 1654 4111 anno
1687 4080 1826 4112 mnxv
1858 4069 2250 4113 Archidioecesim
2279 4073 2470 4112 creavit.
2500 4073 2764 4113 Innumeris

218 4125 301 4169 ibi,
327 4124 532 4173 eleganti
557 4128 606 4165 in
634 4127 823 4177 templo.
850 4124 1158 4167 celeberrima
1189 4127 1355 4175 signis,
1383 4134 1436 4165 ae
1471 4125 1869 4174 trequentissimis
1899 4125 2110 4173 quotidie
2129 4122 2314 4165 civibus
2330 4126 2458 4165 culta
2475 4127 2646 4166 visitur
2664 4135 2767 4176 per-

224 4181 417 4219 vetusta
447 4179 602 4229 Imago
633 4180 932 4222 beatissimae
967 4176 1185 4230 Virginis.
1211 4188 1332 4229 quae
1368 4189 1394 4219 a
1421 4178 1749 4219 Consolatione
1781 4182 2063 4227 nuncupata,
2089 4178 2210 4218 hanc
2239 4180 2602 4229 appellationem
2640 4179 2766 4227 apud

222 4231 541 4272 'taurinenses
570 4235 854 4281 perenniter.
880 4235 928 4273 et
957 4231 1010 4273 in
1040 4234 1319 4282 gravissimo
1350 4232 1477 4272 haud
1509 4232 1655 4272 semel
1687 4231 1833 4272 totius
1862 4229 2068 4272 civitatis
2097 4230 2392 4276 discrimine.
2430 4229 2766 4281 comprobavit.

220 4282 455 4334 syndonis
484 4287 827 4327 sacratissimae
854 4283 1029 4335 sepulti
1061 4285 1315 4327 salvatoris
1345 4286 1642 4334 possessione
1668 4286 1899 4334 gloriatur
1922 4284 2049 4337 (vide
2065 4286 2346 4325 Msn‘rrnor..
2365 4286 2581 4325 Innusrn.
2601 4282 2652 4324 in
2670 4285 2763 4324 fine

219 4339 398 4381 mensis
427 4338 612 4387 martii).
641 4340 804 4381 civitas
833 4345 1074 4389 praeterea
1104 4341 1371 4380 sacramenti
1399 4340 1475 4379 vel
1505 4340 1712 4378 Mae-acuta·
1752 4340 2119 4378 antonomastice
2168 4335 2213 4377 in
2260 4339 2397 4379 tastis
2429 4334 2761 4379 ecclesiasticis
