3357 4995
188 344 228 409 J
237 343 411 410 UNII
458 344 545 408 25
925 361 1006 408 na
1051 357 1109 407 s.
1161 359 1479 409 rnosrsno
1518 356 1721 409 muse.
1756 359 2048 409 nmmum
2489 310 2647 410 ‘533

193 445 506 515 Seniores
532 443 859 517 ecclesiae
903 467 1071 516 suae
1116 444 1525 528 sacerdotes,
1568 446 1878 516 imitatus
1922 444 2344 535 Apostolum,
2379 456 2458 517 ut
2505 457 2734 537 patres

189 544 578 604 reverenter
643 533 1104 617 admonebat,
1148 534 1463 626 juniores
1521 535 1904 605 instruebat
1949 546 2025 603 ut
2071 533 2354 617 fratres,
2430 557 2608 607 anus
2653 547 2735 606 ut

189 634 467 705 matreS,
559 621 780 693 uellas
816 634 894 693 ut
953 644 1225 693 sorores
1270 635 1392 693 aut
1443 621 1648 705 filias,
1702 621 2096 693 incredibili
2145 622 2375 694 studio
2425 623 2496 693 in
2549 624 2732 694 viam

188 711 463 782 Domini
545 710 857 802 irigebat,
912 721 1174 783 rectum
1221 723 1288 781 et
1333 733 1570 782 verum
1601 733 1817 803 agens
1848 711 2243 781 animarum
2281 711 2724 813 Episcopum.

188 805 347 891 Ipse
384 811 613 871 autem
661 821 908 872 cavens
952 821 1113 871 cum
1167 800 1505 891 Apostolo,
1552 823 1661 882 ne,
1698 821 1864 871 cum
1918 799 2074 870 aliis
2123 799 2572 890 praedicaret,
2627 823 2734 871 re-

190 888 453 990 probus
488 888 893 970 efficeretur,
932 889 1247 980 exemplo
1294 910 1406 960 ma
1457 890 1516 962 is
1561 911 1774 978 quam
1821 889 2027 959 verbo
2074 888 2399 980 prodesse
2448 890 2618 971 suis,
2655 912 2737 961 ac

188 977 468 1049 illorum
518 977 790 1049 animos
834 977 1248 1049 confirmare
1296 913 1635 1048 studebat.
1682 983 2043 1068 Propterea
2084 976 2364 1068 vigiliis,
2409 978 2738 1048 orationi-

184 1067 347 1149 bus,
390 1066 704 1169 jeJuniiS,
755 1088 835 1137 ac
868 1066 1239 1156 multiplici
1285 1068 1745 1138 maceratione
1776 1087 2052 1137 carnem
2094 1066 2441 1149 domabat,
2495 1081 2561 1137 et
2612 1089 2732 1157 pa-

186 1157 341 1225 rere
380 1155 656 1246 spiritui
687 1154 992 1246 cogebat.
1040 1160 1285 1247 Magno
1312 1156 1518 1226 etiam
1545 1155 1901 1227 charitatis
1927 1154 2238 1244 impulsu
2275 1155 2734 1226 finitimarum

182 1243 474 1315 urbium
524 1244 896 1335 Episcopos
943 1255 1272 1332 tanquam
1329 1245 1651 1337 collega5‚
1704 1246 1946 1315 crebro
2009 1264 2132 1335 per
2199 1244 2525 1335 epistolas
2573 1244 2735 1315 hor-

183 1332 490 1416 tabatur,
528 1355 613 1403 ne
658 1331 727 1402 di
782 1332 1015 1403 nitatis
1074 1354 1262 1414 suae,
1317 1356 1404 1405 ne
1449 1335 1755 1425 impositi
1804 1328 1937 1404 sibi
1977 1333 2206 1402 oneris
2253 1333 2738 1404 oblivisceren-

182 1435 329 1492 tur.
383 1427 569 1504 Quae
614 1421 735 1522 qui
789 1443 894 1492 em
964 1420 1197 1491 omnia
1252 1434 1507 1493 tantam
1573 1422 1675 1492 illi
1736 1421 1922 1513 apud
1972 1442 2252 1504 omnes,
2317 1444 2451 1493 non
2512 1422 2737 1495 solum

181 1531 378 1591 suos,
420 1509 535 1581 sed
571 1523 778 1580 etlam
817 1509 1082 1581 alienos
1128 1511 1418 1602 gratiam
1467 1526 1533 1581 et
1578 1533 1883 1581 amorem
1935 1509 2419 1593 conciliarunt,
2474 1523 2549 1581 ut
2597 1532 2734 1580 non

185 1599 393 1669 aliter
438 1620 517 1668 ac
582 1598 898 1668 omnium
950 1611 1348 1689 parentem,
1405 1598 1602 1671 illum
1652 1599 2020 1691 diligerent
2089 1621 2169 1668 ac
2217 1611 2729 1670 venerarentur.

185 1686 376 1757 Talis
406 1709 487 1757 ac
533 1699 765 1757 tantus
812 1687 1089 1779 praesul
1133 1687 1308 1758 duos
1363 1701 1429 1758 et
1474 1689 1718 1780 viginti
1764 1710 1984 1760 annos
2037 1688 2442 1779 Regiensem
2499 1686 2536 1722 *
2568 1687 2739 1758 rexit

187 1775 596 1857 Ecclesiam,
646 1775 777 1846 hoc
834 1789 958 1860 est,
1015 1776 1101 1846 ab
1161 1798 1342 1847 anno
1390 1777 1727 1848 adventus
1760 1777 2008 1847 Christi
2055 1776 2739 1868 quadringentesimo

186 1865 998 1956 quadragesimoquarto,
1043 1887 1265 1953 usque
1289 1865 1377 1935 ad
1424 1887 1685 1936 annum
1737 1865 2499 1966 quadringentesimum
2549 1887 2742 1936 sexa-

185 1954 836 2046 gesimumsextum.
873 1953 1131 2025 Floruit
1179 1954 1474 2024 maxime
1522 1954 1653 2024 sub
1694 1959 1912 2025 Leone
1953 1975 2185 2056 pr1mo
2232 1953 2560 2024 Pontifice
2596 1959 2740 2023 Ma-

185 2042 401 2125 xim0,
454 2043 593 2125 cui,
646 2042 827 2112 sicut
862 2042 1316 2124 ostendimus,
1346 2042 1806 2114 charissimus
1836 2044 2076 2114 extltit.
2125 2041 2251 2113 Ubi
2285 2064 2442 2112 vero
2466 2054 2741 2133 tempus

187 2130 494 2213 advenit,
536 2132 610 2200 in
658 2152 796 2218 quo
852 2143 949 2201 tot
994 2131 1324 2224 virtutum
1375 2153 1454 2202 ac
1512 2132 1909 2203 meritorum
1969 2153 2255 2202 suorum
2315 2131 2741 2222 propositam

187 2219 330 2290 sibi
382 2219 769 2290 mercedem
811 2219 1163 2310 reciperet,
1202 2219 1272 2288 in
1321 2219 1821 2311 aegritudinem
1858 2219 2124 2300 incidit,
2167 2241 2345 2308 quae
2374 2219 2550 2290 vitae
2579 2219 2743 2289 finis

191 2307 299 2377 illi
351 2305 503 2378 fuit.
551 2308 771 2399 Igitur
818 2329 981 2380 suos
1040 2306 1126 2378 ad
1176 2329 1250 2380 se
1307 2329 1694 2379 convocans
1751 2307 1954 2390 filios,
2020 2308 2226 2378 veluti
2266 2309 2413 2400 Jam
2512 2330 2742 2378 raem-

233 2396 454 2467 ientes
488 2451 504 2478 ,
568 2395 735 2486 quid
789 2418 945 2468 mox
990 2395 1301 2467 futurum
1350 2409 1518 2480 erat,
1570 2408 1636 2465 et
1681 2396 1947 2487 ingenti
2011 2410 2196 2468 metu
2247 2417 2458 2487 percu
2489 2418 2603 2468 sos
2651 2418 2736 2466 ac

239 2496 437 2557 entes
467 2485 568 2557 sic
614 2484 959 2558 allocutus
1005 2496 1151 2558 est:

282 2577 323 2663 ἓ
369 2577 448 2646 ¹2.
506 2598 542 2642 «
580 2574 809 2658 Video,
851 2573 1321 2656 dilectissimi,
1371 2586 1677 2663 quantus
1726 2584 1997 2665 pectora
2045 2587 2264 2647 vestra
2313 2596 2582 2645 moeror
2627 2596 2744 2644 oc-

193 2663 582 2767 cupaverit,
632 2664 797 2753 quia
846 2685 1037 2735 meae
1068 2663 1245 2733 vitae
1276 2663 1487 2733 finem
1537 2663 1941 2735 adventasse
1986 2662 2290 2745 cernitis,
2329 2684 2454 2734 nec
2502 2663 2737 2733 miror:

192 2775 346 2824 scio
395 2752 607 2833 enim,
658 2774 866 2911 (Luam
918 2750 1286 2823 molestum
1337 2752 1425 2824 sit
1485 2751 1887 2823 amantibus
1931 2751 2242 2853 disjungi
2268 2807 2284 2835 ,
2337 2773 2497 2823 cum
2548 2773 2747 2843 prae-

191 2841 438 2912 sertim
488 2840 590 2911 sic
636 2863 677 2910 a
771 2840 1168 2932 aspectibus
1197 2839 1488 2912 invicem
1539 2852 1973 2933 separantur,
2026 2853 2104 2910 ut
2148 2841 2362 2910 v1suri
2410 2861 2528 2910 eos
2590 2862 2740 2910 am-

191 2930 385 3032 plius
434 2951 574 3001 non
605 2929 744 3000 sint
775 2951 1071 3017 quorum
1117 2930 1505 3019 praesentia
1544 2930 1846 3002 maxime
1891 2928 2338 3000 delectentur.
2369 2927 2748 2999 Vehemens

191 3018 382 3090 istud
434 3017 857 3089 desiderium
892 3040 1047 3089 vera
1093 3018 1397 3089 charitas
1443 3019 1722 3111 gignit:
1776 3018 1897 3089 sed
1934 3017 2281 3088 moderate
2311 3016 2485 3087 illud
2527 3015 2747 3087 feren-

195 3107 368 3179 dum
418 3120 546 3190 est,
597 3107 721 3177 ubi
768 3105 1062 3178 credunt
1091 3106 1211 3207 qui
1263 3119 1646 3190 remanent,
1685 3107 1902 3179 multo
1932 3106 2175 3179 utilius
2212 3128 2362 3177 esse
2391 3104 2747 3175 disceden-

192 3196 384 3269 tibus
415 3194 785 3287 proficisci,
827 3217 1038 3284 quam
1065 3195 1181 3266 hic
1210 3194 1480 3267 diutius
1502 3217 1682 3268 esse.
1728 3196 1837 3267 Sic
1869 3196 2043 3265 mihi
2071 3194 2353 3283 quidem
2380 3193 2740 3285 contingit,

195 3286 319 3373 qui
366 3306 530 3358 cum
579 3283 897 3376 Apostolo
942 3286 1138 3376 cupio
1176 3284 1477 3367 dtksolvi,
1514 3295 1580 3355 et
1610 3307 1749 3356 csse
1786 3308 1936 3355 cum
1968 3285 2251 3357 Cltrz‘sto.
2287 3288 2380 3355 Ea
2402 3295 2506 3355 est
2525 3295 2730 3367 meta,

194 3372 280 3443 ad
332 3395 546 3462 quam
587 3371 865 3465 jamdiu
914 3375 1230 3475 proper0,
1280 3385 1350 3443 et
1396 3372 1483 3443 ad
1530 3395 1741 3462 quam
1791 3388 2066 3465 semper
2101 3372 2336 3444 omnia
2382 3393 2535 3443 mea
2580 3393 2747 3443 con-

194 3460 321 3532 tuli
374 3473 551 3533 vota.
605 3467 828 3546 Quare
873 3484 973 3532 sic
1006 3484 1048 3532 a
1082 3460 1276 3532 vobis
1306 3460 1743 3534 discessurus
1789 3483 1972 3545 sum,
2023 3474 2102 3532 ut
2137 3460 2357 3532 multo
2399 3460 2624 3552 magis
2672 3460 2749 3530 in

200 3562 555 3641 posterum
596 3551 729 3622 sim
780 3549 1134 3622 vobiscum
1185 3549 1485 3623 futurus.
1538 3556 1767 3640 Neque
1804 3549 2010 3622 velim
2044 3550 2428 3623 discessum
2471 3549 2659 3619 hunc
2706 3571 2749 3619 a

195 3639 393 3711 vobis
440 3659 676 3710 meum
724 3637 1182 3721 arbitremini,
1249 3638 1369 3710 sed
1416 3639 1502 3711 ad
1550 3639 1756 3732 longe
1809 3638 2163 3711 meliorem
2222 3649 2476 3710 statum
2520 3658 2749 3708 acces-

195 3747 375 3809 sum,
426 3727 555 3799 ubi
604 3727 825 3799 multo
865 3726 1110 3798 melior
1165 3727 1362 3800 vobis
1407 3728 1537 3799 sim
1599 3728 1902 3811 futuruS,
1956 3727 2018 3798 si
2065 3727 2136 3797 in
2196 3726 2605 3808 dilectione,
2658 3725 2746 3796 ad

196 3833 405 3914 quam
441 3838 569 3888 vos
614 3835 890 3908 semper
932 3816 1246 3888 hortatus
1308 3838 1492 3898 sum,
1545 3815 2088 3908 permanseritiS,
2141 3814 2199 3888 si
2248 3828 2530 3887 mutuae
2575 3813 2749 3885 cha-

201 3904 422 3976 ritatis
478 3918 549 3977 et
602 3904 1089 3977 mandatorum
1138 3904 1255 3976 Dei
1300 3904 1493 3976 eritis
1558 3926 1920 3976 memoreS.
1974 3903 2045 3975 Si
2090 3903 2277 3975 enim
2327 3901 2589 3997 putatis
2637 3924 2750 3974 me

204 3990 507 4089 potuisse
553 3993 749 4065 vobis
792 3994 1158 4082 hucusque
1190 3992 1536 4085 prodesse,
1573 3993 1849 4082 qualem
1902 4014 2011 4064 me
2063 3992 2377 4065 futurum
2414 4012 2579 4085 erga
2626 4014 2747 4063 vos

207 4073 532 4173 deinceps
590 4081 869 4154 credere
939 4082 1202 4154 debetis
1235 4137 1252 4165 ‚
1302 4082 1427 4153 ubi
1486 4081 1971 4155 inexhaustum
2020 4081 2363 4153 bonorum
2428 4080 2744 4152 omnium

208 4161 607 4242 thesaurum
657 4171 989 4263 attigero?
1061 4170 1283 4263 Igitur
1345 4170 1715 4260 abstergite
1760 4171 1911 4262 jam
1959 4170 2305 4262 lacrymas
2329 4224 2352 4253 ,
2414 4182 2482 4241 et
2526 4167 2749 4240 flendi

212 4360 515 4456 “aggelu
541 4372 591 4409 ot
614 4368 847 4420 Rhodum
873 4369 1053 4420 Laudi.
1079 4370 1159 4412 vol
1185 4370 1425 4416 Aemiliae.
1451 4370 1530 4412 vol
1547 4365 1819 4411 nntium-e
1872 4368 1975 4411 ιω.
1992 4370 2173 4421 Banu)
2186 4368 2300 4410 urb·
2321 4377 2419 4409 non
2435 4366 2659 4420 ignobili·
2677 4366 2752 4407 est

211 4466 344 4510 a..
359 4479 461 4513 ....
471 4418 1828 4528 ”awmafflxtzsss‘wmmaae
1931 4423 2171 4465 m...
2194 4423 2354 4472 ψ’*-
2371 4420 2633 4472 aa...
2651 4428 2752 4461 Μ·
