3357 4995
215 309 415 375 JUNII
469 309 509 372 2
759 324 1100 375 TRANSLAT.
1156 324 1247 372 ss.
1301 324 1415 371 nm.
1470 324 1651 371 PETRI
1699 323 1776 371 nr
1823 322 2200 372 mmmmm
2579 308 2649 373 81

221 430 360 477 cum
412 406 696 477 duobus
744 403 1074 475 fratribus
1120 405 1267 473 suis
1316 403 1513 473 laicis
1562 403 1963 494 reciperem,
2017 404 2232 472 donec
2282 404 2417 495 ipsi
2467 420 2755 475 reverte-

217 509 481 567 rentur:
524 515 684 564 nam
725 506 878 584 post
924 493 1235 563 triduum
1287 514 1360 564 se
1407 492 1733 563 dicebant
1778 515 1928 562 esse
1984 514 2402 562 reversuros,
2450 495 2623 576 Feci,
2682 506 2761 564 ut

210 584 592 665 voluerunt,
623 603 921 669 eumque
948 580 1348 672 presbytero
1375 595 1607 652 nostro
1634 580 1930 652 Hilfrido
1962 581 2464 651 commendavi.
2501 587 2564 651 Is
2594 606 2756 653 cum

207 696 239 741 a
338 672 705 762 resbytero
750 684 1092 761 receptus,
1143 682 1211 740 et
1248 669 1571 741 cellulam
1625 671 1694 740 in
1738 692 1874 757 qua
1922 670 2072 760 ipse
2123 670 2467 751 manebat,
2521 669 2762 741 suisset

201 764 262 831 in
321 774 540 833 uctus
572 815 588 842 ‚
641 760 826 831 circa
876 781 1231 851 vesperam
1290 758 1601 849 ejusdem
1660 757 1799 828 diei
1864 770 2207 831 commota
2256 758 2753 843 vehementiuS,

196 873 325 937 qua
379 851 789 930 tenebatur,
846 848 1163 929 insania,
1226 869 1446 918 unum
1489 869 1526 917 e
1573 847 1904 918 fratribus
1944 848 2090 919 suis
2136 847 2256 935 qui
2308 870 2468 917 eum
2528 861 2757 918 custo-

193 940 511 1019 diebant,
565 950 837 1027 arrepto
882 937 1129 1018 culti-0,
1169 937 1353 1023 quod
1403 935 1658 1007 furenti
1690 958 1897 1007 casus
1926 936 2289 1015 obtulerat,
2327 935 2545 1006 voluit
2578 938 2757 1006 occi-

193 1029 406 1099 dere:
470 1027 592 1096 sed
641 1026 760 1095 ille
808 1048 1045 1096 necem
1096 1024 1423 1116 fugiendo
1462 1025 1855 1106 declinavit,
1893 1036 1957 1094 et
2013 1024 2268 1096 nostris
2323 1025 2748 1105 hominibus,

192 1117 315 1204 qui
365 1137 594 1207 prope
639 1126 858 1196 erant,
911 1114 996 1184 de
1043 1114 1321 1185 vesania
1367 1112 1558 1184 illius
1596 1114 1950 1184 indicavit.
2005 1120 2175 1184 Tum
2223 1113 2605 1203 presbyter,
2640 1115 2755 1185 cui

190 1228 447 1276 curam
486 1226 645 1275 eum
679 1203 1114 1273 custodiendi
1162 1225 1202 1273 a
1250 1202 1451 1272 nobis
1483 1216 1627 1273 erat
1660 1203 2000 1289 injuncta,
2058 1203 2404 1293 suggessit
2453 1203 2626 1271 mihi
2658 1204 2752 1275 si-

192 1294 497 1382 mulque
546 1293 913 1383 persuasit,
955 1304 1032 1363 ut
1065 1313 1224 1363 eum
1266 1292 1512 1361 vinciri
1544 1293 2032 1382 permitterem.
2071 1292 2354 1369 Vinctus
2393 1291 2606 1381 igitur
2637 1314 2752 1360 ca-

194 1384 377 1453 tenis
439 1381 721 1463 ferreiS,
784 1382 852 1450 in
906 1381 1077 1451 lecto
1130 1379 1546 1469 collocatur,
1593 1381 2063 1468 obseratisque
2101 1370 2390 1462 foribuS,
2429 1380 2618 1450 solus
2679 1382 2751 1449 in

192 1471 537 1543 cubiculo
580 1469 1013 1556 relinquitur.
1069 1468 1424 1540 Excubant
1468 1480 1627 1539 ante
1673 1470 1928 1540 ostium
1975 1469 2218 1540 fratres
2260 1469 2437 1557 ejus,
2474 1483 2540 1539 et
2572 1469 2754 1540 velut

194 1582 579 1651 erumpere
624 1558 960 1630 valentem
1002 1557 1318 1650 pervigili
1378 1560 1547 1629 cura
1594 1559 2018 1630 custodiunt.
2076 1563 2426 1633 Caeterum
2472 1558 2754 1629 vincula

193 1650 468 1736 quibus
500 1648 862 1719 tenebatur
892 1648 1238 1729 astrictuS,
1291 1646 1637 1737 ejusmodi
1677 1659 1895 1728 erant,
1956 1660 2032 1718 ut
2077 1645 2246 1717 dum
2283 1648 2354 1716 in
2392 1646 2500 1716 his
2545 1660 2747 1729 esset,

195 1761 337 1808 non
394 1739 472 1808 in
521 1737 834 1806 dextrum
895 1749 1015 1806 aut
1051 1735 1410 1807 sinistrum
1473 1736 1653 1807 latus
1704 1758 1777 1808 se
1829 1749 2258 1817 convertere‚·
2284 1757 2505 1823 neque
2559 1736 2756 1807 aliter

196 1827 335 1898 nisi
381 1826 642 1916 supino
683 1847 968 1915 corpore
1018 1826 1251 1915 jacere
1306 1825 1662 1916 potuisset.
1716 1824 2045 1896 Dormivit
2079 1825 2329 1912 itaque,
2369 1837 2446 1896 ut
2480 1826 2629 1915 ipse
2662 1837 2754 1894 te-

198 1928 457 1996 statur,
513 1935 735 2001 neque
768 1925 923 1984 ante
963 1912 1264 1983 mediam
1300 1927 1567 1984 noctem
1611 1913 1979 2004 evigilavit.
2019 1919 2095 1984 At
2127 1913 2246 1983 ubi
2282 1913 2445 2004 galli
2479 1925 2759 1984 cantare

196 2015 589 2095 coeperunt
624 2000 1161 2093 expergefactus,
1207 2001 1378 2072 vidit
1423 2024 1495 2072 se
1537 2024 1673 2072 non
1711 2002 1936 2079 solum
1987 2002 2426 2073 vinculorum
2462 2002 2754 2073 nexibus

198 2094 542 2174 solutum,
600 2113 833 2161 verum
882 2091 1087 2161 etiam
1139 2092 1379 2161 morbo
1425 2092 1761 2174 insaniae,
1807 2113 1946 2179 quo
1993 2090 2440 2173 laboraverat,
2504 2091 2753 2161 libera-

200 2198 382 2253 tum:
442 2181 812 2267 statimque
871 2180 958 2249 ad
1014 2178 1255 2250 laudes
1316 2184 1447 2249 Deo
1501 2180 1835 2250 dicendas
1883 2191 2018 2251 tota
2077 2191 2302 2251 mente
2350 2202 2748 2261 conversus,

202 2270 505 2361 psalmis
546 2281 612 2339 et
661 2269 705 2337 h
762 2268 965 2349 mnis,
1010 2290 1184 2355 quos
1242 2289 1403 2357 prae
1434 2269 1652 2339 nimia
1710 2269 2187 2359 gratulatione,
2235 2270 2506 2343 tametsi
2560 2268 2753 2339 solus

201 2373 375 2439 erat,
436 2358 606 2429 satis
657 2379 695 2426 c
727 2379 842 2427 are
889 2356 1317 2447 decantabat,
1365 2378 1606 2428 omnes
1657 2358 1726 2425 in
1778 2357 2030 2427 vicinia
2077 2357 2391 2445 ejusdem
2448 2357 2754 2428 cubiculi

203 2448 635 2521 dormientes
666 2446 1003 2517 excitavit.
1042 2449 1213 2516 Turn
1251 2467 1568 2538 surgenS,
1607 2446 1689 2516 ad
1726 2447 1980 2518 ostium
2014 2447 2323 2529 accessit,
2377 2446 2757 2534 fratresque

205 2560 374 2610 suos
434 2538 569 2626 qui
613 2533 712 2605 ibi
760 2536 1217 2615 excubabant,
1261 2548 1339 2605 ut
1382 2557 1454 2605 se
1513 2534 1599 2603 ad
1642 2536 1970 2623 requisita
2017 2549 2300 2606 naturae
2353 2535 2534 2606 foras
2572 2535 2756 2605 exire

203 2626 712 2716 permitterent,
753 2624 1037 2715 rogavit.
1078 2622 1187 2693 Illi
1234 2628 1461 2694 autem
1493 2624 1681 2695 hunc
1715 2624 2125 2694 insanientis
2159 2623 2400 2694 dolum
2443 2625 2598 2704 rati,
2641 2645 2755 2692 ne-

204 2737 561 2804 quaquam
612 2714 675 2783 ei
729 2713 1061 2783 assentire
1106 2711 1261 2782 ausi
1309 2725 1494 2782 sunt:
1550 2713 1667 2783 sed
1711 2712 2041 2783 accersito
2097 2712 2368 2803 hospite
2417 2735 2567 2793 suc,
2637 2712 2758 2800 qui

206 2826 368 2874 eum
408 2803 670 2873 ibidem
699 2801 1097 2885 incluserat,
1128 2812 1205 2872 ut
1235 2823 1397 2872 cum
1426 2823 1504 2872 eo
1536 2801 1859 2890 loquatur
1889 2814 2191 2872 exorant.
2228 2802 2358 2884 Qui
2394 2813 2758 2893 postquam

206 2914 371 2963 cum
400 2913 483 2962 eo
521 2891 794 2962 locutus
824 2903 947 2972 est,
987 2902 1192 2977 atque
1234 2911 1316 2960 ex
1363 2890 1627 2961 ratione
1673 2890 2201 2981 responsionum
2235 2913 2519 2960 suarum
2555 2912 2763 2960 sanae

209 2982 466 3051 mentis
510 3001 662 3051 esse
717 2978 1066 3059 intellexit,
1105 2990 1341 3069 aperto
1388 2980 1585 3060 osti0,
1614 3002 1754 3067 quo
1806 2979 2072 3050 volebat
2119 2980 2218 3049 ire
2264 2979 2596 3069 permisit.
2637 2985 2762 3049 Re-

207 3090 630 3157 versumque
691 3067 1054 3158 recipienS,
1114 3067 1285 3154 quid
1332 3068 1418 3137 de
1472 3067 1770 3139 vinculis
1805 3124 1821 3148 ,
1882 3069 2140 3155 quibus
2194 3090 2353 3138 eum
2402 3081 2759 3139 oneratum

212 3158 614 3237 incluserat,
652 3156 909 3227 factum
938 3168 1117 3228 esset
1155 3157 1541 3245 inquisivit.
1591 3162 1668 3228 Et
1713 3156 1854 3242 ille,
1891 3162 2160 3239 Catena,
2204 3158 2453 3245 inquit,
2488 3179 2624 3245 qua
2657 3179 2764 3225 me

211 3247 517 3328 vinxisti,
581 3244 770 3315 salva
832 3258 973 3317 est:
1027 3260 1093 3315 et
1141 3245 1199 3316 si
1261 3246 1362 3315 vis
1415 3246 1592 3316 scire
1638 3245 1761 3316 ubi
1811 3247 1920 3327 sit,
1967 3268 2220 3335 quaere
2264 3268 2417 3315 eam
2465 3259 2530 3317 et
2580 3247 2762 3315 inve-

216 3336 389 3407 nies.
445 3341 743 3406 Accenso
772 3334 865 3404 ita
914 3355 1004 3404 ue
1032 3333 1319 3416 lumine,
1359 3335 1771 3410 invenerunt
1796 3357 1947 3405 eam
1981 3348 2138 3406 ante
2188 3335 2464 3414 lectum,
2503 3335 2573 3404 in
2626 3357 2764 3421 quo

216 3425 450 3514 ipsum
485 3423 841 3511 quiescere
911 3434 1219 3504 ecerant‚·
1248 3424 1592 3524 Jacentem
1642 3446 1722 3494 eo
1775 3423 1978 3494 modo
2017 3425 2504 3515 compositam,
2562 3436 2767 3509 atque

216 3513 477 3584 eisdem
514 3511 716 3583 nodis
746 3512 1125 3593 astrictam,
1156 3513 1413 3599 qmbus
1445 3523 1611 3582 tunc
1658 3511 1903 3594 fuerat,
1939 3513 2219 3600 quando
2268 3535 2425 3582 eum
2480 3534 2641 3580 cum
2686 3534 2767 3580 ea

217 3601 287 3671 in
334 3601 581 3672 eodem
635 3600 807 3671 lecto
856 3599 1306 3694 collocarunt,
1368 3623 1446 3670 ac
1500 3600 1725 3671 solum
1778 3602 1845 3670 in
1896 3603 2133 3672 eodem
2191 3600 2514 3673 cubiculo
2563 3599 2767 3668 dimi-

220 3703 487 3764 serunt.

307 3781 345 3867 ἓ
394 3782 550 3852 19.
602 3777 772 3861 Quis
820 3778 955 3876 hog
998 3777 1243 3848 fecisse
1275 3778 1663 3848 credendus
1713 3790 1835 3860 est,
1876 3779 2012 3847 nisi
2073 3778 2189 3847 ille
2238 3779 2358 3866 qui
2416 3777 2500 3846 de
2549 3776 2769 3846 nihilo

223 3868 475 3939 creavit
527 3867 788 3952 omnia,
839 3879 905 3937 et
950 3868 1071 3954 qui
1119 3866 1189 3935 in
1234 3867 1442 3937 rebus
1478 3888 1656 3954 quas
1704 3866 2035 3947 condidit,
2077 3867 2240 3938 talia
2281 3877 2500 3958 potest
2546 3865 2769 3935 facere

226 3977 402 4043 quae
452 3977 579 4026 nec
628 3955 985 4025 intellectu
1013 3955 1534 4046 comprehendi,
1576 3976 1702 4026 nec
1740 3956 2072 4028 humanis
2096 3968 2395 4058 possunt
2433 3955 2771 4026 sermoni-

228 4044 359 4117 bus
418 4045 802 4135 explicari?
849 4043 1015 4129 Quis
1069 4044 1257 4113 enim
1308 4055 1429 4116 aut
1481 4065 1560 4113 co
1615 4045 1894 4115 itatione
1956 4045 2320 4134 conjicere,
2375 4057 2495 4113 aut
2544 4044 2771 4114 verbis

226 4133 444 4205 valeat
482 4153 829 4214 enarrare,
882 4132 1179 4221 qualiter
1227 4131 1341 4203 ille
1383 4068 1738 4224 presffyter
1775 4133 1886 4203 his
1917 4133 2215 4205 vinculis
2254 4132 2460 4204 suerit
2498 4132 2774 4204 absolu-

229 4234 361 4304 tus,
416 4242 581 4291 cum
614 4221 813 4292 nobis
860 4220 1330 4296 certissimum
1362 4222 1453 4293 sit
1499 4222 1850 4292 neminem
1899 4243 2048 4294 esse
2080 4223 2202 4311 qui
2228 4245 2301 4293 se
2334 4222 2525 4292 solus
2557 4222 2774 4311 possit

228 4311 575 4401 ejusmodi
622 4310 915 4382 nexibus
965 4332 1235 4393 exuere,
1295 4311 1354 4381 si
1403 4311 1502 4381 eis
1560 4310 1766 4381 fuerit
1815 4311 2025 4381 simili
2080 4311 2281 4381 modo
2330 4312 2779 4388 constrictus‚·

233 4403 409 4469 sicut
461 4399 642 4470 idem
679 4399 1037 4491 presbyter
1082 4400 1235 4482 fuit,
1274 4398 1555 4489 quando
1592 4399 1784 4472 solus
1833 4401 1904 4470 in
1942 4401 2060 4474 illo
2109 4399 2435 4474 cubiculo
2459 4400 2773 4472 inclusus

387 4510 627 4570 surius
658 4542 675 4554 ·
710 4508 874 4574 Vitae
899 4509 1009 4575 88.
1034 4540 1059 4555 -
1086 4506 1216 4571 Vol.
1247 4507 1350 4572 VI.
2583 4509 2620 4566 6
