3357 4995
694 293 821 358 ⁴20
1275 309 1354 356 nn
1402 308 1456 356 s.
1510 306 1848 357 commem
1895 307 2094 358 msc.
2147 309 2223 357 Er
2270 309 2461 358 mar.
2828 292 3048 359 JUNII
3100 296 3142 361 ὃ

602 395 664 465 ei
714 394 892 465 dono
940 392 1149 474 dedit,
1202 392 1655 483 praecipiens,
1694 404 1941 463 uttam
1982 393 2211 464 clerus
2241 416 2449 482 quam
2503 395 2805 496 populus
2837 397 2988 487 ejus
3033 418 3145 466 re-

601 484 849 575 gimini
889 479 1317 562 subdendus,
1370 481 1455 550 iis
1503 480 1838 552 institutis
1876 482 2326 554 imbueretur.
2374 483 2933 554 Familiaritatem
2960 506 3141 572 quo-

600 594 735 659 que
770 570 964 642 Sedis
1008 569 1431 661 Apostolicae
1480 581 1625 639 tum
1675 570 1835 660 ipsi,
1875 584 2022 642 tum
2071 572 2400 643 omnibus
2446 572 2602 660 ejus
2649 571 2948 644 subditis
2981 595 3143 663 per-

600 673 904 751 petuam,
937 658 1095 730 dato
1119 658 1503 749 privilegiO,
1532 658 1990 730 confirmavit:
2027 660 2394 748 literasque
2423 682 2587 732 suas
2611 661 2674 731 ei
2708 662 3133 752 impertiens,

600 771 738 819 non
788 748 1013 819 solum
1065 747 1301 818 Carolo
1331 747 1703 836 (Marcello)
1739 746 1995 819 illustri
2029 749 2197 819 Duci
2236 750 2352 836 dui
2380 749 2449 819 id
2483 750 2811 840 temporis
2852 755 3139 820 Franco·

598 859 754 907 rum
789 859 1079 928 regnum
1129 835 1635 918 moderabatur,
1704 835 1817 906 sed
1880 837 2082 907 etiam
2120 838 2388 908 cunctis
2443 838 2608 908 viris
2654 838 3141 910 ecciesiasticis

599 940 664 996 et
694 925 1134 1016 Principibus
1173 923 1578 996 Germaniae
1622 946 1784 994 eum
1835 925 2169 996 tuendum
2206 927 2732 996 commendavit.

687 1017 724 1101 ξ
771 1019 921 1087 16.
978 1019 1236 1083 Harum
1290 1013 1518 1098 itaque
1552 1011 1906 1083 literarum
1958 1015 2359 1085 auctoritate
2382 1014 2598 1085 fretus
2625 1027 2905 1086 sanctus
2934 1020 3140 1087 Prae-

600 1103 706 1173 sul
759 1101 1172 1182 BonifaciuS,
1227 1100 1691 1192 proficiscitur
1730 1102 1799 1172 in
1843 1104 2305 1184 Germaniam,
2346 1104 2759 1191 veniensque
2806 1104 2892 1173 ad
2934 1109 3140 1176 Caro-

600 1192 743 1261 lum
794 1190 1179 1282 principem
1216 1211 1428 1280 supra
1475 1189 1764 1269 dictum,
1811 1190 2042 1261 literas
2076 1192 2367 1263 Romani
2407 1193 2752 1262 Pontificis
2781 1192 2843 1261 ei
2870 1194 3131 1271 attulit,

600 1302 806 1367 seque
852 1281 1003 1369 ejus
1051 1277 1296 1348 ditioni
1342 1291 1406 1346 et
1454 1279 1834 1368 patrocinio
1884 1281 2367 1361 committenS,
2433 1281 2552 1351 illo
2600 1292 2989 1358 annuente,
3044 1283 3138 1352 ad

535 1394 540 1399 ·
600 1369 1018 1448 Catthorum,
1070 1389 1244 1454 quos
1292 1371 1542 1437 Hessos
1588 1372 1857 1449 vo'cant,
1900 1369 2157 1455 quibus
2195 1371 2340 1459 jam
2372 1383 2528 1440 ante
2556 1369 2951 1460 praedicare
2977 1391 3137 1441 coe-

598 1470 811 1548 perat,
853 1457 1199 1547 regionem
1249 1456 1439 1525 abiit.
1478 1460 1625 1557 Quo
1680 1479 1840 1526 cum
1894 1459 2332 1548 pervenisset,
2394 1458 2787 1548 complures
2836 1458 2980 1528 illic
3030 1481 3138 1529 re-

598 1548 795 1636 perit,
833 1545 1215 1614 Christiana
1249 1543 1577 1632 religione
1604 1545 1891 1636 abJecta,
1930 1547 1999 1614 in
2035 1548 2258 1616 varios
2306 1547 2636 1617 incidisse
2679 1569 2967 1617 errores.
3006 1548 3137 1617 Alii

597 1638 782 1704 enim
832 1633 1042 1724 lignis
1087 1646 1153 1703 et
1198 1632 1501 1704 fontibus
1549 1633 1728 1703 clam
1780 1634 1879 1703 vel
1930 1634 2156 1725 palam
2201 1635 2719 1706 sacrificabant:
2772 1635 2895 1705 alii
2922 1636 3137 1705 haru-

599 1723 855 1812 spicia,
917 1721 1421 1803 divinationeS,
1493 1722 1901 1813 praestigias
1960 1736 2026 1792 et
2094 1725 2593 1794 incantationes
2640 1725 3130 1794 sectabantur:

599 1811 908 1902 plerique
954 1810 1109 1879 aliis
1157 1809 1471 1879 nefandis
1533 1811 1914 1902 sacrilegiis
1973 1827 2168 1881 erant
2224 1812 2514 1883 addicti:
2584 1814 2782 1902 pauci
2848 1835 3008 1882 vero
3058 1814 3135 1882 in
3204 1893 3226 1910 ἃ

596 1901 702 1968 via
752 1899 1074 1980 veritatiS‚
1128 1921 1335 1986 quam
1379 1900 1586 1984 semel
1637 1899 2045 1980 didicerant,
2091 1901 2585 1990 persistebant:
2638 1923 2935 1987 quorum
2971 1904 3135 1988 qui·

597 1988 755 2077 dem
804 1988 1091 2057 consilio
1138 1989 1452 2058 arborem
1500 1987 1851 2074 quandam
1908 1989 2122 2058 mirae
2171 1991 2502 2061 vastitatis
2531 2044 2551 2070 ,
2620 2011 2829 2077 quam
2899 1991 3138 2089 prisca

598 2097 759 2146 voce
795 2077 981 2146 ,lovis
1028 2076 1338 2145 arborem
1392 2077 1911 2166 nuncupabant,
1965 2079 2035 2145 in
2089 2077 2235 2147 loco
2289 2079 2410 2165 qui
2451 2079 2794 2148 Geismere
2842 2078 3130 2160 d1citur,

597 2165 810 2236 servis
859 2165 975 2234 Dei
1023 2164 1157 2255 ipsi
1203 2164 1729 2245 assistentibus,
1802 2164 2111 2235 excidere
2171 2167 2469 2236 tentavit.
2525 2168 2831 2237 Accurrit
2894 2181 3135 2238 autem

597 2276 850 2344 magna
896 2254 1328 2323 ethnicorum
1383 2252 1778 2326 multitudo.
1837 2253 2036 2325 illum
2090 2267 2436 2342 tamquam
2503 2255 2765 2325 hostem
2837 2254 3135 2326 deorum

598 2364 885 2412 suorum
938 2362 1179 2412 necare
1235 2341 1632 2411 volentium.
1690 2341 1815 2412 Sed
1865 2364 2022 2412 cum
2089 2342 2292 2412 arbor
2354 2343 2638 2434 paulum
2701 2343 3133 2422 caederetur,

597 2453 755 2502 mox
801 2432 1000 2519 quasi
1050 2430 1385 2502 divinitus
1423 2431 1702 2521 agitata,
1757 2433 1824 2500 in
1922 2445 2173 2502 uatuor
2206 2446 2431 2522 partes
2456 2432 2734 2523 dirupta
2774 2445 2898 2503 est.
2937 2434 3139 2525 Quod

595 2534 951 2590 cernentes
998 2520 1255 2590 ethnici
1304 2520 1430 2601 illi,
1471 2521 1839 2590 Dominum
1919 2521 2276 2602 audantes,
2309 2521 2515 2591 fldem
2565 2522 2904 2612 complexi
2940 2537 3133 2592 sunt.

598 2616 888 2679 Sanctus
936 2622 1163 2678 autern
1215 2607 1491 2680 Praesul
1540 2610 2051 2679 communicato
2100 2632 2259 2679 cum
2310 2609 2639 2679 fratribus
2687 2611 3002 2690 consilio,
3055 2634 3141 2681 ex

596 2697 717 2767 illa
757 2699 1019 2788 ingenti
1069 2698 1297 2767 vastae
1340 2697 1606 2766 arboris
1655 2698 1835 2768 mole
1873 2701 2248 2767 oratorium
2301 2699 2703 2779 construxit,
2760 2699 2827 2768 in
2881 2700 3138 2770 beatis-

597 2787 756 2855 slmi
797 2787 972 2855 Petri
1020 2784 1318 2876 Apostoli
1368 2786 1697 2856 honorem
1739 2786 1908 2856 illud
1963 2786 2316 2856 dedicans,

686 2878 721 2960 ξ
768 2878 900 2963 1¹2.
955 2874 1075 2944 His
1121 2875 1213 2943 ita
1263 2875 1496 2964 gestis,
1539 2875 1607 2943 in
1649 2875 2102 2967 Thuringiam
2132 2875 2475 2964 profectus
2502 2889 2625 2956 est,
2657 2877 2945 2967 ejusque
2972 2898 3142 2969 gen-

598 2964 682 3029 tis
732 2962 1106 3052 Principe8‚
1155 2984 1410 3053 magna
1454 2985 1534 3033 ex
1585 2976 1774 3053 parte
1822 2985 1859 3033 a
1911 2964 2296 3034 Christiana
2347 2964 2676 3056 religione
2703 2965 3131 3047 deficienteS,

597 3050 939 3141 corrigere
989 3050 1275 3121 studuit.
1347 3055 1513 3122 Cum
1573 3053 1761 3121 enim
1809 3052 2115 3143 religiosi
2164 3053 2514 3143 Principes
2562 3053 2747 3144 apud
2799 3053 2954 3123 illos
3004 3055 3141 3123 im-

598 3160 837 3229 perare
884 3139 1270 3221 desiissent,
1311 3140 1518 3210 simul
1568 3140 1775 3210 etiam
1825 3140 2065 3232 religio
2100 3141 2418 3211 vacillare
2457 3142 2700 3233 coepit,
2735 3156 2801 3213 et
2846 3143 3139 3229 quidam

599 3225 1243 3317 pseudochristiani,
1294 3228 1748 3309 DorthwinuS,
1783 3230 2168 3307 Bertherus,
2205 3230 2758 3300 Eanberbertlius
2787 3245 2851 3301 et
2877 3236 3139 3301 Hume-

599 3316 754 3394 dus,
819 3316 1000 3407 apud
1053 3339 1169 3388 eos
1220 3317 1516 3407 hospitio
1582 3319 1861 3407 recepti,
1919 3318 2275 3388 haereseos
2336 3318 2476 3389 illis
2545 3333 2860 3390 auctores
2916 3319 3132 3390 fuere.

598 3409 908 3491 Cumque
955 3406 1089 3507 ipsi
1150 3406 1408 3496 impuri
1461 3418 1866 3476 scortatores
1914 3420 1980 3477 et
2025 3407 2321 3477 adulteri
2354 3409 2601 3498 ingens
2648 3409 2794 3478 viro
2842 3410 2959 3478 Dei
2993 3426 3140 3478 cer-

597 3506 825 3562 tamen
859 3506 1292 3574 excttassent‚
1349 3494 1435 3563 ab
1482 3493 1603 3562 illo
1642 3495 1913 3585 egregie
1943 3495 2298 3576 confutati,
2329 3497 2613 3597 dignam
2646 3496 2940 3567 retulere
2972 3519 3139 3567 suae

595 3582 913 3652 vesaniae
962 3583 1378 3662 mercedem,
1432 3584 2007 3653 excommunicati
2055 3598 2119 3654 et
2165 3584 2433 3674 expuls1
2482 3585 2569 3654 ab
2619 3585 2946 3656 Ecclesia.
3001 3591 3139 3654 Ma-

596 3670 803 3740 nabat
838 3672 1111 3742 interim
1166 3671 1368 3760 longe
1409 3669 1680 3758 lateque
1727 3671 1912 3741 sama
1952 3672 2483 3762 praedicationis
2522 3675 2697 3764 ejus,
2749 3686 2814 3743 et
2844 3674 3137 3743 creden-

595 3760 765 3828 tium
818 3781 1108 3830 numero
1159 3780 1449 3849 magnae
1496 3759 2223 3842 fiebantaccessiones‚
2259 3761 2514 3852 templa
2538 3762 3131 3844 instaurabantur,

593 3851 1010 3917 monasteria
1071 3847 1694 3918 construebantur:
1748 3859 1951 3936 atque
1989 3850 2061 3918 in
2112 3850 2199 3921 iis
2245 3850 2449 3920 etiam
2502 3850 2679 3920 illud
2740 3864 3135 3921 extructum

590 3949 691 4005 est
738 3936 921 4022 quod
953 3948 1054 4005 est
1102 3937 1171 4005 in
1226 3935 1515 4017 Ordorff,
1571 3937 1640 4005 in
1694 3936 2021 4007 honorem
2056 3939 2277 4009 sancti
2318 3938 2669 4010 Michaelis
2695 3939 3131 4030 Archangeli,

589 4037 1005 4124 congregata
1039 4023 1185 4093 illic
1234 4045 1588 4095 servorum
1625 4026 1741 4095 Dei
1789 4026 2236 4096 multitudine
2281 4028 2399 4116 qui
2452 4049 2693 4100 omnes
2747 4028 3137 4129 Apostolico

590 4133 779 4182 more
819 4124 1141 4193 viventeS‚
1199 4112 1552 4183 laboribus
1599 4114 1770 4196 suis,
1804 4136 1885 4184 ea
1930 4137 2107 4202 quae
2140 4115 2225 4184 ad
2276 4117 2535 4187 victum
2569 4129 2634 4187 et
2664 4129 2981 4187 vestitum
3014 4139 3136 4186 ne-

589 4200 888 4269 cessaria
920 4212 1106 4281 sunt,
1162 4199 1296 4270 sibi
1342 4203 1860 4293 comparabant.
1897 4204 2087 4286 Quod
2142 4216 2371 4274 autem
2408 4205 2477 4274 in
2532 4205 2860 4276 honorem
2914 4210 2981 4274 S.
3015 4206 3136 4275 Mi-

589 4288 849 4358 chaelis
896 4287 1068 4358 illud
1119 4289 1556 4360 aedificatum
1605 4291 1761 4374 suit,
1822 4292 1974 4382 ejus
2024 4293 2190 4363 haec
2237 4292 2412 4363 ratio
2459 4307 2593 4364 est:
2649 4298 2815 4364 Cum
2870 4294 2976 4363 vir
3015 4293 3134 4363 Dei

589 4377 661 4446 in
712 4377 1089 4469 Thuringia
1151 4390 1557 4473 versaretur,
1622 4380 2033 4471 praedicans
2079 4393 2144 4452 et
2190 4381 2575 4473 baptizans,
2627 4382 2817 4472 apud
2865 4381 3133 4453 flumen
