3357 4995
746 289 874 353 656
1439 236 1445 243 -
1520 307 1599 353 nn
1647 307 1704 354 s.
1758 304 1961 353 muto
2007 300 2324 351 APOSTOLO
2839 256 3057 353 JUNII
3102 286 3183 352 29

660 389 1033 480 gloriatur?
1100 394 1179 459 In
1248 390 1570 471 vinculiS,
1635 390 1706 460 in
1768 388 2278 462 afflictionibus,
2331 388 2402 456 in
2451 401 2715 469 catena,
2777 388 2848 457 in
2899 388 3183 480 stigma-

663 478 868 549 tibus.
914 500 951 547 «
992 478 1176 549 Vado
1221 479 1433 559 enim,
1497 479 1741 565 inquit,
1785 477 2203 568 lerosolyma
2235 476 2558 567 alligatus
2592 476 2867 566 spiritu,
2896 498 3073 563 quae
3115 477 3184 546 in

655 589 737 637 ea
783 578 1107 637 eventura
1158 567 1329 638 mihi
1376 580 1560 647 sunt,
1614 568 1969 658 ignorans,
2016 565 2149 635 nisi
2179 565 2364 652 quod
2413 565 2711 655 Spiritus
2745 569 3043 637 Sanctus
3073 587 3188 652 per

656 677 898 727 omnes
943 656 1251 726 civitates
1301 656 1473 729 mihi
1522 667 1970 747 protestatur,
2040 654 2280 725 dicens
2334 654 2517 740 quod
2566 653 2846 725 vincula
2901 668 2968 723 et
3017 654 3187 724 affli-

656 745 917 815 ctiones
943 743 1390 835 Jerosolymis
1422 766 1530 814 me
1557 757 1858 815 manent.
1879 768 1915 814 »
1945 748 2223 834 Propter
2254 743 2384 814 hoc
2416 764 2601 834 erg0,
2627 755 2705 812 ut
2737 743 3005 813 vinciar
3035 766 3189 834 pro-

659 845 808 923 pter
854 833 1222 916 Christum,
1273 846 1352 903 ut
1397 833 1650 903 moriar
1697 846 1976 924 propter
2021 833 2281 922 ipsum.
2335 837 2477 902 Non
2514 830 2737 901 solum
2800 831 2986 901 enim
3039 831 3190 902 alli-

705 922 833 999 ari‚
890 922 1010 993 sed
1057 922 1261 992 etiam
1316 922 1491 991 mori
1548 935 1831 1012 paratus
1892 944 2044 994 sum
2104 933 2381 1011 propter
2427 941 2677 991 nomen
2740 920 3014 990 Domini
3058 921 3189 990 mei

652 945 849 1081 ἔθευ.
925 1010 1103 1095 Quid
1165 1011 1292 1081 hoc
1352 1032 1514 1101 ergo
1560 1013 1702 1080 est?
1755 1015 1900 1081 Non
1960 1009 2310 1080 erubescis
2340 1063 2356 1091 ,
2427 1031 2560 1078 non
2621 1009 2873 1078 vereris
2950 1009 3185 1083 orbem

655 1110 874 1169 terrae
940 1100 1253 1189 captivus
1304 1098 1599 1169 obiens?
1640 1121 1777 1170 non
1825 1099 2025 1169 times
2073 1120 2159 1167 ne
2190 1098 2350 1186 quis
2398 1103 2607 1168 Deum
2661 1109 2854 1174 tuum
2905 1096 3190 1168 damnet

654 1187 1185 1259 imbecillitatis?
1226 1210 1309 1257 ne
1332 1187 1489 1275 quis
1518 1203 1868 1277 propterea
1923 1210 2057 1259 non
2091 1187 2414 1257 accedat?
2439 1192 2584 1257 Non
2638 1185 2799 1255 talia
2849 1198 3036 1268 sunt,
3086 1188 3190 1257 in-

653 1276 844 1363 quit,
902 1299 1050 1346 mea
1084 1275 1394 1347 vincula:
1432 1277 1686 1356 sciunt,
1735 1276 1981 1363 inquit,
2036 1276 2472 1366 resplendere
2521 1274 2622 1344 vel
2673 1275 2742 1344 in
2795 1277 3050 1366 regnis.
3109 1281 3190 1346 Ut

656 1365 933 1435 vincula
983 1387 1157 1444 mea,
1197 1364 1444 1452 inquit,
1500 1364 1863 1435 manifesta
1890 1364 2132 1435 fierent
2158 1365 2226 1434 in
2262 1363 2851 1444 omni—Praetorio,
2884 1376 2950 1433 et
2982 1364 3189 1434 multi

657 1475 737 1523 ex
784 1454 1114 1524 fratribus
1145 1454 1213 1522 in
1250 1453 1558 1535 Domino,
1623 1453 1865 1525 confisi
1919 1453 2089 1523 meis
2140 1452 2458 1535 vinculis,
2499 1452 2717 1523 multo
2768 1452 2984 1543 magis
3032 1453 3190 1522 sine

655 1556 840 1613 metu
888 1542 1221 1613 auderent
1255 1541 1538 1612 verbum
1571 1543 1685 1613 Dei
1731 1542 1941 1629 loqui.

740 1633 777 1719 ὃ
828 1636 978 1704 ²4.
1032 1630 1232 1701 Vides
1283 1629 1716 1701 vinculorum
1770 1630 2099 1719 majorem
2153 1630 2551 1720 potentiam,
2615 1650 2827 1716 quam
2880 1642 3195 1699 mortuo-

653 1741 809 1789 rum
855 1719 1422 1791 resurrectionis?
1451 1720 1734 1790 Vinctus
1773 1719 1901 1790 fuit
1928 1724 2182 1790 Romae
2204 1731 2270 1788 et
2304 1718 2538 1809 plures
2562 1717 2858 1788 attraxit.
2902 1718 3189 1789 Vinctus

650 1808 781 1878 fuit
824 1808 1273 1899 Jerosolymis
1306 1863 1322 1890 ,
1372 1820 1439 1879 et
1499 1809 1769 1879 vinctus
1814 1809 2236 1878 concionans
2285 1812 2534 1898 Regem
2589 1805 3065 1907 obstupefecit,
3123 1820 3189 1878 et

651 1896 1040 1967 Praesidem
1074 1910 1260 1967 metu
1291 1896 1539 1968 affecit.
1594 1903 1773 1968 Metu
1818 1898 2003 1967 enim
2038 1897 2323 1967 affectus
2370 1917 2530 1966 eum
2579 1894 2870 1965 dimisit.
2903 1896 3191 1966 Vinctus

652 1984 1018 2075 navigavit,
1052 1998 1120 2055 et
1165 1985 1606 2086 naufragium
1660 1985 2034 2076 prohibuit,
2072 1998 2137 2055 et
2182 1984 2443 2054 sedavit
2477 1995 2974 2074 tempestatem.
3013 1989 3182 2055 Cum

651 2086 826 2143 esset
866 2075 1010 2165 ipse
1057 2075 1127 2143 in
1178 2073 1499 2155 vinculis,
1539 2073 1710 2144 illud
1746 2086 2150 2144 venenatum
2188 2096 2347 2144 eum
2399 2073 2616 2163 tetigit
2674 2072 2958 2153 animal,
3003 2087 3069 2142 et
3102 2096 3183 2143 eo

652 2161 890 2233 illaeso
927 2163 1195 2233 cecidit.
1232 2162 1397 2233 Vide
1428 2174 1655 2232 autem
1707 2162 1836 2232 hoc
1877 2162 2134 2248 ubique
2166 2162 2337 2231 fieri.
2392 2167 2561 2233 Nam
2610 2184 2769 2231 cum
2825 2160 3083 2232 multas
3116 2162 3181 2232 ei

656 2250 896 2341 plagas
943 2251 1458 2342 imposuissent,
1519 2263 1585 2322 et
1628 2263 1807 2323 esset
1855 2251 2146 2332 vinctus,
2195 2250 2402 2338 idque
2443 2272 2685 2321 rursus
2721 2248 2944 2320 valide
2991 2255 3185 2336 (eum

651 2340 835 2410 enim
896 2339 964 2410 in
1027 2340 1414 2410 interiorem
1455 2340 1888 2431 conjecerant
1939 2338 2358 2428 custodiam)
2389 2339 2489 2408 vel
2527 2339 2596 2408 in
2628 2338 2738 2408 his
2773 2351 2937 2409 tunc
2986 2337 3188 2408 valde

651 2450 964 2510 securus»,
1019 2427 1246 2499 media
1303 2441 1516 2509 nocte,
1568 2429 1847 2516 quando
1896 2428 2089 2499 valde
2147 2428 2418 2499 remissi
2465 2426 2841 2508 dormiunt,
2893 2428 3188 2499 canebat

653 2530 719 2588 et
744 2522 953 2587 Deum
992 2516 1341 2588 laudabat.
1396 2517 1571 2600 Quid
1623 2517 1754 2588 hac
1798 2519 2033 2588 anima
2078 2539 2227 2589 esse
2270 2517 2482 2608 possit
2531 2517 2752 2607 magis
2801 2515 3189 2588 adamanti-

656 2606 1253 2696 numYCogitabat
1297 2605 1481 2675 enim
1529 2629 1778 2696 pueros
1825 2627 2097 2695 quoque
2131 2606 2198 2675 in
2235 2607 2394 2697 igne
2439 2605 2771 2676 cecinisse
2818 2618 2885 2675 et
2932 2606 3005 2675 in
3053 2604 3183 2677 for·

651 2715 845 2765 nace.
890 2700 1082 2766 Forte
1128 2695 1313 2764 enim
1351 2693 1928 2766 ratiocinabatur:
1981 2700 2119 2786 Ego
2167 2694 2342 2764 nihil
2395 2695 2525 2765 tale
2574 2715 2822 2786 passus
2869 2717 3054 2764 sum.

737 2786 775 2942 ?
828 2787 983 2856 25.
1038 2782 1167 2855 Sed
1208 2795 1386 2853 recte
1432 2782 1690 2856 faciens
1735 2784 1974 2867 oratio,
2014 2804 2120 2853 me
2167 2783 2251 2853 ad
2286 2783 2424 2853 alia
2472 2804 2715 2854 rursus
2759 2781 2996 2854 eduxit
3035 2784 3182 2852 vin-

648 2893 739 2942 cu
769 2895 834 2953 a,
888 2883 953 2941 et
1007 2871 1226 2943 alium
1274 2894 1643 2943 carcerem.
1701 2872 1880 2955 Quid
1919 2875 2167 2963 agam?
2196 2872 2358 2943 Volo
2407 2885 2650 2951 tacere,
2697 2870 2815 2942 sed
2852 2894 2985 2942 non
3023 2892 3181 2962 pos-

650 2982 835 3031 sum.
871 2961 1106 3031 Inveni
1157 2959 1447 3031 alterum
1480 2983 1852 3043 carcerem,
1883 2960 2002 3031 illo
2037 2960 2254 3032 multo
2281 2959 2802 3030 mirabiliorem.
2842 2960 2969 3032 Sed
2993 2980 3186 3030 nunc

649 3051 937 3122 arrectis
985 3049 1157 3119 mihi
1204 3049 1435 3120 adeste
1479 3050 1760 3130 animiS,
1846 3049 2084 3119 erinde
2129 3072 2210 3120 ac
2250 3051 2309 3121 si
2345 3072 2531 3120 nunc
2561 3048 2699 3118 inci
2756 3048 2895 3119 iam
2929 3049 3186 3119 oratio-

651 3159 836 3218 nem,
903 3150 1338 3226 mentemque
1382 3136 1700 3209 adhibete
1746 3161 1783 3208 a
1816 3160 2044 3208 acrem
2099 3151 2165 3208 et
2223 3151 2549 3229 vegetam.
2608 3142 2698 3206 Vo
2728 3160 2769 3208 o
2801 3138 3181 3209 orationem

647 3225 1086 3316 abrumpere,
1122 3249 1203 3297 ea
1232 3238 1458 3298 autem
1513 3248 1645 3297 non
1701 3226 2053 3317 permittit.
2090 3233 2233 3298 Non
2290 3249 2571 3316 possum
2612 3226 2989 3313 quiescere,
3038 3248 3177 3295 non

649 3335 957 3405 possum.
986 3327 1248 3386 tacere:
1296 3314 1515 3386 multa
1564 3338 1670 3384 me
1703 3316 2223 3386 circumfluunt.
2258 3316 2496 3386 Nescio
2534 3314 2701 3402 quid
2735 3318 3033 3407 primum
3065 3314 3180 3382 di-

652 3424 831 3483 cam,
865 3403 1031 3490 quid
1084 3403 1490 3475 secundum.
1544 3405 2001 3487 Quamobrem
2063 3427 2246 3496 rogo,
2304 3427 2388 3475 ne
2441 3405 2598 3492 quis
2637 3428 2678 3474 a
2728 3427 2836 3475 me
2882 3404 3188 3492 postulet

649 3490 989 3562 ordinem.
1026 3497 1271 3584 Magna
1298 3505 1401 3563 est
1439 3514 1668 3564 rerum
1719 3494 2062 3584 cognatio.
2114 3498 2343 3584 Longa
2391 3493 2522 3564 fuit
2560 3493 2752 3564 Pauli
2798 3506 3058 3574 catena,
3116 3506 3188 3562 et

649 3580 775 3651 diu
806 3601 930 3650 nos
967 3580 1283 3653 detinuit.

737 3676 777 3751 5
827 3674 990 3742 86.
1044 3670 1173 3742 Sed
1210 3692 1343 3740 non
1388 3681 1746 3773 propterea
1784 3671 2042 3741 tacebo.
2084 3671 2151 3741 Si
2184 3671 2369 3741 enim
2419 3672 2568 3761 ipse
2620 3673 2688 3741 in
2739 3693 3014 3742 carcere
3043 3692 3190 3740 non

642 3756 858 3828 tacuit
890 3759 1116 3830 necin
1150 3758 1466 3852 flageIhS,
1501 3781 1626 3851 ego
1671 3758 1885 3830 silebo
1932 3759 2201 3842 sedenS,
2235 3782 2397 3829 cum
2441 3761 2590 3830 dies
2619 3762 2731 3842 sit,
2784 3774 2849 3830 et
2890 3760 3193 3845 loquens

643 3846 714 3916 in
751 3868 1005 3938 magna
1041 3848 1259 3919 animi
1282 3848 1510 3937 quiete
1546 3861 1611 3918 et
1637 3848 2099 3919 relaxatione?
2139 3854 2215 3919 Et
2252 3850 2598 3937 quomodo
2623 3850 2751 3918 hoc
2784 3848 2987 3917 suerit
3019 3871 3196 3918 con-

642 3940 1090 4007 sentaneum?
1137 3937 1306 4021 Quis
1350 3938 1535 4008 enim
1572 3959 1708 4007 non
1749 3948 2041 4028 stupeat,
2128 3938 2237 4007 uis
2287 3960 2424 4009 non
2462 3939 2861 4020 admiretur,
2916 3935 3022 4005 vel
3059 3960 3190 4028 po-

644 4024 808 4104 tius,
860 4024 1020 4113 quis
1069 4047 1193 4116 pro
1248 4024 1582 4119 dignitate
1627 4039 1900 4116 stupeat
1943 4038 2010 4096 et
2041 3959 2446 4108 admiretur,
2502 4025 2800 4098 nobilem
2854 4024 3074 4106 illam,
3122 4041 3194 4096 et

643 4113 1127 4205 magnitudine
1171 4115 1361 4186 coelo
1396 4137 1626 4205 parem
1686 4114 1876 4186 Pauli
1924 4115 2260 4196 animam,
2312 4115 2496 4203 quod
2534 4115 2799 4183 vinctus
2846 4126 2911 4182 et
2954 4114 3190 4185 inclu-

639 4224 785 4284 sus»,
826 4214 895 4273 et
921 4212 1108 4274 tanto
1155 4202 1511 4275 intervallo
1550 4203 1967 4294 disjunctuS,
2008 4204 2394 4296 scripsitad
2416 4202 2945 4292 Philippenses?
2974 4203 3186 4274 Scitis

642 4289 829 4360 enim
862 4345 878 4372 ,
938 4304 1273 4379 quantum
1325 4293 1412 4365 sit
1457 4292 1759 4384 spatium
1810 4293 1988 4363 inter
2035 4298 2322 4365 Romam
2369 4306 2435 4364 et
2495 4290 2991 4362 Macedoniam.
3044 4294 3182 4362 Sed

640 4399 863 4467 neque
894 4379 1040 4452 viae
1067 4380 1448 4473 longitudo,
1488 4403 1708 4470 neque
1750 4383 2077 4473 temporis
2114 4382 2554 4462 diuturnitaS‚
2587 4402 2811 4470 neque
2863 4381 3186 4453 molestia
