3357 4995
742 310 825 375 74
1208 324 1549 374 TRANSLAT.
1603 326 1696 374 ss.
1750 327 1864 374 mr.
1919 327 2102 375 rmm
2147 328 2223 375 Er
2270 326 2647 379 maenum
2886 310 3091 377 JUNII
3132 311 3166 375 2

653 408 740 479 ad
789 405 1323 500 ingrediendum
1372 427 1499 477 nos
1547 407 1969 486 morabatur.
2009 412 2314 496 Cumque
2346 421 2500 499 post
2534 422 2801 500 tergum
2842 410 2987 499 ejus
3020 430 3168 478 con-

655 497 900 577 stituti,
956 497 1145 566 illam
1196 496 1466 586 pigram
1509 496 2009 586 promotionem
2046 497 2651 587 praestolaremur,
2706 510 2888 570 tanta
2925 497 3166 567 suavis-

656 586 815 656 simi
864 585 1095 657 odoris
1142 584 1520 675 fragrantia
1566 584 1652 653 de
1700 583 1987 656 basilica
2055 586 2434 675 procedens
2482 608 2686 657 nares
2733 599 2995 657 nostras
3053 585 3169 655 im-

659 674 890 765 plevit,
946 687 1023 744 ut
1068 674 1387 743 omnium
1422 685 1808 743 aromatum
1838 694 1915 743 ac
1945 673 2477 763 thymiamatum
2512 676 2951 746 artificiosam
3001 695 3166 743 com-

653 763 1063 854 positionem
1094 784 1293 832 suam
1331 762 1753 851 praestantia
1791 776 2172 853 superaret.
2201 764 2490 834 Intravit
2532 765 2834 847 tandem,
2865 777 2928 835 et
2958 784 3166 835 coram

656 852 858 923 nobis
874 853 1074 943 juxta
1106 850 1451 921 cancellos
1471 852 1672 938 quasi
1700 850 1784 919 ad
1812 851 2300 922 dormiendum
2337 853 2732 944 procubuit:
2770 874 2894 923 nos
2916 872 3168 941 quoquc
3273 932 3274 937 η

653 941 1018 1011 basilicam
1051 940 1373 1030 ingressi,
1416 939 1669 1010 nostris
1708 938 1880 1009 locis
1927 942 2388 1022 constitimus,
2444 964 2523 1011 ac
2572 942 2784 1012 simul
2831 963 2987 1012 cum
3032 939 3169 1011 aliis

656 1029 1003 1119 psalmOS,
1078 1029 1227 1115 qui·
1268 1027 1722 1108 dicebantur,
1792 1028 2084 1098 solemni
2151 1051 2340 1099 more
2404 1031 2861 1101 cantavimus.
2928 1034 2999 1099 At
3060 1027 3170 1099 ubi

655 1119 884 1209 prima
934 1118 1130 1187 lectio
1181 1118 1452 1186 recitari
1505 1129 1745 1207 coepta
1792 1129 1916 1200 est,
1977 1118 2378 1189 audivimus
2424 1118 2745 1189 eumdem
2798 1141 3023 1191 senem
3071 1138 3171 1209 ge-

656 1229 866 1287 mere,
915 1218 980 1276 et
1025 1206 1227 1293 quasi
1273 1206 1395 1293 qui
1434 1206 1571 1274 vim
1616 1217 1982 1295 pateretur,
2022 1207 2364 1278 auxilium
2411 1206 2809 1299 implorare,
2839 1231 2919 1278 ac
2943 1205 3170 1276 deinde

588 1328 597 1341 ν
656 1297 1011 1386 interJecto
1067 1294 1259 1384 parvi
1308 1294 1635 1386 temporis
1685 1295 1930 1384 spatio,
1986 1296 2289 1365 vidimus
2335 1297 2405 1364 in
2461 1302 2728 1367 sessum
2779 1319 2853 1369 se
2895 1296 3165 1387 erigere,

658 1407 738 1455 ac
796 1384 1112 1474 protinus
1169 1382 1438 1453 baculis
1499 1382 1755 1471 quibus
1804 1384 2154 1455 incessum
2205 1406 2438 1475 regere
2485 1384 2747 1456 solebat
2790 1383 3168 1475 assumptiS,

657 1473 863 1557 etiam
914 1473 985 1540 in
1036 1472 1247 1562 pedes
1299 1471 1710 1542 constitisse.
1771 1477 1847 1540 Et
1895 1494 2021 1541 nos
2083 1472 2364 1560 quidem
2433 1473 2601 1544 haec
2657 1474 2992 1545 vidimus:
3042 1474 3058 1541 i
3110 1491 3171 1541 se

657 1558 887 1631 autem
922 1559 1262 1631 fatebatur
1308 1560 1441 1629 sibi
1490 1560 1713 1629 visum
1765 1560 2002 1641 fuisse,
2055 1562 2239 1649 quod
2290 1584 2362 1632 se
2413 1563 2760 1653 jacentem
2809 1562 3006 1651 quasi
3095 1580 3171 1630 uo

656 1649 937 1738 quidem
1004 1647 1656 1741 apprehendissent,
1712 1670 1899 1719 unus
1960 1671 2085 1739 pro
2147 1651 2474 1721 humeros
2535 1664 2600 1721 et
2646 1652 2969 1731 brachia,
3022 1649 3170 1719 alter

655 1760 780 1829 per
827 1758 1032 1808 crura
1079 1752 1143 1809 et
1192 1737 1433 1828 pedes,
1504 1758 1584 1806 ac
1631 1736 1732 1806 sic
1780 1737 2150 1818 trahend0,
2209 1761 2451 1810 nervos
2501 1760 2663 1809 suos
2710 1742 2833 1828 qui
2861 1738 3166 1811 contracti

654 1841 849 1897 erant
893 1827 1375 1898 extendissent.
1431 1831 1509 1895 Et
1565 1826 1730 1912 quia
1780 1839 2047 1916 praeter
2093 1827 2223 1898 hoc
2270 1829 2763 1899 contractionis
2815 1830 3168 1899 incommo-

658 1916 825 1986 dum
876 1916 1080 1985 etiam
1132 1915 1427 1985 surdum
1475 1935 1547 1983 se
1612 1913 1827 1985 fuisse
1874 1916 2242 1996 asserebat,
2318 1916 2485 1986 dixit
2532 1917 2664 1986 sibi
2727 1940 2888 1987 cum
2937 1920 3005 1988 in
3052 1936 3171 1985 ses-

656 2026 813 2076 sum
862 2004 1104 2073 fuisset
1150 2016 1440 2085 erectus,
1495 2002 1680 2073 velut
1728 2004 1938 2073 ictum
1992 2006 2214 2095 pugni
2261 2005 2688 2076 validissime
2761 2006 3057 2077 ferientis
3110 2004 3170 2072 in

656 2106 869 2183 caput
915 2093 1417 2183 supervenisse,
1452 2113 1825 2179 vocemque
1874 2093 2087 2163 simul
2135 2106 2212 2164 ut
2258 2094 2329 2163 in
2389 2086 2701 2165 futurum
2739 2095 3009 2167 audiret
3057 2094 3170 2163 im-

655 2182 963 2272 perantis
1010 2181 1311 2252 audisse.
1366 2181 1489 2251 Hic
1539 2202 1744 2250 senex
1771 2182 1899 2250 hoc
1937 2181 2138 2252 modo
2187 2194 2493 2263 sanatus,
2536 2182 2620 2252 de
2652 2205 2831 2275 pago
2865 2182 3171 2255 Helvetio-

652 2292 809 2340 rum
861 2271 982 2358 qui
1023 2292 1212 2340 nunc
1257 2270 1636 2360 Aragaovin
1689 2282 1991 2351 vocatur,
2027 2286 2099 2340 se
2129 2272 2518 2353 venisse‚-et
2543 2273 2825 2343 natione
2871 2273 3167 2343 Alaman-

656 2380 824 2429 num
876 2381 1025 2429 esse
1075 2371 1358 2429 testatus
1404 2370 1527 2430 est.

741 2456 779 2530 ἓ
828 2451 905 2520 ’2.
958 2453 1089 2519 Nec
1135 2447 1353 2519 multo
1403 2458 1578 2538 post,
1631 2467 1792 2518 cum
1849 2470 1976 2538 ego
2037 2469 2272 2521 mense
2335 2449 2740 2520 Novembrio
2807 2448 3169 2523 secundum

651 2538 1222 2608 consuetudinem
1274 2539 1345 2606 in
1399 2535 1651 2627 palatio
1701 2537 2176 2626 hyematurus,
2230 2537 2312 2607 ad
2367 2538 2772 2609 comitatum
2822 2540 2922 2610 ire
2959 2538 3174 2627 dispo-

650 2648 909 2706 nerem,
954 2627 1243 2726 ‚jamque
1271 2627 1400 2696 iter
1428 2625 1809 2725 ingressus,
1865 2627 2271 2698 transmisso
2322 2627 2611 2698 flumine
2659 2627 2926 2710 Rheno,
2964 2628 3032 2697 in
3062 2623 3172 2693 vil-

651 2714 787 2784 lam
840 2737 1135 2805 regiam,
1188 2714 1301 2785 cui
1354 2714 1714 2804 sinciacus
1782 2714 2192 2786 vocabulum
2260 2730 2384 2798 est,
2452 2716 2536 2786 ad
2603 2717 3032 2788 manendum
3077 2734 3174 2783 ve·

649 2805 896 2882 nii-em,
937 2816 1002 2872 et
1038 2815 1191 2903 post
1238 2824 1550 2884 coenam,
1602 2824 1780 2890 quae
1819 2803 2123 2891 aliquam
2159 2806 2378 2875 noctis
2413 2817 2676 2895 partem
2713 2811 3173 2898 occupaverat,

648 2892 720 2960 in
753 2892 1063 2962 cubiculi
1090 2905 1455 2972 secretum,
1482 2891 1615 2961 =ubi
1645 2892 2009 2979 quieturus
2055 2903 2268 2974 eram,
2307 2915 2469 2965 cum
2520 2892 2987 2965 familiaribus
3024 2890 3175 2962 meis

652 3001 762 3049 me
810 2981 1248 3070 recepissem,
1285 2981 1601 3050 minister
1628 2981 1758 3067 qui
1780 2992 2016 3071 potum
2050 2982 2251 3052 nobis
2279 2982 2629 3073 porrigere
2668 2982 2955 3065 solebat,
2996 2977 3178 3068 quasi

650 3070 804 3138 novi
840 3067 1104 3156 aliquid
1140 3069 1586 3139 nuntiaturus
1634 3068 2037 3139 festinanter
2076 3071 2374 3141 intravit.
2416 3076 2630 3154 Quem
2680 3093 2808 3161 ego
2858 3071 3167 3142 intuitus:

650 3157 836 3238 Quid
890 3169 984 3236 tu,
1041 3158 1348 3245 inquam,
1388 3179 1670 3227 narrare
1701 3158 1843 3226 vis?
1875 3163 2042 3227 Nam
2092 3172 2168 3230 ut
2217 3159 2435 3240 video,
2474 3159 2688 3229 habes
2718 3161 2953 3231 nescio
2983 3156 3170 3247 quid,

646 3244 829 3331 quod
882 3245 967 3315 ad
1017 3259 1325 3316 nostram
1356 3247 1458 3317 vis
1507 3246 1809 3335 perferre
1859 3247 2194 3316 notitiam.
2240 3254 2409 3317 Tum
2459 3247 2600 3328 ille,
2657 3248 2713 3317 si
2771 3270 2884 3326 na,
2939 3245 3174 3335 inquit,

648 3333 787 3403 duo
846 3355 1077 3404 coram
1150 3335 1349 3405 nobis
1411 3334 1614 3404 modo
1676 3333 1857 3404 facta
1902 3348 2105 3417 sunt,
2169 3358 2347 3423 quae
2393 3336 2586 3406 vobis
2652 3271 2964 3409 inffiicare
3009 3333 3171 3405 veni.

652 3426 1163 3509 Cumque.eum
1215 3423 1548 3512 quicquid
1598 3422 1799 3493 vellet
1846 3422 2072 3494 dicere
2108 3424 2511 3514 jussissem:
2569 3425 2788 3508 Modo,
2861 3427 2978 3508 ait,
3029 3440 3175 3520 cuin

645 3510 731 3579 de
777 3532 990 3581 coena
1021 3525 1381 3602 surgentes
1430 3513 1558 3582 hoc
1605 3511 2013 3582 cubiculum
2066 3513 2397 3595 intrastis,
2435 3534 2561 3604 ego
2589 3537 2752 3584 cum
2784 3516 2991 3586 sociis
3017 3530 3176 3607 mels

644 3598 974 3671 descendi
1024 3603 1092 3669 in
1144 3600 1529 3680 cellarium,
1585 3601 1770 3687 quod
1821 3601 1985 3671 huic
2033 3602 2408 3672 coenaculo
2457 3603 2847 3693 subjectum
2889 3616 3011 3674 est.
3060 3598 3176 3669 Ubi

643 3709 803 3758 cum
855 3690 1215 3759 cervisiam
1261 3689 1600 3760 ministris
1636 3691 2027 3779 petentibus
2064 3691 2478 3762 distribuere
2522 3691 3017 3782 coepissemuS,
3070 3708 3178 3759 su·

641 3778 952 3865 pervenit
1002 3788 1175 3867 puer
1209 3777 1464 3846 missus
1494 3799 1533 3846 a
1566 3777 1865 3864 quodam
1899 3800 2226 3850 conservo
2267 3793 2499 3851 nostro
2540 3780 2913 3850 flasconem
2936 3779 3172 3853 serens,

639 3887 844 3952 quem
897 3865 1029 3936 sibi
1079 3865 1353 3957 impleri
1403 3866 1777 3956 flagitabat.
1835 3869 1965 3950 Qui
2012 3890 2173 3938 cum
2221 3882 2399 3939 esset
2446 3868 2796 3959 impletus,
2858 3867 3051 3959 petiit
3109 3873 3181 3933 ut

640 3954 847 4023 etiam
909 3953 1040 4023 sibi
1089 3954 1173 4022 de
1220 3953 1460 4024 eadem
1517 3957 1808 4028 cervisia
1869 3957 2594 4044 quantulumcumque
2654 3957 2938 4028 daretur
2992 3953 3177 4025 adhi-

638 4041 975 4112 bendum.
1036 4047 1277 4112 Datum
1327 4056 1430 4112 est
1478 4043 1545 4112 in
1599 4066 1777 4126 vase,
1891 4045 2030 4116 uod
2075 4066 2247 4115 casu
2296 4068 2594 4117 vacuum
2644 4068 2854 4134 supra
2899 4061 3175 4138 cupamg

638 4130 713 4198 in
764 4152 904 4217 qua
950 4131 1240 4202 cervisia
1286 4142 1454 4212 erat,
1494 4135 1798 4223 positum
1876 4146 2092 4204 uerat.
2149 4133 2276 4204 Sed
2326 4134 2449 4205 ubi
2497 4135 2626 4205 hoc
2675 4134 3055 4205 hausturus
3081 4149 3178 4198 ori

641 4219 970 4298 admovit,
1007 4242 1167 4290 cum
1205 4220 1466 4310 ingenti
1497 4221 1956 4293 admiratione
1989 4223 2230 4293 vinum
2253 4222 2406 4304 hoc,
2444 4245 2580 4293 non
2612 4224 3001 4304 cervisiam,
3036 4236 3178 4316 esse

643 4306 989 4377 clamavit.
1047 4313 1354 4397 Cumque
1405 4331 1565 4381 eum
1615 4311 1698 4392 is,
1763 4311 1887 4399 qui
1939 4324 2004 4381 et
2052 4311 2425 4382 flasconem
2480 4311 2905 4403 impleverat,
2958 4321 3023 4380 et
3053 4305 3182 4405 id13

645 4417 877 4487 psum,
909 4397 1091 4485 quod
1123 4397 1222 4468 illi
1256 4397 1495 4470 datum
1526 4399 1677 4482 suit,
1732 4400 1818 4478 de
1849 4400 2088 4470 eodem
2124 4399 2460 4470 foramine
2499 4412 2813 4483 traxerat,
2845 4396 3181 4470 mendacii
