3357 4995
188 328 376 395 JUNII
422 331 461 394 6
859 348 937 394 nn
985 347 1041 394 s.
1087 346 1366 395 aninmo
1413 345 1611 395 anso.
1668 344 2004 393 msunrmo
2500 327 2623 393 443

197 432 417 501 sanctis
462 430 795 521 operibus
842 430 1040 501 valde
1087 430 1385 522 addicto,
1427 431 1522 501 ita
1553 442 1629 500 ut
1676 428 1955 499 nullum
1989 427 2172 497 diem
2207 428 2468 516 absque
2501 429 2718 500 bono-

198 531 331 589 rum
375 541 666 610 operum
709 519 938 589 studio
994 520 1410 620 praeterlabi
1446 531 1817 610 pateretur.
1856 517 1998 586 Etsi
2047 530 2277 616 autem
2313 528 2528 587 aetate
2576 533 2721 590 erat

203 607 450 688 menis,
506 619 807 677 attamen
859 608 1035 677 nihil
1087 609 1157 677 in
1208 609 1360 698 ejus
1419 606 1735 678 moribus
1783 618 1903 675 aut
1935 603 2133 676 factis
2182 606 2445 695 puerile
2479 628 2720 677 cerne-

235 709 385 765 atur.
438 701 831 783 Numquam
867 696 985 767 ille
1015 682 1287 767 choreis
1321 719 1394 767 se
1442 695 1842 775 admiscuit,
1898 714 2286 781 numquam
2336 695 2718 768 mundanis

194 784 470 854 interfuit
518 784 972 877 spectaculis:
1042 786 1161 855 sed
1235 784 1641 855 hominibus
1705 783 2049 874 religiosis
2097 795 2163 852 et
2209 782 2518 854 honestis
2569 806 2716 856 sese

191 872 572 965 adjungens,
627 873 712 944 de
753 874 1083 944 virtutum
1124 874 1379 944 studiis
1406 886 1473 943 et
1501 871 1845 943 exercitiis
1893 870 2135 941 suavia
2192 892 2351 940 cum
2398 871 2537 942 illis
2590 874 2719 943 mi-

187 961 388 1032 scebat
437 961 806 1049 colloquia.
850 963 1066 1033 Verba
1095 976 1324 1033 autem
1378 962 1570 1033 illius
1615 960 1996 1052 sapientiae
2054 958 2198 1030 sale
2246 959 2554 1059 condita,
2592 984 2715 1032 us-

184 1049 463 1135 queadeo
532 1051 782 1121 rationi
830 1064 1292 1122 consentanea
1339 1063 1406 1122 et
1454 1063 1648 1142 grata
1711 1049 1903 1120 fuere
1933 1103 1948 1129 ,
1995 1060 2071 1117 ut
2118 1069 2436 1119 omnium
2505 1050 2573 1119 in
2643 1072 2718 1120 se

181 1139 385 1209 studia
444 1150 513 1210 et
558 1139 843 1210 affectus
879 1153 1298 1230 provocaret.
1338 1146 1551 1227 Atque
1599 1139 1694 1208 ita
1733 1138 1963 1218 fiebat,
2000 1149 2078 1207 ut
2115 1137 2324 1207 etiarn
2386 1137 2517 1206 viri
2559 1161 2712 1229 pro·

177 1240 381 1299 vectae
429 1227 673 1297 aetatis
719 1240 784 1298 et
830 1228 1173 1319 sapientes
1232 1250 1369 1298 non
1412 1227 1850 1298 mediocriter
1900 1226 2103 1295 illum
2163 1231 2503 1306 amarent,
2559 1239 2713 1296 tan²

173 1336 360 1401 quam
413 1337 712 1408 puerum
753 1330 1071 1387 sanctum
1105 1331 1171 1388 et
1205 1318 1536 1388 virtutum
1577 1315 2012 1386 studiosum:
2048 1313 2172 1384 alii
2205 1325 2282 1384 ut
2329 1315 2705 1396 affabilem,

172 1424 415 1475 comem
439 1417 512 1475 at
562 1427 649 1475 ue
681 1406 1089 1495 prudentem
1124 1418 1638 1476 venerarentur.
1672 1404 2004 1475 Homines
2032 1402 2389 1493 improbos
2419 1416 2486 1473 et
2511 1426 2708 1474 scur-

175 1491 393 1563 rilitati
431 1494 518 1563 de
573 1494 705 1564 itos
731 1516 1089 1595 respuenS,
1129 1495 1408 1565 illorum
1444 1494 1794 1564 consortia
1825 1490 2051 1562 modis
2080 1491 2409 1562 omnibus
2447 1492 2708 1563 devita-

176 1581 294 1651 bat.
326 1583 809 1653 Foeminarum
832 1584 1371 1672 juvencularum
1401 1582 1571 1653 adeo
1601 1581 2000 1651 declinabat
2023 1579 2395 1669 colloquia,
2424 1593 2499 1651 ut
2525 1603 2711 1652 nun-

173 1689 360 1755 quam
412 1672 565 1740 sine
611 1692 824 1741 causa
857 1672 1251 1742 rationabili
1285 1672 1425 1742 illis
1473 1671 1663 1758 loqui
1715 1670 2044 1741 voluerit:
2102 1690 2226 1739 nec
2283 1691 2595 1756 unquam
2637 1671 2707 1740 in

173 1778 239 1826 eo
265 1758 740 1850 deprehensus
787 1759 915 1831 fuit
946 1761 1479 1848 qualiscumque
1518 1781 1745 1830 sermo
1807 1757 1906 1828 vel
1956 1779 2133 1848 opus
2171 1758 2537 1840 nefarium,
2574 1781 2709 1830 non

173 1846 336 1917 risus
371 1848 805 1927 inhonestus,
852 1871 989 1919 non
1040 1849 1185 1919 ulla
1214 1849 1435 1919 animi
1469 1848 1709 1919 levitas
1757 1860 1877 1917 aut
1915 1845 2304 1917 dissolutio.
2350 1851 2517 1917 Ante
2565 1870 2712 1918 om-

172 1934 270 2004 nia
301 1948 532 2006 autem
571 1936 825 2028 templa
865 1937 1366 2025 frequentabat,
1402 1936 1781 2007 Dominicis
1821 1934 2226 2026 praesertim
2253 1949 2318 2006 et
2348 1934 2538 2005 festis
2564 1936 2712 2006 die-

173 2021 288 2093 bus
322 2025 564 2096 Missas
589 2038 655 2095 et
684 2047 921 2115 preces
949 2027 1329 2097 Canonicas
1368 2026 1512 2095 sive
1538 2024 1876 2105 horarias,
1914 2045 2409 2111 sermonesque
2434 2023 2709 2096 divinos

172 2132 435 2183 summa
461 2114 682 2184 animi
718 2114 1075 2186 devotione
1122 2115 1581 2185 auscultabat.
2295 2173 2326 2206 0

246 2202 282 2287 ξ
330 2206 417 2272 2.
472 2207 827 2273 Crescente
880 2226 1033 2273 vero
1083 2202 1266 2273 fama
1303 2204 1686 2274 sanctitatis
1710 2203 1885 2291 ejus,
1925 2224 2087 2272 cum
2106 2201 2255 2290 jam
2295 2200 2702 2272 vicesimum

172 2291 396 2361 aetatis
442 2290 781 2391 attigisset
837 2314 1129 2368 annum,
1174 2303 1565 2381 contempta
1626 2290 1874 2360 militia
1927 2289 2247 2369 seculari,
2302 2290 2708 2360 Bisuntinae

170 2397 281 2446 seu
315 2381 892 2462 vesontionensis,
931 2380 1095 2472 gall.
1137 2386 1490 2469 Bes-ancon,
1528 2379 1871 2450 Ecclesiae
1901 2377 2124 2449 factus
2151 2392 2255 2448 est
2279 2380 2695 2450 canonicus.

169 2468 389 2553 Itaque
427 2469 497 2538 in
539 2468 689 2539 dies
737 2471 964 2571 seipso
1001 2468 1244 2540 melior
1275 2468 1425 2539 fieri
1452 2469 1762 2551 saniem,
1802 2468 2129 2559 precibus
2160 2467 2523 2537 Canonicis
2551 2479 2700 2537 tum

171 2558 533 2639 nocturniS,
597 2571 740 2628 tum
793 2560 1068 2629 diurnis
1119 2559 1448 2640 interfuit,
1518 2559 1731 2629 libros
1781 2558 2169 2647 scripturae
2217 2556 2491 2626 divinae
2538 2555 2697 2625 dili·

171 2657 390 2730 genter
424 2646 693 2727 evolvit,
754 2661 819 2716 et
866 2648 1060 2718 omni
1107 2670 1188 2718 ex
1252 2661 1465 2738 parte,
1514 2669 1640 2717 ceu
1693 2668 1892 2731 verus
1941 2647 2059 2715 Dei
2108 2666 2371 2725 servuS,
2426 2646 2496 2713 in
2547 2665 2700 2713 eam

172 2751 387 2801 curam
439 2735 680 2805 sedulo
717 2736 1059 2817 incubuit,
1100 2758 1186 2805 ne
1232 2736 1402 2823 quid
1453 2734 1990 2826 reprehensione
2036 2733 2332 2824 dignum
2381 2733 2700 2803 admitte-

175 2831 296 2889 ret:
347 2833 550 2910 atque
595 2825 943 2896 intantum
993 2825 1183 2896 brevi
1233 2825 1563 2915 temporis
1631 2823 1880 2914 spatio,
1947 2822 2184 2892 divina
2246 2820 2449 2891 illum
2499 2820 2702 2910 adju-

177 2922 350 2979 vante
393 2913 637 3002 gratia,
692 2914 761 2981 in
813 2914 1070 2984 sanctis
1102 2913 1429 3004 operibus
1477 2925 1543 2983 et
1590 2934 1791 2982 sacra
1831 2911 2148 2982 doctrina
2194 2909 2427 2981 clarus
2459 2911 2699 2990 evasit,

177 2998 343 3067 utin
391 3012 529 3070 tota
576 3006 713 3071 Bur
765 3003 1153 3073 undionum
1211 3001 1471 3072 ditione
1532 3000 1771 3072 nullus
1829 3001 1892 3070 ei
1942 3022 2067 3091 par
2124 2999 2572 3080 inveniretur,
2628 2998 2700 3068 id

175 3086 332 3169 quod
371 3090 667 3180 perspici
741 3090 913 3161 acile
961 3101 1182 3181 potest
1228 3112 1308 3160 ex
1355 3090 1559 3161 editis
1592 3091 1678 3160 ab
1715 3088 1836 3159 illo
1884 3088 2490 3159 lucubrationibus
2523 3109 2704 3176 quae
2815 3168 2818 3169 7

174 3192 372 3261 usque
417 3178 484 3246 in
539 3200 865 3268 praesens
922 3180 991 3248 in
1057 3179 1339 3249 Jurensi
1402 3176 1820 3249 monasterio
1872 3191 2337 3248 asservantur.
2379 3176 2702 3258 Quotidie

176 3273 403 3345 autem,
447 3266 751 3357 demptis
785 3266 1163 3339 Dominicis
1208 3281 1274 3337 et
1320 3266 1861 3338 solemnioribus
1910 3266 2183 3347 diehuS,
2223 3287 2359 3335 non
2412 3265 2549 3337 nisi
2598 3285 2703 3336 se-

177 3350 288 3419 mel
326 3354 601 3452 edebat.
640 3357 887 3427 Crebro
936 3368 1166 3427 noctes
1213 3356 1501 3437 orando,
1558 3355 1872 3457 legendO,
1939 3353 2339 3425 meditando
2401 3353 2695 3443 pervigil

175 3453 388 3530 exegit.
439 3448 717 3515 Castum
755 3457 820 3515 et
870 3444 1212 3516 mundum
1262 3446 1350 3515 ab
1399 3445 1592 3516 omni
1643 3445 2174 3530 inquinamento
2224 3464 2296 3513 se
2346 3443 2688 3512 servabat.

177 3528 438 3602 Vestitus
466 3533 530 3602 ei
576 3545 723 3603 erat
770 3534 1160 3614 mediocris,
1201 3556 1426 3604 mores
1474 3532 1770 3604 modesti
1817 3544 1883 3602 et
1929 3531 2257 3611 humiles,
2318 3552 2547 3602 sermo
2581 3551 2696 3598 ve-

178 3636 296 3695 rax,
327 3622 553 3691 suavis
585 3634 650 3692 et
678 3622 1024 3693 amabilis,
1067 3623 1369 3711 Denique
1418 3623 1752 3693 virtutum
1790 3621 2110 3691 omnium
2162 3630 2394 3690 tantus
2444 3619 2516 3688 in
2578 3617 2699 3688 illo

179 3710 553 3781 cernebatur
600 3723 909 3793 ornatuS,
942 3723 1019 3781 ut
1056 3712 1208 3801 jam
1257 3733 1458 3782 verus
1484 3709 1875 3782 monachus
1915 3733 1956 3779 a
1994 3708 2269 3780 cunctis
2295 3706 2695 3778 haberetur.

180 3794 340 3865 Anno
381 3812 611 3871 autem
671 3799 1085 3872 duodecimo
1134 3801 1437 3890 suscepti
1484 3799 1940 3871 canonicatus
1986 3798 2138 3887 ejus
2170 3853 2185 3878 ,
2258 3796 2537 3886 praesul
2592 3796 2700 3865 Bi-

181 3886 466 3980 suntinus
495 3889 724 3980 coepit
754 3891 1043 3960 adversa
1090 3889 1403 3961 laborare
1433 3888 1851 3960 valetudine.
1891 3887 2169 3959 Timens
2197 3885 2412 3976 igitur
2441 3885 2698 3955 beatis·

180 3989 367 4044 sunus
411 3977 765 4059 ClaudiuS,
832 4001 919 4048 ne
967 3978 1150 4067 quod
1204 3989 1436 4069 postea
1485 3991 1715 4048 tamen
1780 3976 2054 4059 evenit,
2111 3975 2497 4066 Episcopus
2548 3974 2692 4043 illic

179 4077 510 4148 crearetur,
543 4068 634 4137 ad
684 4078 960 4159 tempus
1009 4066 1171 4137 inde
1211 4067 1514 4149 recessit,
1567 4078 1778 4154 atque
1824 4066 1911 4136 ad
1964 4077 2284 4157 parentes
2332 4084 2496 4134 suos
2545 4083 2695 4134 sese

182 4154 421 4243 recepit.
473 4155 998 4227 Humanissime
1030 4168 1262 4227 autem
1311 4157 1398 4226 ab
1448 4155 1588 4228 illis
1635 4166 1986 4246 exceptus,
2041 4151 2460 4242 aliquandiu
2510 4150 2702 4244 apud

183 4234 314 4312 illos
350 4259 580 4315 sancte
628 4256 694 4314 et
742 4246 856 4336 pie
888 4256 1199 4316 versatus
1248 4257 1374 4316 est.

250 4330 408 4414 §U
461 4333 748 4404 Interim
809 4347 1232 4405 memoratus
1288 4333 1574 4405 antistes
1625 4333 1836 4403 vitam
1891 4355 2057 4403 cum
2111 4342 2333 4403 morte
2390 4350 2706 4400 commu-

177 4416 334 4500 tavit,
369 4432 431 4491 et
477 4425 661 4493 inter
707 4421 973 4493 clerum
1007 4436 1072 4494 et
1119 4422 1461 4515 populum
1496 4421 1942 4493 Bisuntinum
1984 4420 2070 4491 de
2110 4417 2593 4492 substituendo
2639 4417 2703 4485 ei
