3357 4995
1812 173 1821 200 l

233 330 447 400 JUNII
507 336 583 398 13
856 354 931 400 οε
980 354 1037 401 s,
1091 353 1397 401 Germano*
1428 301 1723 402 nonAcao
1772 353 2153 401 cLAnAVALL.
2562 339 2690 402 285

235 437 619 506 amavimus
669 449 786 506 aut
818 438 1184 508 amisimus
1229 443 1397 508 nos?
1449 444 1628 508 Dura
1676 439 2000 518 conditio,
2047 439 2162 509 sed
2203 461 2349 508 mea
2390 440 2781 509 miseranda

239 527 535 604 fortuna,
571 548 706 594 non
749 539 811 595 et
839 527 1048 597 illius.
1085 532 1248 595 Nam
1288 540 1361 596 tu
1391 528 1599 597 chare
1631 527 1859 608 frater,
1897 529 1952 595 si
1984 527 2228 596 charos
2269 528 2586 608 amisisti,
2621 530 2782 598 cha-

233 617 450 684 riores
481 616 718 701 utique
770 615 1109 715 recepisti.
1148 621 1247 683 Me
1281 638 1436 685 vero
1469 639 1811 703 quaenam
1847 618 1992 702 jam
2025 616 2355 687 miserum
2406 619 2783 699 consolatio

235 718 468 774 manet
519 718 666 793 post
717 718 776 772 te
816 727 1102 772 unicum
1145 705 1467 774 solatium
1519 710 1805 774 meum?
1848 705 2100 774 Placita
2147 705 2275 773 suit
2357 707 2565 775 ariter
2614 707 2783 776 utri—

232 816 364 878 que
415 793 704 862 societas
735 815 1099 882 corporum
1139 816 1262 881 pro
1308 816 1578 862 morum
1616 794 2020 862 concordia:
2078 795 2192 864 sed
2231 815 2305 862 so
2339 816 2452 862 um
2511 818 2620 863 me
2679 795 2783 863 di-

230 883 404 951 visio
454 882 860 950 vulneravit.
918 888 1313 962 Commune,
1369 882 1552 968 quod
1589 882 1831 952 libuit:
1872 881 2055 968 quod
2112 883 2300 951 triste
2348 897 2411 950 et
2456 883 2774 972 lugubre,

235 994 495 1040 meum.
537 975 611 1038 In
667 993 773 1039 me
807 972 1228 1039 transierunt
1266 972 1426 1050 irae,
1482 973 1546 1039 in
1602 993 1711 1040 me
1744 972 2195 1039 confirmatus
2246 971 2437 1040 furor
2465 986 2587 1042 est.
2629 977 2786 1042 Erat

235 1060 572 1128 ambobus
605 1059 1014 1132 alterutrum
1040 1072 1232 1149 grata
1256 1061 1662 1149 praesentia,
1703 1059 1906 1128 dulce
1927 1061 2375 1140 consortium,
2407 1083 2616 1130 suave
2645 1061 2784 1129 col-

237 1148 576 1233 loquium.
634 1149 756 1216 Sed
820 1161 1040 1216 tantas
1091 1149 1452 1235 utriusque
1499 1149 1783 1218 delicias
1817 1171 1942 1238 ego
1992 1148 2288 1236 perdidi,
2350 1161 2421 1218 tu
2475 1151 2777 1218 mutasti.

238 1242 314 1305 Et
347 1237 626 1323 quidem
671 1238 1053 1305 immutatis
1091 1237 1228 1306 illis
1263 1238 1618 1307 retributio
1669 1238 1909 1306 multa.
1965 1242 2234 1319 Quanto
2296 1237 2568 1307 foenore
2616 1233 2789 1328 gau-‘

238 1326 536 1402 diorum,
577 1348 654 1393 ac
709 1325 1262 1394 benedictionum
1306 1327 1588 1396 cumulo
1620 1348 1812 1395 cares
1862 1326 2087 1406 hodie,
2132 1326 2332 1394 nobis
2384 1325 2592 1397 frater
2625 1328 2785 1396 cha-

239 1415 532 1494 rissime,
589 1427 774 1483 tanto
826 1415 1036 1483 habes
1084 1428 1263 1483 certe
1315 1437 1435 1505 pro
1475 1438 1580 1484 me
1630 1414 1897 1484 tantillo
1950 1416 2317 1504 repositam
2360 1415 2484 1486 tibi
2534 1417 2783 1485 Christi

293 1503 720 1572 raesentiam.
771 1509 897 1587 Nec
932 1504 1374 1602 dispendium
1411 1505 1623 1573 sentis
1654 1504 2005 1573 absentiae
2035 1527 2074 1571 a
2126 1504 2327 1572 nobis
2362 1518 2538 1583 tuae,
2579 1527 2787 1594 ange-

266 1614 460 1660 orum
496 1592 842 1660 admixtus
874 1593 1125 1660 choris.
1170 1598 1308 1660 Non
1359 1605 1458 1661 est
1491 1594 1723 1683 igitur,
1762 1593 1941 1678 quod
1996 1593 2304 1661 causeris
2336 1605 2410 1661 tu
2443 1593 2527 1662 de
2557 1608 2787 1662 nostra

241 1681 438 1766 quasi
476 1683 823 1750 subtracta
859 1681 982 1750 tibi
1033 1682 1441 1770 praesentia,
1473 1682 1587 1750 cui
1621 1681 1878 1750 affatim
1914 1682 2015 1749 sui
2056 1703 2483 1767 suorumque
2515 1684 2785 1772 copiam

239 1770 574 1837 Dominus
623 1771 997 1858 majestatis
1047 1770 1360 1839 indulsit.
1591 1839 1594 1840 γ

326 1861 361 1944 ξ
411 1862 496 1929 4.
551 1863 626 1927 At
671 1881 797 1947 ego
833 1881 954 1947 pro
1007 1872 1068 1926 te
1114 1858 1333 1945 quid?
1380 1864 1595 1940 Quam
1651 1858 1889 1927 vellem
1936 1858 2112 1926 scire
2142 1858 2478 1945 quidnam
2534 1861 2789 1929 sentias

239 1969 426 2015 nunc
467 1946 551 2014 de
593 1969 699 2015 me
749 1947 867 2015 illo
899 1948 1104 2016 unico
1147 1961 1284 2024 tu0,
1343 1948 1588 2017 mediis
1624 1960 1907 2016 nutante
1940 1947 2130 2015 curis
2163 1960 2227 2015 et
2308 1948 2524 2028 oeni5‚
2580 1948 2787 2018 desti-

242 2049 387 2104 tuto
440 2048 521 2114 te,
569 2035 817 2104 baculo
850 2035 1344 2105 imbecillitatis
1385 2058 1597 2104 meae.
1640 2038 1705 2104 Si
1745 2050 1967 2105 tamen
2006 2035 2164 2104 licet
2197 1970 2425 2104 a’dbuc
2490 2038 2792 2126 cogitare

240 2124 323 2192 de
356 2124 650 2210 miseris,
693 2125 1002 2214 ingresso
1052 2125 1382 2212 abyssum
1428 2125 1737 2204 luminis
1778 2137 1981 2211 atque
2032 2112 2148 2192 illo
2203 2125 2440 2215 pelago
2471 2138 2787 2194 aeternae

245 2212 587 2282 ielicitatis
641 2215 985 2303 absorpto.
1046 2219 1234 2282 Forte
1267 2214 1448 2282 enim
1500 2214 1624 2282 etsi
1681 2213 1850 2282 nosti
1893 2235 2016 2281 nos
2050 2214 2437 2300 secundum
2469 2237 2775 2294 carnem,

248 2301 362 2369 sed
403 2323 590 2370 nunc
613 2302 757 2389 jam
802 2324 934 2370 non
966 2305 1138 2371 nosti
1168 2327 1179 2368 :
1215 2308 1288 2372 Et
1320 2302 1646 2388 quoniam
1686 2302 1981 2372 introisti
2018 2303 2085 2369 in
2118 2303 2454 2391 potentias
2488 2304 2780 2381 Domini,

242 2391 645 2459 memoraris
698 2391 1008 2478 justitiae
1060 2393 1208 2480 ejus
1259 2391 1498 2468 solius,
1545 2390 1908 2458 immemor
1960 2391 2195 2458 nostri.
2255 2395 2608 2460 Caeterum
2662 2394 2786 2481 qui

239 2479 559 2561 adhereret
593 2485 745 2559 Deo,
781 2505 957 2549 unus
987 2482 1266 2570 spiritus
1315 2491 1408 2565 cst
1438 2479 1530 2568 (11.
1574 2484 1696 2548 Cor
1728 2502 1812 2558 vr,
1848 2478 1981 2566 47),
2011 2493 2076 2548 et
2106 2480 2173 2546 in
2208 2479 2518 2549 divinum
2549 2503 2790 2566 quem-

243 2568 404 2637 dam
458 2580 638 2637 totus
689 2570 1096 2638 immutatur
1144 2570 1506 2638 affectum:
1543 2590 1665 2636 nec
1696 2580 1913 2657 potest
1929 2569 2072 2656 jam
2107 2569 2355 2638 sentire
2395 2582 2513 2638 aut
2549 2590 2789 2658 sapere

240 2657 372 2725 nisi
431 2662 663 2737 Deum,
702 2671 764 2726 et
797 2658 981 2743 quod
1017 2659 1219 2728 sentit
1267 2670 1328 2725 et
1361 2657 1539 2746 sapit
1591 2661 1787 2734 Deus,
1842 2657 2092 2747 plenus
2135 2662 2287 2725 Deo,
2345 2662 2523 2727 Deus
2554 2670 2785 2725 autem

242 2746 545 2814 charitas
591 2759 714 2825 est,
770 2761 834 2815 et
881 2760 1140 2833 quanto
1189 2748 1346 2833 quis
1387 2746 1827 2834 'conjunctior
1880 2750 2032 2823 Dec,
2089 2758 2273 2814 tanto
2309 2747 2577 2836 plenior
2632 2746 2793 2814 cha-

241 2836 463 2903 ritate.
498 2840 703 2903 Porro
753 2835 1206 2924 impassibilis
1253 2847 1353 2903 est
1390 2839 1588 2915 Deus,
1646 2835 1763 2902 sed
1819 2856 1952 2903 non
2013 2835 2626 2924 incompassibiliS,
2676 2835 2792 2903 cui

243 2923 603 3013 proprium
652 2936 754 2992 est
803 2924 1106 2992 misereri
1162 2945 1432 3013 semper
1464 2937 1527 2992 et
1579 2945 1877 3011 parcere.
1936 2928 2110 3012 Ergo
2143 2936 2206 2991 et
2245 2936 2303 2992 te
2354 2945 2630 2993 necesse
2692 2936 2792 2994 est

245 3011 758 3081 misericordem
795 3034 966 3092 esse,
999 3014 1119 3099 qui
1148 3013 1465 3080 inhaeres
1507 3012 1963 3093 misericordi,
1994 3013 2478 3101 quamvisjam
2505 3013 2794 3082 minime

241 3100 452 3169 miser
502 3101 630 3170 sis:
684 3114 748 3169 et
788 3101 906 3187 qui
944 3123 1076 3170 non
1114 3102 1390 3191 pateris,
1423 3102 1837 3190 compateris
1872 3114 2133 3170 tamen:
2172 3102 2455 3171 affectus
2508 3102 2792 3191 proinde

243 3201 405 3257 tuus
455 3211 588 3257 non
623 3203 724 3258 est
772 3190 1209 3269 imminutuS,
1243 3189 1358 3259 sed
1403 3190 1839 3258 immutatus:
1881 3212 2003 3259 nec
2053 3192 2383 3276 quoniam
2437 3195 2645 3260 Deum
2683 3192 2793 3257 in·-

242 3278 479 3357 duisti,
549 3278 764 3348 nostri
812 3282 985 3347 curti.
1038 3292 1097 3347 te
1145 3278 1436 3347 exuisti:
1503 3292 1569 3346 et
1618 3279 1747 3367 ipsi
1806 3280 1991 3348 enim
2042 3301 2210 3348 cura
2250 3292 2352 3348 est
2421 3279 2507 3347 de
2560 3279 2779 3348 nobis.

243 3366 440 3447 Quod
487 3364 840 3435 infirmum
892 3381 1016 3445 est,
1058 3367 1391 3454 abjecisti,
1434 3366 1550 3435 sed
1586 3389 1720 3436 non
1751 3367 1933 3453 quod
1987 3368 2206 3457 pium.
2246 3369 2562 3438 Char-ilas
2595 3367 2791 3436 deni-

239 3476 375 3540 que
414 3478 761 3545 nunquam
788 3458 1066 3523 excidit.
1123 3462 1260 3524 Non
1315 3455 1743 3525 oblivisceris
1796 3456 2000 3524 mein
2054 3455 2289 3525 finem.
2329 3456 2571 3525 Videor
2622 3456 2795 3525 mihi

245 3545 449 3628 quasi
477 3544 718 3614 audire
753 3545 1030 3613 fratrem
1062 3566 1288 3613 meum
1326 3544 1702 3613 dicentem:
1738 3546 2076 3634 Numquid
2110 3556 2326 3613 mater
2348 3547 2654 3614 oblivisci
2676 3569 2795 3634 po-

247 3635 402 3700 lerit
448 3635 585 3721 filii
609 3636 790 3701 uteri
831 3635 991 3701 sui?
1019 3639 1098 3702 Et
1129 3636 1192 3701 st?
1221 3636 1348 3702 illa
1373 3635 1575 3701 oblita
1601 3636 1833 3720 suerit,
1874 3652 1993 3721 eqo
2025 3644 2247 3702 tamen
2280 3658 2409 3702 non
2434 3636 2794 3702 obliviscar

245 3724 350 3789 tui
399 3722 544 3810 (em
580 3727 660 3790 ts.
717 3722 910 3808 xmx).
969 3728 1108 3791 Non
1161 3722 1448 3827 expedit⁸
1486 3743 1789 3811 prorsus
1850 3723 1993 3791 Scis
2041 3724 2166 3791 ubi
2215 3744 2466 3803 verser,
2523 3723 2645 3792 ubi
2686 3724 2794 3810 ja-

244 3832 462 3891 ceam,
503 3811 623 3880 ubi
673 3810 1034 3897 reliqueris
1072 3833 1202 3879 me.
1261 3816 1400 3879 Non
1433 3811 1685 3896 estqui
1725 3810 2028 3900 porrigat
2085 3828 2399 3879 manum.
2446 3811 2537 3879 Ad
2590 3832 2794 3880 omne

243 3899 429 3986 quod
461 3899 836 3978 emerserit,
869 3900 1160 3989 respicio
1195 3899 1277 3967 ad
1304 3899 1710 3977 Gerardum,
1748 3912 1821 3967 ut
1854 3921 2371 3980 consueveram,
2407 3912 2470 3968 et
2505 3923 2635 3969 non
2667 3913 2790 3968 est.

246 3993 397 4057 Heu
432 4003 596 4058 tunc
624 3989 1001 4078 ingemisco
1054 3990 1281 4068 miser,
1330 3989 1506 4059 sicut
1559 3989 1761 4056 homo
1794 3989 1942 4057 sine
1975 3988 2343 4078 adjutorio.
2386 3993 2599 4070 Quem
2633 4011 2796 4057 con-

247 4078 475 4146 sulam
524 4078 590 4144 in
642 4077 1016 4167 ambiguis,
1062 4079 1174 4146 cui
1229 4079 1297 4145 in
1347 4076 1653 4146 adversis
1706 4076 1939 4157 fidam,
1995 4079 2155 4163 quis
2206 4079 2513 4168 portabit,
2553 4099 2784 4155 onera,

244 4166 404 4251 quis
455 4165 762 4255 pericula
812 4165 1296 4256 propulsabit?
1345 4172 1579 4235 Nonne
1625 4167 1889 4251 ubique
1937 4188 2217 4255 gressus
2268 4188 2454 4236 meos
2516 4166 2794 4236 Gerardi

243 4253 430 4324 oculi
477 4255 868 4324 anteibant?
911 4260 1143 4323 Nonne
1193 4269 1388 4324 tuum
1443 4254 1739 4323 Gerarde
1790 4269 2027 4344 pectus
2062 4278 2268 4324 curae
2325 4278 2517 4325 meae
2569 4255 2798 4324 notius

246 4364 457 4428 quam
501 4365 731 4413 meum
777 4345 998 4433 ipsius
1033 4343 1414 4412 habebant?
1441 4342 1857 4413 familiarius
1890 4344 2361 4423 incursabant,
2408 4345 2640 4414 acrius
2682 4366 2797 4412 ur-

247 4432 542 4523 gebant?
589 4436 823 4501 Nonne
874 4434 942 4500 in
996 4432 1234 4521 lingua
1290 4445 1406 4502 tua
1456 4432 1574 4502 illa
1637 4432 1963 4523 placabili
2012 4447 2075 4502 et
2126 4434 2404 4523 potenti,
2464 4455 2691 4501 meam
2760 4455 2797 4498 a
