3357 4995
221 338 441 403 JUNII
500 338 579 400 ’16
1014 356 1090 401 1)ss
1141 356 1196 402 s.
1251 354 1491 402 JOANNE
1540 356 1767 403 ruane.
1815 291 2022 403 muns,
2562 338 2690 402 399

219 456 532 531 ereptum
582 438 815 510 fuisse.
872 445 947 509 At
994 440 1180 508 enim
1281 441 1446 509 robo
1493 440 1909 530 adolescenti
1976 463 2113 511 non
2177 442 2343 510 satis
2392 442 2622 510 visum
2673 453 2774 511 est

222 534 431 598 Deum
481 528 725 607 colere,
777 529 1157 617 [teiparam,
1194 550 1233 597 a
1270 531 1502 614 iosque
1530 541 1803 598 sanctos
1838 531 1947 619 pie
1972 529 2309 610 venerari,
2341 542 2428 610 et,
2470 531 2777 598 florentis

213 618 455 687 aetatis
504 629 569 685 et
618 617 865 686 mundi
904 618 1187 686 calcatis
1220 617 1600 698 blanditiis,
1659 630 1792 688 toto
1841 618 2075 687 animo
2125 618 2374 687 sectari
2423 619 2769 698 virtutem,

214 708 348 777 nisi
380 708 583 775 etiam
642 705 874 796 plures
922 728 1000 775 ex
1051 706 1409 776 sodalibus
1448 707 1595 776 suis
1654 719 1923 797 raperet
1990 706 2076 776 ad
2130 712 2383 787 Deum,
2439 728 2650 793 quem
2698 727 2776 775 ex

214 808 351 864 toto
400 794 604 864 corde
636 806 701 863 et
758 797 895 863 tota
946 808 1170 863 mente
1220 799 1348 865 sua
1403 796 1703 864 amabat.
1761 801 1995 882 ltaque
2042 795 2216 864 alios
2258 818 2301 864 a
2336 795 2632 885 Juvenili
2697 794 2779 861 li-

213 885 441 954 centia
492 883 591 951 vel
668 885 869 975 noxia
944 884 1211 952 levitate
1259 884 1589 964 abduxit,
1646 884 1820 953 alios
1880 885 1966 954 ad
2019 885 2337 953 virtutem
2390 884 2780 974 impensius

213 972 636 1059 sequendam
693 972 1022 1052 invitavit,
1077 995 1157 1040 ex
1205 973 1533 1042 omnibus
1583 995 1698 1042 sex
1726 973 2004 1050 electis,
2066 973 2516 1060 quibuscum,
2577 993 2777 1063 prae-

178 1063 468 1151 'scripta
522 1061 657 1130 sibi
708 1061 979 1129 vivendi
1028 1061 1271 1136 forma,
1326 1062 1411 1130 ab
1459 1083 1560 1141 ea,
1615 1083 1792 1149 quae
1849 1085 1890 1131 a
1935 1062 2209 1131 clericis
2258 1062 2326 1130 in
2380 1062 2779 1131 seminariis

214 1153 471 1219 servari
522 1149 734 1229 solet,
794 1171 926 1218 non
988 1150 1336 1229 dissimili,
1393 1164 1710 1220 sanctum
1763 1149 2161 1219 sodalitium
2215 1151 2490 1239 pietatis
2542 1151 2762 1220 inivit.

217 1240 500 1308 Talibus
537 1238 926 1328 praeclarae
956 1238 1223 1308 virtutis
1251 1239 1467 1308 initiis
1499 1239 1793 1328 prolusit
1819 1240 1904 1308 ad
1936 1239 2388 1330 apostolicum
2419 1261 2776 1310 sacrarum

218 1329 639 1397 missionum
677 1350 875 1417 opus,
921 1328 1066 1415 jam
1106 1340 1248 1396 tum
1289 1330 1357 1396 in
1402 1329 1730 1397 omnibus
1768 1328 2202 1427 juvenilibus
2250 1329 2520 1398 actibus
2581 1350 2778 1418 prae-

219 1419 500 1486 discens
540 1422 743 1484 Deum
798 1417 1020 1486 solum
1072 1438 1421 1502 quaerere,
1474 1431 1538 1485 et
1588 1417 1795 1485 saluti
1854 1418 2247 1487 animarum
2304 1417 2780 1507 procurandae

219 1509 553 1575 intentam
596 1518 890 1574 mentem
928 1519 995 1572 et
1039 1506 1357 1575 devotum
1411 1511 1542 1575 Deo
1571 1518 1815 1595 pectus
1855 1506 2132 1576 habere.

304 1598 340 1680 ξ
388 1601 474 1666 ὅ.
537 1595 889 1663 Decimum
918 1608 982 1661 et
1019 1616 1278 1664 nonum
1314 1594 1554 1664 aetatis
1585 1617 1752 1663 suae
1783 1617 2046 1665 annum
2075 1615 2311 1686 agenS,
2367 1594 2771 1664 Societatem

214 1691 384 1753 ‚lesu
422 1685 775 1773 ingressus
808 1695 931 1762 est,
968 1684 1111 1762 ubi,
1147 1706 1502 1771 nunquam
1535 1685 1918 1774 interrupto
1949 1706 2185 1762 cursu,
2226 1705 2346 1772 per
2385 1684 2558 1752 altas
2589 1683 2773 1754 chri·
2812 1733 2820 1742 .

222 1775 489 1843 stianae
532 1771 970 1862 perfectionis
1003 1773 1282 1842 semitas
1312 1773 1394 1840 ad
1432 1778 1642 1841 Deum
1680 1772 2124 1850 contendens,
2160 1772 2570 1854 humilitate,
2619 1772 2777 1842 odio

220 1865 353 1940 sui,
413 1874 811 1950 contemptu
863 1861 1132 1940 mundi,
1190 1862 1612 1951 paupertatis
1662 1884 1919 1941 amore,
1957 1862 2290 1933 orationis
2340 1862 2769 1942 assiduitate,

222 1951 636 2036 divinaeque
684 1950 941 2038 gloriae
991 1950 1220 2020 studio
1252 2006 1270 2030 ,
1328 1952 1707 2037 ceterisque
1755 1951 2171 2020 christianae
2231 1949 2351 2018 reli
2408 1951 2587 2019 ionis
2638 1951 2775 2019 vir-

225 2040 513 2118 tutibu5‚
573 2039 655 2108 iis
706 2042 721 2105 i
780 2041 897 2120 sis,
945 2062 979 2106 a
1032 2039 1285 2126 quibus
1337 2041 1404 2107 in
1459 2041 1728 2130 pietatis
1769 2039 2199 2109 decurrendo
2230 2051 2330 2108 sta
2386 2041 2450 2107 io
2500 2040 2774 2109 institui

217 2128 615 2213 quaerebat,
671 2151 705 2196 a
764 2129 1105 2196 mirationi
1144 2142 1346 2215 atque
1393 2151 1580 2197 exem
1641 2128 1888 2210 lofuit.
1929 2134 2164 2199 Postea
2204 2143 2432 2197 autem
2484 2128 2778 2197 deman-

216 2217 378 2285 dato
430 2217 560 2285 sibi
613 2217 952 2285 humanas
1004 2218 1260 2286 litteras
1307 2217 1557 2285 edocen
1619 2218 1637 2284 i
1691 2239 1996 2296 munere,
2054 2232 2322 2288 teneros
2380 2215 2778 2286 adolescen-

222 2306 394 2372 tium
431 2306 699 2372 animos
734 2327 866 2372 non
920 2318 1055 2372 tam
1111 2306 1490 2375 litterarum
1546 2306 1832 2375 scientia
1882 2328 2090 2392 quam
2141 2306 2388 2395 pietate
2431 2305 2499 2373 in
2557 2310 2774 2374 Deum
2866 2343 2870 2354 -

223 2393 633 2462 imbuendos
668 2394 973 2462 curabat.
1034 2400 1268 2481 ltaque
1317 2416 1518 2483 saepe
1565 2394 1650 2462 de
1699 2394 2050 2484 diligendo
2093 2400 2248 2475 Dec,
2296 2394 2381 2462 de
2431 2394 2774 2463 obeundis

218 2481 637 2551 christianae
672 2482 847 2549 vitae
894 2482 1141 2551 officiis
1190 2483 1656 2573 fugiendoque
1705 2497 2006 2573 peccato,
2048 2496 2114 2552 et
2163 2482 2481 2573 privatim
2534 2496 2597 2551 et
2647 2505 2774 2573 pu-

219 2571 397 2639 blice
431 2593 590 2640 cum
647 2571 1012 2671 discipulis
1061 2594 1449 2642 sermonem
1520 2572 2210 2659 habebatz‘quaeque
2274 2574 2341 2641 in
2394 2567 2649 2641 scholis
2697 2594 2779 2640 ex

217 2660 654 2729 ethnicorum
687 2659 880 2729 libris
913 2661 1240 2750 explicari
1273 2661 1514 2741 solent,
1534 2682 1848 2748 quaeque
1873 2663 1961 2731 ab
1983 2660 2538 2731 adolescentibus
2567 2660 2777 2730 scribi

222 2750 640 2835 tractarique
687 2749 990 2817 exercitii
1022 2754 1234 2820 cansa
1292 2762 1821 2831 consueverunt,
1859 2750 1995 2819 buc
2047 2748 2375 2819 referebat
2431 2749 2665 2818 omnia
2704 2761 2780 2818 ut

215 2860 455 2907 corum
522 2840 792 2906 animos
846 2838 1245 2907 non.modo
1293 2837 1682 2907 eruditione
1720 2839 2025 2910 excultos
2087 2838 2203 2908 sed
2267 2839 2469 2908 etiam
2525 2838 2777 2927 probos

219 2938 633 3013 sanctosque
667 2928 1052 2995 efformaret
1080 2952 1093 2990 :
1122 2928 1328 3013 ‚quod
1385 2941 1521 2995 tam
1554 2926 1874 3018 diligenti
1908 2931 2080 2997 cura
2110 2938 2175 2997 et
2224 2940 2360 2997 tam
2410 2926 2609 2995 uberi
2633 2925 2776 2994 sru-

216 3028 335 3084 ctu
387 3038 507 3104 per
555 3016 989 3106 septennium
1026 3016 1339 3106 explevit,
1380 3029 1455 3085 ut
1502 3016 1653 3106 ejus
1702 3017 2030 3107 discipuli
2075 3039 2114 3085 a
2162 3017 2406 3087 ceteris
2445 3015 2776 3105 gravitate

216 3125 491 3172 morum
537 3106 843 3190 vitaeque
892 3104 1285 3174 innocentia
1334 3106 1916 3176 discernerentur.

307 3196 343 3278 ξ
393 3198 483 3262 6.
538 3194 631 3262 Ad
678 3193 1038 3263 sacerdotii
1092 3194 1391 3265 sublime
1425 3193 1779 3285 fastigium
1834 3216 1995 3284 prae
2034 3193 2250 3263 animi
2301 3193 2634 3263 modestia
2667 3216 2777 3263 re-

216 3279 488 3351 luctans
522 3295 724 3368 atque
758 3282 1017 3350 invitus
1066 3284 1506 3372 superiorum
1563 3285 1760 3353 'ussu
1790 3283 2134 3353 ascendit:
2173 3281 2492 3350 sacerdos
2541 3293 2773 3351 autem

216 3368 463 3447 sactus,
540 3372 850 3460 cogitans
898 3372 1243 3457 quomodo
1295 3378 1426 3443 Deo
1504 3306 1822 3462 piaceret‚
1877 3393 2039 3442 cum
2089 3371 2295 3461 plane
2359 3370 2775 3460 intelligeret

216 3457 491 3527 nullum
542 3461 899 3528 certiorem
979 3460 1272 3549 gradum
1324 3462 1410 3530 ad
1463 3462 1579 3530 Dei
1636 3482 1945 3531 amorem
1994 3482 2159 3530 esse·
2190 3480 2399 3545 quam
2471 3458 2776 3529 hominis

213 3568 379 3633 erga
432 3548 778 3617 bominem
830 3548 1260 3623 charitatem.
1319 3562 1534 3620 totum
1587 3572 1659 3619 se
1705 3549 2169 3621 sublevandae
2227 3548 2579 3637 egentium
2619 3548 2776 3617 -ino-

217 3636 370 3725 piae
419 3649 483 3705 et
514 3636 991 3733 procurandae
1018 3638 1409 3708 animarum
1446 3639 1653 3707 saluti
1694 3638 1983 3707 devovit.
2020 3642 2229 3707 Nemo
2262 3648 2616 3726 propterea
2656 3637 2777 3705 bo-

217 3725 487 3793 minum
539 3739 727 3807 erat,
799 3748 1001 3812 quem
1073 3726 1306 3817 ampla
1371 3729 1522 3817 ejus
1572 3748 1709 3796 non
1782 3749 1862 3796 co
1990 3725 2354 3795 lecteretur
2421 3725 2770 3803 charitas;

216 3814 647 3902 potissimam
723 3826 947 3883 tamen
1034 3837 1418 3905 pauperum
1472 3837 1712 3886 curam
1786 3836 1945 3907 gere
1996 3826 2066 3884 at
2098 3870 2113 3896 ‚
2192 3835 2486 3902 sequens
2526 3814 2777 3885 Christi

216 3903 486 3971 Domini
514 3904 929 3993 exemplum.
966 3906 1113 3991 qui,
1149 3917 1222 3974 ut
1262 3905 1641 3974 humanam
1680 3903 2080 3994 superbiam
2125 3903 2541 3981 retunderet,
2578 3925 2770 3984 cum,

215 3991 296 4058 ad
353 3993 741 4063 sanandum
779 3994 1002 4084 reguli
1032 3994 1284 4071 filium,
1339 3992 1528 4064 illius
1576 3993 1867 4063 domum
1916 4005 2199 4085 rogatus
2248 3995 2346 4062 ire
2387 3992 2767 4072 noluisset,

214 4080 298 4147 ad
351 4083 773 4152 centurionis
815 4105 1113 4163 servum,
1171 4104 1303 4153 non
1356 4082 1721 4163 invitatus,
1777 4082 1876 4153 ire
1926 4096 2209 4173 paratus
2263 4081 2415 4151 fuit.
2472 4086 2574 4150 Ita
2623 4082 2776 4171 ejus

214 4192 478 4251 servus,
518 4172 767 4260 spiritu
817 4174 931 4242 Dei
983 4173 1231 4263 plenus
1276 4173 1398 4259 qui
1432 4193 1645 4261 super
1678 4171 1980 4243 humiles
2034 4170 2401 4258 requiescit
2430 4182 2497 4239 et
2543 4169 2774 4240 humi·

218 4258 402 4328 libus
449 4260 564 4329 dat
611 4261 928 4351 gratiam,
986 4262 1102 4330 viti
1139 4275 1344 4348 atque
1390 4260 1644 4331 humili
1682 4260 1868 4351 plebi
1902 4283 1974 4331 se
2006 4259 2376 4353 praebebat
2400 4259 2457 4338 ⁴³,
2493 4272 2560 4327 et
2605 4280 2776 4348 pau-

216 4348 501 4438 peribus
553 4350 911 4441 magisque
963 4350 1435 4441 indigentibus
1484 4350 1742 4421 serebat
1773 4349 2136 4431 auxilium,
2177 4348 2666 4441 spectabatque
2700 4346 2772 4413 in

269 4476 294 4501 ³⁸
324 4477 444 4526 Erga
460 4486 692 4526 pauperes
710 4478 758 4518 ot
778 4480 994 4527 aegrotos
1014 4479 1269 4527 singularia
1291 4477 1499 4521 ditectio.
1524 4479 1639 4521 Vide
1660 4478 1708 4519 et
1727 4476 1772 4528 ξς
1798 4485 1927 4528 seqq.

300 4720 339 4751 A*
