3357 4995
689 331 816 394 3⁴8
1459 346 1537 390 oa
1583 345 1640 394 s.
1693 327 1910 391 Etissso
1961 345 2282 391 rnornssu
2783 327 3002 391 JUNII
3055 328 3133 391 ⁴¹4

597 432 945 502 onerabat.
1008 434 1085 497 Et
1133 429 1258 496 viri
1315 429 1596 514 quidem
1640 428 2126 510 calamitatem,
2159 428 2283 497 filii
2328 429 2702 518 expectatio
2731 427 3060 517 paulatim
3098 453 3135 498 a

597 520 926 590 memoria
956 518 1436 588 subtrahebat:
1473 517 1591 586 sed
1622 516 2160 586 consolationem
2197 538 2417 586 meam
2457 517 2635 586 hanc
2671 539 2856 585 mors
2886 518 3135 587 acerba

593 610 823 679 statim
874 606 1327 684 conturbavit,
1385 619 1449 674 et
1497 605 1913 680 hilaritatem
1964 626 2289 695 magnam
2327 606 2396 673 in
2446 605 2755 674 dolorem
2807 605 3132 675 intolera-

596 698 803 768 bilem
839 696 1193 766 convertit.
1246 701 1465 777 Quam
1516 695 1784 763 diversa
1820 706 1980 762 sunt
2027 707 2263 763 eventa
2312 696 2462 784 ipsa
2512 695 2598 764 ab
2626 694 2712 762 iis
2739 716 2917 781 quae
2960 696 3134 763 mihi

595 789 1120 877 proposueram!
1167 784 1480 865 Quotidie
1512 784 1661 872 ejus
1690 783 1968 873 nuptias
2009 782 2473 872 expectabam,
2513 783 2630 853 sed
2668 805 2789 873 pro
2830 784 3136 853 thalamo

595 874 914 966 nuptiali.
953 873 1352 962 sepulcrum
1401 872 1776 940 construxi.
1818 876 1965 952 Quo
2016 885 2317 960 tempore
2348 872 2431 939 de
2483 893 2664 940 nuru
2711 872 3129 963 cogitabam,

593 977 755 1034 tunc
822 975 1345 1031 monumentum
1417 961 1672 1050 paravi.
1730 964 1894 1028 Cum
1946 959 2029 1027 de
2082 961 2375 1050 nuptiali
2423 960 2818 1030 conditione
2887 974 3137 1030 tracta-

591 1055 778 1133 bam,
834 1064 997 1120 tunc
1047 1046 1527 1119 testamentum
1576 1049 1728 1137 ejus
1776 1049 2259 1138 consignatum
2311 1049 2588 1137 accepi:
2634 1063 2699 1118 et
2748 1049 2934 1119 filius
2984 1072 3134 1118 ma-

592 1155 761 1210 trem
815 1138 1176 1208 haeredem
1229 1137 1507 1227 scripsit
1563 1159 1739 1241 quae
1788 1136 2011 1205 filium
2056 1137 2412 1207 haeredem
2465 1138 2880 1207 constituere
2928 1139 3137 1207 debe—

594 1231 778 1300 bam.
835 1235 1002 1297 Cum
1056 1240 1305 1295 vestem
1368 1226 1628 1314 nuptiis
1667 1238 2160 1325 congruentem
2215 1248 2456 1315 parare
2503 1228 2907 1316 coepissem,
2963 1239 3129 1296 tunc

591 1317 1002 1388 funebribus
1069 1315 1250 1384 vittis
1305 1327 1371 1396 et
1441 1314 1866 1384 indumentis
1937 1315 2088 1413 ejus
2159 1315 2452 1385 cadaver
2522 1315 2831 1385 astrinxi.
2907 1321 3128 1398 Quam

592 1408 862 1476 diversa
911 1418 1072 1475 sunt
1106 1405 1272 1472 haec
1319 1404 1406 1472 ab
1464 1404 1552 1471 iis
1599 1425 1776 1489 quae
1825 1402 1997 1470 mihi
2043 1409 2560 1492 proposueraml
2606 1410 2748 1473 Non
2789 1415 2892 1473 est
2937 1404 3136 1475 dolor

591 1496 846 1581 aliquis
886 1517 1044 1562 cum
1099 1492 1354 1562 doloris
1397 1493 1528 1560 mei
1593 1492 1959 1561 acerbitate
1993 1492 2489 1561 conferendus:
2545 1493 2736 1561 nulla
2775 1493 3137 1565 calamitas

541 1600 552 1610 ·
593 1606 785 1653 meae
823 1582 1199 1651 calamitati
1242 1603 1364 1671 par
1401 1593 1523 1650 est.
1563 1586 1770 1649 Nemo
1811 1581 2011 1649 ulcus
2046 1591 2293 1650 meum·
2326 1603 2570 1651 sanare
2614 1582 2887 1672 poterit:
2931 1604 3135 1653 nemo

595 1673 848 1741 vulnus
887 1670 1194 1740 curabit:
1251 1692 1452 1739 nemo
1493 1670 1649 1739 talis
1715 1692 1793 1738 ac
1849 1681 2079 1738 tantus
2131 1670 2438 1739 medicus
2480 1672 2547 1737 in
2590 1670 2761 1739 urbe
2808 1671 2937 1739 hac
2987 1685 3129 1741 est‘:

593 1783 732 1830 non
765 1773 888 1834 est,
945 1760 1253 1845 inquam,
1322 1780 1454 1827 non
1498 1771 1620 1828 est.
1670 1758 1795 1827 Sed
1853 1779 2017 1826 num
2070 1757 2369 1844 aliquem
2406 1758 2587 1848 apud
2628 1760 2822 1830 urbis
2864 1772 3132 1848 portam

590 1851 961 1919 invenero?

679 1941 715 2024 ξ
760 1943 844 2009 2-
892 1942 1058 2005 Cum
1095 1936 1322 2004 adhuc
1374 1935 1621 2004 mulier
1669 1936 2084 2021 loqueretur,
2144 1936 2464 2016 MedicuS‚
2528 1937 2646 2022 qui
2696 1936 3131 2006 desideraba-

590 2039 722 2105 tur,
779 2038 1045 2115 praesto
1093 2036 1258 2093 erat.
1308 2024 1427 2093 llle
1476 2024 1840 2093 viduarum
1880 2029 2213 2094 Patronus
2264 2025 2509 2093 viduae
2561 2027 2893 2095 occurrit:
2937 2031 3137 2094 Pater

585 2116 1054 2205 orphanorum
1104 2113 1695 2183 adolescentulum
1735 2113 2036 2181 vocavit:
2095 2113 2268 2182 vitae
2319 2113 2604 2203 largitor
2655 2127 3004 2185 mortuum
3058 2116 3128 2182 in

588 2205 794 2273 vitam
845 2203 1159 2282 restituit,
1205 2216 1269 2270 et
1316 2204 1592 2270 orbatae
1628 2201 1865 2274 matris
1901 2200 2244 2288 lacrymas
2276 2203 2907 2272 misericordiarum
2941 2225 3137 2272 ama-

588 2306 689 2361 tor
741 2297 913 2361 Deus
963 2292 1507 2380 repressitscum
1540 2291 1725 2358 enim
1777 2290 1859 2357 ad
1907 2290 2199 2359 civitatis
2249 2293 2440 2359 Naim
2482 2304 2745 2381 portam
2799 2293 3133 2362 Dominus

465 2438 477 2444 -
583 2405 616 2449 a
679 2382 1204 2470 propinquasset
1247 2382 1354 2468 (ut
1410 2379 1576 2464 dicit
1624 2379 2107 2468 Evangelista)‚
2163 2401 2317 2448 ecce
2364 2379 2775 2450 efferebatur
2810 2392 3131 2450 mortuus

589 2401 777 2541 lilius
826 2470 1078 2539 unicus
1127 2468 1367 2538 matris
1417 2489 1581 2537 suae
1612 2467 1793 2556 (vide
1824 2472 2036 2537 Lucae
2068 2473 2208 2556 vn).
2266 2474 2570 2538 Mortuus
2615 2470 2973 2560 egrediens
3022 2470 3129 2538 in·
3178 2503 3195 2519 ·

581 2559 916 2649 gredienti
967 2560 1138 2627 vitae
1185 2559 1488 2627 occurrit
1574 2562 1881 2643 Cumque
1932 2559 2206 2626 {lentem
2258 2571 2541 2627 matrem
2598 2560 2744 2648 ipse
2792 2559 3127 2629 Dominus

584 2649 884 2727 vidisset,
932 2646 1402 2716 misericordia
1454 2646 1640 2715 illius
1691 2658 2078 2715 commotus
2127 2659 2250 2726 est,
2283 2648 2481 2733 eique
2515 2647 2716 2716 dixit:
2754 2648 2901 2717 Noli
2934 2649 3125 2716 flere:

579 2760 764 2807 mors
811 2737 993 2805 enim
1045 2759 1222 2823 quae
1273 2748 1333 2804 te
1382 2735 1842 2824 impugnavit,
1893 2747 2289 2825 expugnata
2333 2757 2516 2804 nunc
2551 2750 2674 2805 est.
2716 2736 2865 2805 Noli
2914 2736 3125 2805 flere:

583 2848 739 2894 nam
786 2826 1052 2894 inferna
1100 2825 1297 2892 sedes
1334 2836 1590 2903 coacta,
1649 2822 1772 2891 filii
1806 2824 1904 2892 tui
1954 2825 2256 2893 animam
2310 2848 2351 2892 a
2384 2845 2492 2893 me
2543 2824 2895 2914 repetitam
2935 2826 3134 2895 resti-

581 2928 743 2983 tuet.
798 2914 1150 2983 Gaudebat
1198 2912 1477 2999 quidem
1515 2923 1814 2992 satanas,
1856 2924 1931 2980 ut
1964 2912 2289 2999 praedam
2338 2912 2825 2984 devoraturus:
2872 2913 2990 2982 sed
3029 2914 3131 2982 in·

579 3003 927 3092 gemiscet‚
965 3003 1100 3071 voti
1138 3023 1290 3071 com
1345 3023 1420 3070 os
1459 3022 1588 3068 non
1642 3000 1886 3071 factus.
1946 3006 2020 3070 Et
2067 3014 2140 3070 ut
2189 3001 2417 3071 discas
2453 3024 2687 3071 verum
2734 3024 2882 3072 esse
2924 3003 3129 3088 ,quod

580 3092 923 3180 promitto,
965 3112 1196 3159 revera
1245 3090 1287 3157 fi
1323 3091 1468 3160 ium
1520 3104 1719 3158 tuum
1784 3102 2251 3179 resurgentem
2301 3091 2617 3181 aspicies.
2681 3097 2853 3160 Tum
2908 3091 3122 3161 dixit:

579 3182 991 3258 AdolescenS,
1032 3181 1154 3247 aba·
1181 3180 1348 3255 dico,
1384 3201 1606 3277 sut-96.
1643 3184 1719 3246 Ec
1767 3180 1960 3257 seda,
2009 3182 2133 3270 qui
2164 3190 2467 3248 mortuas
2513 3184 2763 3268 fuerat,
2801 3191 2860 3248 et
2911 3203 3023 3249 coe
3073 3184 3129 3249 it

582 3271 786 3358 loqui.
843 3267 1270 3345 Adolescens,
1328 3267 1575 3353 inquit,
1622 3267 1746 3335 tibi
1801 3267 1978 3345 dico,
2033 3290 2263 3357 surge.
2312 3268 2436 3337 Sed
2488 3290 2777 3338 curnam
2828 3269 2991 3337 addi
3050 3269 3124 3349 it,

585 3359 725 3424 Tibi
759 3358 953 3425 dieo?
1011 3355 1408 3445 Simplicius
1455 3356 1640 3423 enirn
1704 3356 1931 3424 dicere
1984 3370 2279 3444 poterat:
2333 3357 2454 3442 qui
2505 3371 2818 3426 mortuus
2864 3379 2961 3438 es,
3019 3381 3130 3427 re-

577 3468 801 3535 surge.
867 3447 1025 3534 Ejus
1077 3444 1170 3512 rei
1220 3465 1500 3513 causam
1547 3444 1723 3512 lianc
1772 3465 1921 3513 esse
1969 3445 2284 3523 arbitror,
2352 3446 2532 3531 quod
2580 3446 2948 3515 Salvatoris
2998 3468 3129 3516 vox

579 3556 926 3602 sumniam
980 3534 1112 3600 vim
1149 3532 1435 3609 habens,
1474 3546 1539 3601 et
1585 3533 1758 3602 alios
1810 3547 2114 3603 mortuos
2169 3535 2234 3602 in
2274 3535 2476 3603 vitam
2526 3535 2901 3604 excitatura
2948 3550 3122 3603 erat:

581 3634 934 3711 propterea
974 3621 1145 3690 illud
1196 3621 1485 3700 addidit,
1534 3624 1672 3690 Tibi
1717 3624 1884 3701 dica,
1930 3635 2005 3691 ut
2047 3623 2335 3712 gratiam
2380 3646 2577 3692 suam
2632 3624 2840 3710 hujus
2889 3624 3128 3692 adole-

578 3712 830 3785 scentis
881 3711 1377 3780 resurrectione
1426 3711 2044 3780 circumscriberet.
2082 3717 2219 3781 Hoc
2252 3711 2428 3780 idem
2460 3711 2616 3780 fecit
2641 3724 2707 3780 et
2746 3712 2812 3780 in
2844 3717 3122 3781 Lazaro:

578 3822 710 3867 non
762 3800 946 3867 enim
997 3800 1202 3868 dixit:
1258 3800 1388 3881 Qui
1440 3812 1752 3869 mortuus
1798 3821 1893 3879 es,
1951 3802 2101 3869 veni
2162 3801 2386 3871 foras:
2444 3800 2558 3869 sed
2614 3801 2894 3870 nomine
2936 3822 3126 3870 mor-

576 3901 766 3956 tuum
821 3910 1103 3957 vocans:
1164 3894 1436 3968 Lazare,
1494 3891 1646 3956 veni
1688 3893 1894 3976 foras,
1939 3894 2173 3975 ltaque
2224 3889 2289 3957 id
2342 3890 2522 3968 fecit,
2595 3912 2678 3957 ne
2735 3911 2857 3958 vox
2899 3888 3118 3969 illiuS,

571 3977 691 4061 qui
737 3978 909 4046 vitae
949 3990 1186 4047 auctor
1216 3991 1339 4053 est.
1386 3977 1795 4067 simpliciter
1846 3979 2320 4065 pronunciata,
2360 3978 2613 4047 multos
2653 3989 2955 4047 mortuos
3002 4000 3123 4047 ex—

574 4065 834 4134 citaret.
892 4064 1074 4135 Sedit
1125 4080 1461 4145 mortuus,
1501 4080 1565 4135 et
1611 4067 1835 4156 coepit
1877 4066 2086 4151 loqui,
2149 4066 2320 4135 illud
2374 4067 2741 4135 nimirum:
2795 4069 2943 4135 Nisi
2990 4072 3122 4135 Do-

570 4156 794 4223 minus
834 4157 1200 4244 adjuvasset
1231 4179 1355 4234 me,
1391 4158 1828 4245 paulominus
1864 4157 2224 4224 habitasset
2264 4158 2333 4223 in
2380 4158 2641 4242 inferno
2670 4158 2902 4224 anima
2935 4178 3116 4224 mea.

575 4248 738 4311 Item
794 4243 991 4313 illud:
1046 4248 1360 4313 Dominus
1400 4245 1639 4312 echtoet't
1669 4268 1770 4313 me
1798 4246 1876 4312 cle
1928 4247 2081 4311 lacit
2131 4247 2440 4313 miseriae
2474 4257 2533 4312 et
2568 4246 2821 4313 de‘lttto
2867 4246 3114 4332 faecis:

573 4344 633 4400 ct
667 4336 902 4511 είαςιιίι
951 4358 1158 4423 supra
1192 4346 1455 4423 petram
1492 4334 1693 4423 pedes
1724 4355 1920 4412 meaa,
1960 4344 2019 4400 ec
2053 4334 2305 4402 diremi!-
2331 4357 2599 4423 gressus
2625 4356 2799 4402 meos
2851 4334 2989 4422 (Ps.
3023 4339 3110 4401 93

578 4433 640 4490 et
690 4427 772 4491 39
814 4479 823 4490 .
