3357 4995
693 315 779 381 26
1447 332 1527 381 na
1575 332 1631 381 s.
1687 331 1961 381 smaona
2007 329 2312 381 nomano
2848 308 3063 377 JUNII
3112 307 3135 371 t

611 437 776 508 prae
839 415 1073 507 inopia
1146 416 1373 506 panis.
1462 421 1729 487 Fratres
1800 416 2014 508 igitur
2082 416 2484 488 monasterii
2554 416 2685 486 hac
2766 412 3147 484 calamitate

609 504 985 586 constricti,
1028 526 1111 574 ex
1179 516 1316 576 toto
1364 504 1570 576 corde
1616 510 1831 575 Deum
1884 505 2247 589 invocant,
2301 517 2379 591 ut
2421 506 2545 594 qui
2591 504 2773 574 filios
2822 498 3031 571 lsrael
3079 498 3147 567 in

609 593 851 664 eodem
900 592 1170 663 deserto
1218 597 1497 684 paverat
1556 615 1736 684 pane
1782 594 2102 676 coelesti,
2156 616 2512 667 servorum
2574 612 2861 666 suorum
2910 588 3149 689 digna-

608 695 802 753 retur
849 681 1187 752 misereri.
1242 682 1771 770 Sicque‘habito
1812 683 2127 763 consili0‚
2178 705 2339 753 cum
2391 682 2671 773 hymnis
2719 692 2785 750 et
2831 690 3150 749 orationi-

608 772 743 844 bus
789 770 874 840 ad
928 769 1278 841 tumulum
1331 770 1517 857 quod
1587 771 2024 861 superfuerat
2082 770 2413 841 frumenti
2459 770 2824 851 accedunt,
2883 777 2948 839 et
2992 762 3152 921 quia

611 860 699 930 ab
733 859 989 931 Abbate
1037 860 1107 928 in
1150 858 1500 929 mandatis
1545 873 1977 951 acceperant,
2032 872 2110 930 ut
2161 861 2651 948 unusquisque
2685 914 2700 939 ,
2744 878 2884 945 quo
2929 875 3006 923 ve
3039 852 3144 928 let,

611 948 914 1019 abeundi
947 947 1219 1039 copiam
1271 947 1573 1029 haberet,
1611 949 2037 1020 unanimiter
2068 970 2140 1019 se
2186 948 2657 1030 consolantur,
2701 959 2781 1018 ut
2819 939 3149 1033 quamdiu

611 1058 906 1127 granum
956 1058 1180 1106 unum
1230 1036 1328 1107 ibi
1376 1036 1665 1128 reperiri
1714 1050 1992 1129 posset,
2043 1035 2287 1108 nullus
2335 1037 2701 1108 recederet.
2779 1035 2972 1121 Mira,
3013 1050 3140 1099 res.

610 1128 707 1196 Ab
756 1124 876 1194 illa
922 1122 1035 1224 die
1072 1145 1299 1225 usque
1329 1124 1430 1194 ·ad
1467 1146 1677 1197 novas
1725 1125 1961 1215 fruges
2009 1146 2149 1195 non
2198 1124 2446 1197 defecit
2486 1125 2659 1197 illud
2697 1124 3143 1196 frumentum,

615 1220 777 1284 cum
827 1211 1135 1301 quotidie
1172 1213 1336 1284 inde
1384 1224 1800 1295 sumeretur,
1856 1226 1923 1284 et
1969 1235 2106 1284 non
2156 1214 2382 1285 solum
2433 1215 2644 1284 victui
2693 1213 2983 1283 fratrum
3035 1226 3146 1296 pa-

611 1314 904 1383 raretur,
956 1323 1195 1372 verum
1243 1302 1450 1372 etiam
1498 1302 1862 1384 ArabibuS,
1913 1303 2033 1391 qui
2072 1324 2234 1373 cum
2275 1294 2690 1375 mulierib‘us
2737 1313 2802 1371 et
2850 1293 3146 1388 parvulis

618 1389 1260 1490 septamonasterii
1309 1390 1742 1473 obsidebant,
1787 1391 2386 1485 abundantissime
2439 1391 3009 1464 distribueretur».
3027 1378 3145 1453 Sed

614 1483 696 1549 ad
756 1489 1184 1570 propositum
1244 1479 1632 1551 redeamus.
3155 1538 3158 1541 .

702 1569 739 1655 ξ
788 1572 883 1639 6.
942 1567 1056 1637 Vir
1106 1567 1336 1655 itaque
1391 1568 1509 1637 Dei
1568 1568 1842 1638 Simeon
1902 1590 2143 1639 omnes
2195 1591 2356 1641 suos
2406 1568 2718 1652 labores,
2819 1561 2972 1635 uasi
3031 1577 3147 1649 pro
3210 1649 3213 1654 Ι
3306 1594 3308 1635 2

510 1684 517 1703 ·
615 1655 836 1725 nihilo
884 1655 1173 1737 ducens,
1223 1668 1291 1727 et
1339 1676 1575 1726 amore
1630 1656 2028 1728 solitudinis
2082 1650 2372 1728 interius
2426 1657 2721 1738 ardens,
2822 1676 2858 1723 e
2919 1667 3146 1721 mona-

617 1744 824 1815 sterio
879 1758 1077 1815 caute
1129 1744 1364 1814 exiens
1396 1798 1411 1825 ‚
1474 1746 1789 1816 eremum
1898 1758 2286 1838 ervagatur,
2347 1758 2414 1816 et
2468 1746 2591 1817 ubi
2650 1749 2800 1816 sine
2852 1742 3147 1811 humano

616 1832 876 1903 auxilio
937 1831 1129 1903 solus
1193 1833 1416 1902 vivere
1485 1833 1750 1924 possit,
1876 1820 2192 1925 ili'genter
2258 1836 2548 1929 inquirit
2602 1847 2671 1904 et
2732 1827 3141 1923 speculatur.

616 1921 1151 2013 Igitur·itineris
1198 1921 1310 1991 sui
1358 1922 1646 2011 vestigia
1694 1921 1887 1992 molli
1935 1922 2170 1993 fabulo
2219 1923 2582 2014 impresso,
2635 1935 2805 2002 arte,
2857 1938 2993 2007 qua
3029 1932 3145 2003 po-

614 2023 786 2081 terat
831 2009 1249 2091 destruebat,
1286 2030 1372 2079 ne
1419 2009 1879 2098 aliquis'eum
1929 2012 2201 2099 insequi
2250 2025 2479 2102 posset
2516 2011 2618 2081 vel
2673 2008 3001 2081 invenire.
3033 2007 3150 2072 Pa-

615 2119 1028 2199 nem-quem
1078 2098 1413 2198 portabat,
1471 2097 1699 2169 lassus
1747 2099 2139 2202 frequenter
2190 2100 2575 2190 rejiciebat:
2612 2100 2736 2170 sed
2773 2093 3148 2185 recogitans

615 2209 689 2256 se
735 2186 863 2256 diu
909 2208 1046 2256 non
1143 2208 1298 2257 osse
1345 2208 1568 2257 Vivere
1627 2188 1777 2259 sine
1822 2189 1961 2258 cibi
2023 2189 2541 2270 sustentatione,
2592 2188 2911 2278 gaudens
2959 2199 3144 2251 resu-

615 2275 866 2376 mebat.
920 2280 1057 2345 Tan
1112 2298 1220 2376 em
1249 2275 1339 2376 de
1372 2275 1732 2346 altissimis
1779 2276 2073 2368 rupibus
2120 2276 2445 2348 deorsum
2481 2288 2953 2369 prospectans,
2990 2278 3145 2360 par*

612 2385 969 2434 vissimam
1021 2362 1378 2454 planitiem
1428 2375 1665 2435 contra
1715 2386 1977 2436 morem
2023 2366 2237 2435 eremi
2285 2385 2441 2435 raro
2480 2366 2794 2457 germine
2827 2364 3147 2431 virentem

550 2466 559 2473 ·
614 2452 920 2544 respicit,
971 2473 1181 2542 seque
1229 2451 1397 2523 illuc
1447 2462 1585 2523 non
1635 2453 1786 2524 sine
1842 2475 2093 2545 magno
2147 2453 2457 2545 periculo
2496 2454 2803 2545 deponit.
2867 2455 3146 2521 Parvum

611 2541 871 2613 fontem
921 2543 1204 2624 invenit,
1259 2547 1391 2612 Deo
1428 2542 1689 2633 gratias
1723 2542 1969 2623 reddit,
2025 2543 2260 2631 ibique
2309 2565 2590 2614 manere
2636 2541 2967 2635 disponit.
3025 2539 3147 2603 De-

615 2631 837 2713 liciae,
888 2652 1064 2719 quas
1111 2653 1348 2701 secum
1396 2630 1759 2713 detulerat,
1824 2642 2020 2702 erant
2066 2631 2470 2703 Psalterium
2503 2687 2519 2712 ‚
2574 2645 2892 2702 sanctum
2937 2631 3150 2706 ,Evan-

614 2719 902 2810 gelium,
948 2742 1065 2789 vas
1094 2719 1182 2789 ad
1219 2720 1630 2811 potandum,
1736 2721 1912 2802 anis,
1958 2720 2228 2790 semina
2265 2719 2601 2791 caulium.
2639 2725 2909 2791 Praeter
2937 2728 3152 2810 pauca

614 2809 1046 2888 vestimenta,
1099 2808 1198 2878 nil
1238 2807 1431 2878 aliud
1481 2807 1666 2899 possi
1723 2809 1900 2879 ebat.
1958 2812 2114 2879 Sata
2160 2810 2430 2880 semina
2478 2822 2631 2899 post
2683 2808 2966 2910 triginta
3013 2799 3151 2898 dies

604 2895 1001 2997 jucundum
1031 2896 1191 2996 ‘sine
1228 2898 1387 2987 igne
1435 2898 1908 2997 praebuerunt
1945 2899 2227 2968 victum.
2282 2902 2450 2967 Cum
2498 2898 2840 2988 capreolis
2885 2905 2952 2963 et
2996 2888 3147 2984 alu-s

612 3006 825 3053 eremi
871 2984 1204 3066 bestiolis,
1259 3006 1347 3054 ne
1393 2985 1527 3055 sibi
1574 2986 1809 3057 caules
1856 2985 2244 3067 auferrent,
2302 3007 2465 3057 cum
2515 2986 3148 3076 pabulatum'vem·

615 3084 791 3153 rent,
846 3071 1171 3160 frequens
1220 3073 1606 3144 habebatur
1703 3074 2020 3145 raelium.

670 3164 740 3261 ⁸§
787 3164 864 3232 ⁸2.
928 3165 1082 3232 Post
1129 3160 1386 3232 multos
1430 3183 1594 3252 ergo
1694 3164 1790 3233 ies
1837 3153 1925 3232 ab
1973 3162 2227 3233 Abbate
2287 3163 2707 3251 requiritur,
2764 3160 2888 3234 ubi
2954 3157 3150 3226 frater

618 3254 892 3350 Simeon
959 3250 1352 3321 habeatur?
1400 3255 1532 3322 Res
1582 3272 1835 3321 onsum
1896 3264 2001 3321 est
2046 3273 2087 3320 a
2132 3252 2433 3340 quodam
2482 3252 2739 3333 fratre,
2794 3252 2864 3327 in
2926 3257 3146 3317 eremo

616 3337 813 3407 illum
865 3360 1016 3409 esse
1071 3359 1143 3408 se
1192 3339 1389 3420 scire,
1446 3361 1519 3409 se
1614 3340 1739 3410 ubi
1786 3339 2122 3420 locorum,
2179 3341 2466 3412 nescire.
2524 3340 2618 3410 Ad
2668 3331 3151 3429 requirendum

616 3448 780 3518 ergo
828 3426 1071 3497 fratres
1108 3427 1656 3516 circumquaque
1706 3428 2099 3510 mittuntur,
2153 3441 2219 3498 et
2263 3441 2343 3500 ut
2382 3429 2470 3498 ad
2517 3427 3013 3501 monasterium
3051 3435 3150 3515 ref-

613 3527 939 3597 vertatur,
980 3538 1100 3605 per
1139 3516 1604 3586 obedientiam
1657 3517 2052 3587 mandatur.
2100 3517 2228 3587 Diu
2272 3517 2671 3606 requisitus,
2710 3518 2818 3586 vix
2897 3523 3001 3583 ost
3033 3504 3150 3576 alt-

614 3617 782 3705 quot
813 3605 961 3675 dies
992 3605 1363 3687 invenitur,
1409 3617 1474 3676 et
1513 3605 1900 3676 secundum
1941 3605 2222 3677 Abbatis
2270 3618 2738 3696 praeceptum,
2782 3537 2893 3675 ad³
2922 3613 3151 3688 mona·-

615 3708 898 3764 sterium
936 3693 1343 3785 regreditur.
1396 3698 1661 3764 Interea
1694 3694 1938 3766 fratres
1983 3694 2271 3781 aliquot,
2310 3716 2434 3783 pro
2463 3692 2993 3765 necessitatibus
3025 3686 3152 3754 loct

612 3783 684 3851 in
732 3782 1190 3853 occidentales
1222 3795 1448 3873 partes
1490 3782 1759 3865 directi,
1813 3782 2229 3854 moriuntur.
2291 3782 2632 3864 Pecunia,
2693 3784 2896 3873 quus
2950 3768 3154 3847 causa
3235 3837 3252 3852 .

610 3870 854 3944 fratres
883 3872 1218 3954 abierant,
1255 3892 1435 3959 quae
1460 3871 1547 3941 de
1582 3882 1763 3942 terra
1801 3871 2133 3944 Richardi
2180 3871 2461 3941 Comitis
2500 3866 2974 3942 Nortmannici
3007 3880 3151 3959 mo·-

611 3961 913 4032 nasterio
951 3960 1354 4040 debebatur,
1408 3959 1497 4030 ab
1543 3961 1696 4051 ipso
1743 3958 2112 4051 diligenter
2157 3972 2627 4044 conservatur,
2665 3972 2879 4048 utque
2909 3951 3156 4040 aliquis

610 4050 837 4121 fidelis
885 4051 1199 4120 mittatur
1245 4048 1498 4130 frater,
1554 4049 1677 4137 qui
1723 4070 1875 4119 eam
1941 4048 2029 4118 ad
2092 4048 2593 4119 monasterium
2660 4047 2978 4139 perferat,
3039 4054 3156 4135 pqr

610 4139 874 4231 legatos
926 4138 1318 4208 mandatur.
1372 4138 1741 4208 Communi
1788 4136 2080 4208 consilio
2136 4134 2207 4205 id
2259 4137 2517 4227 negotii
2570 4136 2834 4208 famulo
2890 4131 3003 4203 Dei
3060 4131 3158 4196 St-

611 4226 841 4299 meoni
891 4227 1372 4297 committitur.
1412 4226 1535 4326 Ille
1585 4226 1791 4326 prius
1828 4246 2144 4306 renuere,
2178 4223 2411 4295 dicere
2440 4224 2636 4297 aliud
2666 4225 2799 4298 sibi
2826 4224 2896 4295 in
2929 4217 3159 4311 animo

611 4337 786 4397 esse,
843 4315 1151 4398 multum,
1189 4316 1431 4387 obesse
1478 4315 1613 4387 sibi
1660 4314 2083 4384 vanitatibus
2122 4311 2336 4404 hujus
2384 4314 2603 4386 seculi
2649 4314 2877 4384 denuo
2932 4310 3162 4379 immt-

617 4405 835 4490 sceri,
882 4405 1318 4497 propositum
1366 4403 1553 4493 quod
1602 4404 1922 4475 retineret
1978 4401 2247 4484 animo,
2305 4413 2384 4473 ut
2453 4403 2522 4473 id
2597 4403 2831 4475 liceret
2884 4419 2958 4470 re
3015 4395 3165 4484 ipsa
