3357 4995
185 330 401 395 JUNII
452 331 533 393 24
878 349 955 393 nn
1003 348 1376 395 NArivirATE
1423 349 1478 394 s.
1533 346 1797 394 JOANNIS
1845 347 2025 393 narr.
2514 330 2641 395 5⁴3

188 431 376 499 Multi
433 431 497 499 in
552 432 900 500 nativitate
947 431 1096 520 ejus
1136 431 1560 521 gaudebunt.
1616 436 1730 500 Est
1759 431 1942 500 enim
1990 441 2149 499 tuus
2197 431 2478 518 quidem
2513 431 2724 514 filius,

190 532 384 588 tuum
439 541 743 609 germen,
807 521 1072 589 fructus
1120 533 1349 589 autem
1400 521 1837 590 communis:
1896 526 1996 589 Tu
2031 531 2265 608 pater:
2320 521 2441 607 qui
2502 534 2730 590 autem

190 610 522 686 nascitur,
559 623 661 677 cst
709 609 993 677 lucerna
1032 609 1376 677 omnium.

275 698 311 782 ξ
358 703 433 768 ¹2.
488 702 668 766 Haec
716 720 876 766 curn
917 697 1251 766 audiisset
1297 698 1681 780 Zacharias,
1734 698 1947 767 evasit
1980 697 2185 768 simul
2236 698 2453 766 laetus
2499 709 2563 766 et
2609 721 2739 767 cu-.

193 785 438 855 riosuS.
494 786 774 855 curiosa
807 798 987 854 certe
1032 787 1443 876 cogitatione
1485 809 1647 856 cum
1699 787 2074 877 accepisset
2120 787 2304 873 quod
2354 787 2415 854 ei
2464 787 2732 876 signifi-

188 874 386 944 cabat
434 875 728 954 Gabriel,
786 874 1139 963 respondit
1188 898 1321 945 non
1376 899 1535 946 cum
1596 876 1762 946 satis
1812 898 2065 966 magna
2114 875 2288 944 fide:
2347 875 2536 943 Unde
2603 875 2735 944 hoc

191 964 450 1034 sciam?
481 968 623 1033 Non
675 962 831 1032 tulit
879 963 1146 1033 Gabriel
1212 966 1573 1034 Zachariae
1628 966 2260 1054 interrogationem,
2330 964 2445 1032 sed
2497 963 2734 1032 nihili-

236 1050 427 1121 endit
474 1052 919 1132 sacerdotem,
958 1055 1078 1139 qui
1109 1053 1304 1123 offert
1349 1054 1631 1140 quidem
1666 1053 2002 1135 suffitum,
2059 1053 2265 1121 fidem
2315 1066 2544 1121 autem
2596 1075 2733 1122 non

236 1141 414 1220 abet,
446 1153 512 1210 et
542 1163 700 1210 cum
737 1143 909 1209 iram
945 1141 1141 1211 vultu
1168 1141 1559 1222 indicasset,
1602 1144 1770 1212 haec
1799 1143 1990 1212 dixit:
2038 1147 2088 1212 O
2114 1141 2458 1220 Zacharia,
2494 1163 2733 1210 eorum

185 1252 362 1316 quae
413 1231 577 1310 dixi,
617 1255 657 1299 a
688 1253 796 1298 me
846 1231 1071 1319 poscis
1106 1230 1542 1300 rationem?A
1588 1233 1702 1300 Dei
1736 1231 2048 1300 ministro
2097 1230 2312 1319 exigis
2355 1229 2735 1300 rationem?

190 1324 354 1387 Cum
409 1320 632 1389 bonus
680 1320 801 1388 tibi
877 1319 1201 1388 afferatur
1259 1323 1603 1397 nuncius,
1670 1321 1925 1410 pignus
1988 1320 2213 1409 petis?
2272 1325 2414 1388 Non
2532 1320 2737 1388 ratias

191 1430 426 1496 agenS,
468 1409 585 1478 sed
634 1408 1059 1484 examinans,
1112 1408 1347 1477 divina
1392 1409 1574 1477 dona
1635 1409 1935 1498 suscipis
1991 1421 2055 1477 et
2101 1408 2298 1477 dicis:
2357 1413 2454 1477 Un
2511 1429 2550 1476 e
2607 1409 2736 1477 hoc

191 1497 405 1565 sciam
436 1501 465 1564 ἵ)
496 1503 631 1586 Ego
663 1520 816 1566 sum
870 1496 1165 1578 Gabriel,
1204 1519 1442 1566 eorum
1477 1519 1652 1583 quae
1688 1497 1866 1567 dicta
1911 1509 2096 1577 sunt,
2155 1497 2429 1586 pignus,
2486 1518 2736 1566 nomen

192 1607 425 1654 meum
459 1587 715 1676 accipe,
751 1599 837 1666 et,
892 1585 949 1654 si
984 1587 1108 1655 hoc
1137 1609 1177 1654 a
1212 1599 1271 1655 te
1315 1586 1809 1675 parviducitur,
1848 1608 2186 1676 cognosce
2232 1585 2732 1656 auctoritatem:

191 1678 333 1763 Ego
370 1697 549 1754 sum,
603 1676 725 1761 qui
773 1674 965 1744 adsto
1005 1688 1161 1744 ante
1213 1675 1603 1743 Dominum.
1662 1681 1761 1744 Me
1793 1676 1851 1746 si
1884 1675 2209 1765 deinceps
2243 1673 2416 1744 falsa
2460 1695 2742 1743 narrare

191 1763 566 1843 existimaS,
612 1786 781 1832 num
826 1763 946 1832 tibi
987 1764 1306 1832 succedet
1337 1763 1730 1832 accusatio?
1765 1769 1900 1853 Ego
1933 1764 2119 1832 enim
2154 1785 2335 1844 sum,
2389 1763 2511 1849 qui
2544 1763 2740 1832 adsto

193 1864 351 1921 ante
404 1852 793 1932 Dominum,
847 1865 912 1920 et
958 1852 1177 1920 dicis:
1234 1853 1425 1921 Unde
1466 1853 1592 1921 hoc
1642 1853 1922 1921 sciam?
1971 1851 2163 1921 Unde
2215 1852 2341 1920 hoc
2390 1852 2611 1923 scies?
2643 1858 2741 1920 Tu

191 1960 265 2009 cs
313 1941 525 2020 enim,
580 1941 837 2028 inquis,
874 1961 1101 2020 senex,
1131 1954 1195 2010 et
1217 1963 1387 2011 uxor
1410 1953 1525 2010 tua
1576 1941 1908 2030 processit
1946 1941 2014 2009 in
2049 1940 2298 2009 diebus
2337 1941 2508 2010 suiS.
2545 1946 2740 2009 Tem-

194 2050 351 2116 pu5,
408 2051 447 2097 o
496 2029 837 2109 sacerdos,
895 2029 1219 2116 majorem
1260 2029 1446 2120 apud
1487 2043 1546 2098 te
1593 2029 1798 2098 habet
1830 2030 2327 2108 auctoritatem,
2366 2051 2576 2116 quam
2625 2035 2742 2097 Ar-

192 2117 533 2187 chitectus
585 2117 960 2208 temporis?
1009 2124 1148 2186 Non
1197 2140 1426 2189 cessas
1473 2140 1636 2208 ergo
1691 2123 1818 2188 Deo
1860 2140 1994 2186 non
2046 2117 2280 2197 fidere,
2335 2132 2398 2186 et
2450 2118 2742 2207 tempori

193 2205 458 2284 cedere,
499 2207 616 2275 sed
653 2207 850 2287 dicis,
887 2207 1072 2276 Unde
1106 2207 1233 2276 hoc
1267 2208 1478 2276 sciam
1503 2211 1534 2275 ἶ)
1567 2207 1923 2289 Quomodo
1971 2206 2274 2275 didicisti
2324 2211 2515 2275 Isaac
2551 2205 2740 2275 nasci

192 2314 271 2360 ex
318 2295 760 2365 Abrahamo?
806 2295 1379 2382 Quandoquidem
1428 2296 1768 2372 credidit,
1825 2308 2009 2365 aetas
2073 2295 2545 2363 confirmavit:
2604 2316 2740 2362 non

193 2383 526 2467 quoniam
579 2384 891 2464 credidit,
945 2396 1258 2454 senectus
1295 2406 1428 2453 non
1460 2385 1772 2454 obediit?
1804 2385 1870 2452 Si
1920 2397 2149 2452 autem
2181 2384 2366 2470 quod
2402 2382 2486 2451 de
2525 2382 2742 2451 sterili

192 2469 476 2551 dicitur,
541 2472 807 2544 videtur
856 2495 987 2543 non
1044 2495 1239 2563 posse
1303 2473 1495 2554 fieri,
1549 2473 1897 2561 quomodo
1958 2473 2076 2541 tibi
2131 2472 2400 2542 audebo
2460 2472 2742 2541 credere

195 2563 604 2648 mysterium
645 2563 983 2654 Virginis?
1031 2564 1099 2631 Si
1149 2584 1310 2652 ergo
1366 2586 1527 2632 cum
1578 2563 1834 2634 multas
1885 2563 2140 2632 habeas
2190 2562 2686 2630 similitudines
2720 2617 2736 2641 ‚

197 2649 495 2738 pignora
542 2652 780 2741 exigis,
833 2652 1175 2739 quomodo
1208 2653 1499 2721 narrabo
1546 2674 1725 2729 eam,
1777 2674 1955 2739 quae
2001 2664 2103 2721 est
2152 2650 2487 2741 superior,
2549 2650 2745 2720 Verbi

197 2740 776 2829 conceptionem?
805 2746 951 2822 Qua
998 2740 1081 2809 de
1119 2763 1328 2809 causa
1355 2741 1593 2811 multis
1640 2753 1799 2810 ante
1847 2739 2097 2812 seculis
2145 2739 2382 2809 Isaias,
2429 2739 2498 2807 id
2550 2761 2744 2829 prae-

202 2824 400 2908 dixit,
456 2828 734 2897 dicens:
774 2834 941 2911 Ecce
988 2830 1179 2930 virgo
1210 2830 1552 2919 concipiet
1599 2831 1668 2897 in
1697 2843 1915 2911 utem,
1959 2841 2023 2897 et
2059 2828 2274 2918 pariet
2322 2827 2596 2898 filium?
2627 2826 2750 2896 Ille

198 2936 361 2983 cum
393 2917 819 2996 credidisset,
877 2917 1292 3008 praed1cavit
1337 2917 1517 3004 quod
1567 2932 1670 2988 est
1728 2919 1994 3009 majus:
2049 2923 2149 2986 Tu
2196 2929 2424 2987 autem
2474 2938 2632 2986 cum
2685 2917 2748 2985 ei

199 3006 388 3088 quod
440 3020 542 3076 est
575 3007 810 3075 minus
860 3029 994 3076 non
1027 3006 1423 3086 credideriS,
1471 3029 1510 3075 a
1544 3030 1650 3076 me
1686 3008 1902 3097 exigis
1936 3007 2296 3086 rationem,
2322 3006 2445 3093 qui
2492 3028 2529 3073 e
2557 3004 2749 3075 coelo

201 3090 286 3158 ad
341 3106 405 3163 te
456 3118 580 3184 pro
636 3108 733 3195 ter
765 3108 828 3163 te
880 3118 1032 3166 sum
1086 3096 1388 3165 missus?
1423 3096 1548 3165 Sed
1598 3098 1927 3183 quoniam
1963 3096 2083 3165 tibi
2114 3108 2215 3164 est
2247 3094 2436 3164 cordi
2467 3095 2749 3185 signum

199 3181 515 3272 accipere
559 3119 722 3272 (lioc
752 3184 936 3252 enim
982 3184 1257 3273 petiisti,
1292 3197 1355 3253 et
1391 3185 1655 3253 utinam
1709 3207 1843 3254 non
1896 3184 2259 3274 petiisses),
2300 3198 2534 3253 mutus
2579 3182 2743 3263 eriS‚

204 3279 271 3336 et
323 3294 485 3342 voce
534 3273 823 3351 carebi5‚
854 3284 919 3341 et
952 3273 1079 3341 hoc
1110 3273 1237 3342 erit
1283 3274 1563 3372 signum
1601 3273 1729 3341 filii
1761 3272 2273 3363 procreationis.
2310 3272 2456 3342 Eris
2488 3283 2744 3351 tacenS,

205 3355 427 3430 donec
479 3384 588 3431 res
637 3362 841 3432 verba
904 3362 1485 3431 confirmaverint.
1553 3368 1646 3431 Ex
1694 3361 2071 3452 generandi
2126 3361 2601 3430 instrumentis
2663 3359 2749 3429 ad

200 3448 391 3516 vocis
432 3450 895 3520 instrumenta
946 3462 1295 3520 transeant
1340 3451 1617 3519 vincula
1668 3450 2067 3521 sterilitatis.
2123 3454 2293 3518 Voce
2347 3448 2745 3539 impedituS‚

202 3553 438 3607 vocem
493 3539 666 3607 mihi
699 3540 1008 3628 concipe.
1049 3537 1157 3607 llli
1184 3540 1370 3608 enim
1405 3539 1531 3608 soli
1562 3540 1776 3628 patris
1815 3538 2144 3608 delictum
2179 3538 2607 3609 condonabo.
2640 3543 2755 3607 Est

204 3625 477 3697 amicus
515 3627 809 3697 Domini.
853 3627 1047 3709 Quae
1093 3627 1261 3708 vult,
1303 3628 1467 3717 petit
1516 3644 1586 3695 ut
1636 3627 1928 3696 amicus.

290 3713 456 3867 {8⁹
515 3723 682 3786 Cum
715 3717 882 3785 haec
917 3717 1106 3785 intus
1155 3716 1421 3789 fierent.
1465 3730 1528 3785 et
1578 3716 1992 3787 dicerentur.
2053 3728 2324 3804 tempus
2374 3716 2556 3804 quod
2619 3728 2756 3784 tra-

209 3794 294 3864 he
346 3815 553 3885 atur,
610 3804 1125 3874 multitudinem
1193 3804 1430 3896 populi
1482 3806 1706 3874 affecit
1761 3804 2261 3885 admiratione,
2322 3818 2388 3874 et
2446 3826 2623 3891 quae
2684 3804 2754 3874 in

209 3887 427 3960 multa
484 3893 999 3964 distrahebatur
1048 3894 1376 3984 suspiciO,
1431 3895 1809 3979 unicuique
1870 3892 2172 3962 dictabat
2218 3893 2288 3960 id
2339 3894 2520 3979 quod
2573 3893 2760 3961 vide-

209 3967 436 4059 batur,
494 3982 737 4063 donec,
792 3996 1155 4074 postquam
1206 3983 1640 4073 apparuisset
1688 3982 2071 4063 ZachariaS,
2117 3982 2328 4051 silens
2375 4004 2453 4050 ea
2492 3981 2754 4062 docuit,

214 4076 391 4163 quat}
447 4092 697 4158 passus
743 4084 845 4142 est
900 4072 1068 4142 dum
1119 4071 1340 4143 latuit.
1421 4077 1787 4159 Postquam
1860 4082 2088 4140 autem
2173 4071 2521 4161 implesset
2614 4071 2762 4141 dies

218 4161 606 4248 m1n1sterii‚
651 4161 822 4232 abiit
866 4161 1177 4246 domum,
1231 4161 1300 4229 in
1353 4161 1729 4232 visceribus
1778 4160 2041 4230 habens
2082 4160 2340 4230 bonum
2394 4159 2751 4237 nuncium,

218 4244 285 4301 θῑ
334 4259 402 4307 ln
452 4268 568 4318 ore
607 4250 904 4320 frenum.
960 4256 1035 4320 Et
1070 4251 1197 4321 hoc
1226 4250 1508 4338 quidem
1548 4261 1671 4330 est,
1724 4260 1801 4319 ut
1848 4247 2092 4318 dsxerit
2138 4248 2511 4338 quispiam,
2565 4253 2764 4317 Prae-

218 4334 525 4420 cursoris
573 4338 996 4439 principium
1047 4338 1539 4429 conceptionis
1580 4338 1790 4427 Cujus
1825 4350 2098 4427 partum
2135 4337 2194 4406 si
2234 4337 2524 4407 velimus
2566 4356 2763 4435 prae-

222 4408 476 4500 dmm-e,
532 4428 824 4515 proxim1
857 4427 1010 4497 festi
1056 4448 1332 4497 necesse
1377 4439 1479 4496 est
1525 4426 1808 4496 omnino
1858 4426 2278 4497 meminisse.
2334 4431 2526 4497 Sexto
2574 4445 2760 4494 enim

383 4530 624 4593 Sarius
654 4568 671 4580 ·
706 4536 869 4596 Vitae
894 4537 1004 4598 SS.
1030 4568 1052 4579 -
1081 4535 1207 4598 Vol.
1239 4536 1339 4597 vl.
2529 4535 2605 4595 33
