3357 4995
416 79 429 96 fi
488 93 521 118 .-
604 117 643 144 -

606 171 643 190 ...-

165 335 331 401 JUNII
372 336 423 400 2
673 351 1012 399 TRANSLAT.
1068 351 1160 399 ss.
1217 352 1331 400 nu.
1388 354 1567 401 parm
1615 354 1692 401 Er
1739 353 2119 402 macl-:cum
2508 341 2592 405 89

168 432 653 515 Υεάἃειί.,οιιᾶε
700 454 860 502 cum
911 442 1069 501 ante
1103 445 1520 503 memoratas
1570 438 1980 504 Sanctorum
2031 434 2361 522 reliquias
2412 458 2535 527 pro
2567 458 2676 507 re-

168 522 468 592 stitutione
509 519 759 592 salutis
796 523 974 590 'suae
1002 521 1370 592 Dominum
1421 522 1772 593 Christum
1815 522 2227 613 suppliciter
2258 525 2670 606 invocasset,

166 632 340 681 eoram
376 609 715 680 omnibus
743 608 859 695 qui
893 608 1180 679 aderant
1227 623 1453 681 erecta
1506 623 1634 691 est,
1677 624 1744 681 et
1790 612 2138 699 integrum
2191 613 2503 702 corporis
2562 615 2674 684 sui

164 712 368 770 statum
421 699 493 767 in
547 709 895 768 momento
936 699 1264 789 temporis
1312 700 1617 789 recipere
1650 699 1904 771 meruit
1937 700 1994 768 ²⁶.

220 790 251 875 ξ
288 791 419 861 1⁸2.
470 785 778 862 'rentum
824 808 1099 875 quoque
1128 786 1441 859 libellum
1473 787 1874 860 detulerunt
1920 788 2095 858 mihi
2143 788 2387 861 fratres
2415 790 2502 860 de
2529 812 2675 862 mo-

158 876 414 947 nasterio
464 880 531 945 S.
578 875 864 948 S‘ervatii
909 875 1346 956 confessoris,
1383 877 1566 965 quod
1618 876 1834 948 situm
1862 891 1964 948 est
1994 878 2066 948 in
2100 878 2252 969 ripa
2289 884 2513 950 Mosae
2543 880 2677 949 ssu-

153 966 354 1047 minis,
388 965 460 1034 in
495 965 645 1036 vico
669 965 791 1053 qui
825 964 1166 1052 hodieque
1191 966 1546 1054 Trajectus
1594 978 1902 1049 vocatur,
1937 977 2003 1037 et
2027 966 2239 1039 distat
2264 967 2352 1037 ab
2379 970 2678 1055 Aquensi

152 1054 375 1142 palatio
432 1053 896 1132 octocirciter
941 1052 1200 1136 leucas„
1245 1066 1484 1142 estque
1532 1055 1998 1127 habitantium
2039 1068 2106 1126 et
2140 1056 2511 1148 praecipue
2563 1078 2680 1126 ne—

148 1145 535 1233 gotiatorum
569 1140 1019 1214 multitudine
1067 1141 1698 1230 frequentissimus.
1732 1145 1946 1234 Cujus
1996 1156 2219 1215 textus
2259 1145 2320 1214 si
2356 1146 2530 1216 bene
2581 1168 2678 1214 re·

147 1232 297 1312 colo,
321 1232 391 1301 in
412 1230 911 1301 hunc—modum
940 1230 1211 1303 videtur
1232 1253 1383 1302 esse
1406 1234 1856 1321 compositus
1888 1235 2235 1305 Adventus
2267 1239 2676 1304 Sanctorum

148 1321 366 1390 Christi
418 1331 805 1409 martyrum
856 1320 1231 1390 Marcellini
1262 1333 1328 1392 et
1360 1321 1537 1391 Petri
1567 1321 1654 1390 ad
1697 1322 1926 1393 vicum
1961 1324 2347 1414 Trajectum
2390 1323 2680 1413 contigit

147 1409 346 1507 pridie
381 1414 610 1480 Nonas
654 1407 872 1478 sunii.
910 1413 1075 1478 Nam
1130 1409 1282 1500 ipso
1311 1409 1423 1480 die
1453 1411 1640 1480 venit
1667 1411 1770 1481 eis
1808 1411 2080 1481 obviam
2116 1411 2201 1481 de
2250 1410 2491 1482 eodem
2530 1413 2677 1481 vico

150 1499 450 1570 immanis
496 1496 874 1568 multitudo
923 1497 1167 1588 populi
1205 1498 1292 1567 ad
1348 1499 1863 1600 susceptionem
1899 1500 2180 1570 illorum
2230 1512 2674 1591 congregata,

151 1585 418 1657 laudans
462 1598 529 1656 et
561 1586 978 1656 benedicens
1029 1591 1241 1657 Deum
1291 1609 1503 1678 super
1548 1604 1893 1658 immensa
1956 1601 2163 1677 atque
2225 1589 2680 1659 inenarrabili

150 1675 597 1746 misericordia
645 1696 795 1755 sua,
839 1695 979 1762 qua
1020 1697 1143 1776 per
1171 1688 1395 1746 tantos
1443 1689 1772 1768 patronos
1806 1677 2142 1769 populum
2182 1678 2249 1745 in
2288 1699 2359 1747 se
2393 1677 2681 1747 creden-

154 1775 270 1831 tem
306 1776 368 1834 et
397 1762 859 1834 confidentem
909 1764 1186 1834 visitare
1232 1764 1563 1856 dignatus
1611 1778 1737 1836 est.
1793 1770 2102 1853 Cumque
2163 1766 2272 1837 his
2322 1766 2735 1870 laudibus·

151 1851 477 1926 etlaetitia
526 1851 821 1941 spiritali
858 1874 1082 1939 usque
1142 1853 1228 1923 ad
1280 1853 1641 1924 basilicam
1704 1855 1886 1924 beati
1936 1855 2222 1925 Servatii
2273 1868 2678 1945 perventum

151 1951 277 2021 est,
326 1940 821 2027 celebratisque
890 1963 1050 2011 cum
1104 1963 1357 2032 magna
1409 1944 1727 2012 omnium
1777 1943 2238 2033 gratulatione
2309 1944 2675 2014 Missarum

151 2028 474 2111 solemnis,
507 2041 573 2100 et
620 2029 963 2100 universis
1002 2029 1086 2099 ad
1120 2053 1245 2101 sua
1290 2033 1601 2112 reversiS‚
1636 2031 1985 2114 feretrum,
2020 2053 2158 2119 quo
2191 2033 2372 2102 sacri
2406 2032 2674 2102 cineres

152 2116 387 2187 advecti
432 2130 620 2198 sunt,
660 2140 702 2187 a
747 2117 1005 2188 dextris
1053 2118 1290 2189 altaris
1312 2121 1514 2209 juxta
1558 2120 1907 2191 cancellas
1938 2120 2349 2191 collocatum
2382 2133 2522 2190 est:
2579 2131 2677 2189 to-

152 2216 373 2362 rusque
416 2206 533 2276 ille
590 2206 742 2276 dies
796 2229 958 2278 cum
1007 2208 1077 2276 in
1130 2207 1273 2278 enti
1320 2208 1561 2278 eodem
1611 2209 1681 2277 in
1746 2211 1893 2278 vico
1941 2210 2383 2281 consistentis
2431 2209 2674 2300 populi

151 2313 266 2363 exu
296 2296 538 2366 tatione
584 2308 790 2382 atque
838 2296 1058 2384 jucun
1116 2298 1279 2367 itate
1336 2310 1865 2368 consummatus
1912 2311 2035 2368 est.
2092 2302 2397 2386 Cumque
2433 2297 2518 2367 ad
2564 2319 2672 2367 ve·

153 2384 507 2470 spertinum
562 2384 867 2454 officium
915 2385 1115 2476 juxta
1169 2385 1742 2456 consuetudinem
1792 2385 2311 2468 celebrandum,
2357 2386 2669 2456 eamdem

151 2469 480 2543 basilicam
528 2471 907 2544 fuissemus
939 2474 1259 2565 ingressi,
1305 2474 1541 2545 'aderat
1572 2475 1753 2545 inter
1783 2487 2087 2546 caeteros
2137 2496 2308 2566 puer
2355 2474 2668 2563 quidam,

154 2561 407 2631 nomine
438 2563 832 2663 Berngisus,
897 2583 1105 2650 quem
1156 2564 1531 2653 propinqui
1571 2564 1682 2635 sui
1714 2564 1800 2633 de
1847 2586 2026 2656 pago
2075 2564 2469 2634 Gundensio
2518 2577 2675 2632 ante

155 2668 384 2735 paucos
427 2649 576 2721 dies
624 2650 792 2721 illuc
825 2652 1198 2732 venientes,
1239 2652 1681 2723 adduxerunt
1709 2674 1990 2724 caecum
2043 2675 2083 2722 a
2117 2654 2488 2723 nativitate.
2543 2653 2674 2734 Qui

160 2736 359 2808 subito
404 2760 634 2809 coram
674 2739 1001 2810 omnibus
1032 2740 1102 2808 in
1146 2741 1619 2832 pavimentum
1669 2740 1942 2821 cecidit,
1994 2741 2229 2829 ibique
2262 2738 2676 2828 aliquandiu

158 2824 318 2897 vetut
342 2849 579 2918 sopore
624 2828 997 2919 depressus
1018 2829 1281 2918 jacuit:
1319 2851 1612 2916 moxque
1636 2831 1895 2921 apertis
1924 2830 2170 2907 oculis,
2205 2830 2431 2900 lucem
2462 2851 2673 2917 quam

161 2932 484 3004 nunquam
531 2930 692 2987 ante
738 2916 930 2998 vidit,
985 2918 1251 2989 Christo
1301 2919 1760 3019 Domino0-per
1794 2920 2036 2989 merita
2067 2924 2475 2990 Sanctorum
2512 2940 2674 2989 suo-

162 3020 293 3072 rum
336 3005 651 3086 donante,
695 3006 1071 3095 conspexit.
1116 3007 1282 3077 Exin
1310 3007 1555 3094 quinta
1580 3006 1715 3089 dte,
1770 3008 1840 3077 id
1889 3020 2014 3089 est,
2071 3021 2255 3079 sexto
2289 3008 2453 3079 Idus
2477 3007 2673 3077 Junii

162 3086 336 3162 homo
376 3093 663 3181 quidam
710 3106 1165 3184 cognomento
1204 3095 1657 3178 HildimaruS‚
1697 3097 1819 3183 qui
1850 3097 2108 3167 surdus
2136 3110 2283 3167 erat
2310 3110 2375 3167 et
2408 3109 2667 3176 mutuS,

164 3186 359 3250 coram
403 3182 661 3253 eisdem
712 3183 929 3253 sacris
977 3188 1383 3254 Sanctorum
1434 3183 1771 3273 reliquiiS,
1835 3199 1901 3256 et
1947 3186 2262 3257 auditum
2316 3185 2572 3276 pariter
2608 3197 2673 3253 et

166 3262 470 3354 loquelam
509 3291 635 3362 per
679 3272 999 3342 virtutem
1031 3273 1279 3344 Christi
1328 3273 1605 3364 recepit.

232 3358 265 3443 ξ
298 3362 426 3432 18.
465 3359 718 3430 Eodem
742 3382 1017 3448 quoque
1033 3361 1145 3431 die
1169 3361 1397 3452 puella
1422 3362 1791 3450 quaedam,
1816 3362 1902 3433 de
1921 3362 2186 3433 familia
2207 3368 2273 3433 S.
2302 3361 2665 3441 Lamberfi,

166 3448 406 3517 nomine
422 3448 806 3529 Adallinda,
846 3471 1020 3538 quae
1053 3471 1187 3520 non
1223 3449 1446 3520 solum
1484 3451 1698 3520 surda
1726 3464 1792 3521 et
1823 3464 2037 3533 muta,
2066 3451 2185 3522 sed
2211 3450 2415 3522 etiam
2443 3471 2670 3530 caeca,

167 3540 400 3623 totoque
443 3559 730 3629 corpore
776 3551 917 3607 tam
968 3538 1349 3610 miserabili
1409 3540 1610 3609 modo
1657 3560 1739 3609 ex
1791 3561 2157 3610 nervorum
2209 3541 2677 3610 contractione

168 3636 285 3692 erat
308 3627 737 3717 complicata,
777 3637 856 3696 ut
903 3648 1132 3716 genua
1172 3628 1429 3718 pectori
1450 3629 1957 3719 Jungerentur:
2002 3629 2201 3720 juxta
2230 3650 2463 3699 sacras
2492 3649 2678 3697 mar-

168 3717 361 3809 tyrum
421 3715 754 3803 reliquias
811 3737 852 3784 a
898 3716 1045 3785 suis
1095 3717 1337 3806 posita,
1390 3730 1456 3786 et
1524 3718 1750 3788 visum
1801 3731 1868 3787 et
1931 3716 2273 3799 auditum,
2329 3715 2678 3804 loquelam

168 3809 339 3869 ettam
385 3805 840 3890 omniumque
888 3806 1360 3876 membrorum
1420 3804 1905 3875 rectitudinem
1956 3828 2036 3876 ac
2097 3805 2386 3877 salutem
2440 3827 2674 3875 coram

170 3889 454 3960 omnibus
505 3893 627 3979 qui
676 3892 983 3973 aderant,
1051 3893 1354 3963 mirabili
1405 3894 1772 3973 celeritate,
1811 3894 2047 3964 divino
2096 3915 2386 3963 munere
2434 3914 2681 3965 conse—

170 3985 300 4075 cuta
333 3992 449 4049 est.
504 3981 839 4050 Postridie
888 4003 1041 4050 vero
1087 3981 1158 4051 id
1206 3994 1309 4051 est
1355 3983 1599 4068 quinto
1648 3982 1816 4052 Idus
1853 3983 2044 4052 Junii
2098 3982 2383 4070 quidam
2438 4004 2681 4053 servus

174 4078 389 4153 regum,
425 4069 705 4139 nomine
750 4069 1146 4141 Berohadus
1175 4070 1261 4139 de
1303 4069 1464 4139 villa
1505 4072 1879 4151 Cresciaco,
1921 4071 1990 4139 in
2044 4071 2321 4141 dextera
2371 4072 2478 4142 sui
2530 4092 2682 4141 cor-

176 4152 331 4250 poris
374 4170 559 4246 parte
592 4178 716 4247 per
745 4170 957 4228 totum
994 4179 1074 4227 ex
1108 4180 1471 4228 nervorum
1501 4160 1966 4230 contractione
2000 4159 2400 4232 debilitatus
2429 4174 2494 4229 et
2526 4161 2684 4228 inu-

179 4236 289 4309 tllts
328 4242 566 4327 factus,
623 4267 784 4317 cum
835 4260 992 4317 ante
1043 4260 1455 4318 memoratas
1521 4252 1928 4318 Sanctorum
1980 4248 2310 4336 reliquias
2360 4249 2677 4328 venisset,

178 4401 237 4487 d*
260 4402 556 4450 murinorum
582 4410 660 4450 hic
690 4411 901 4471 ejusdem
933 4412 1120 4460 generis
1146 4411 1205 4451 ab
1232 4410 1468 4452 Einhardo
1489 4411 1811 4472 prodigiorum
1832 4412 1982 4453 series
2000 4410 2199 4459 texitur:
2227 4404 2512 4462 prolixitatis
2534 4412 2683 4451 vitan·

204 4458 247 4493 *θ
265 4458 398 4506 8¹⁸⁸th
414 4460 850 4511 praetermittimus.
880 4465 1013 4513 Quod
1034 4467 1082 4506 et
1100 4465 1259 4514 paullo
1280 4464 1404 4506 infra
1423 4465 1641 4514 expedire
1659 4474 1818 4506 visum
1838 4468 1925 4506 est.
