3357 4995
158 344 377 409 JUNII
428 344 512 406 25
915 359 992 403 niz
1041 357 1096 402 s.
1153 356 1394 404 mxnio
1442 356 1703 403 uuam.
1756 357 1957 405 BPISC.
2486 344 2616 407 559

161 469 195 511 «
231 444 581 532 Quisquis,
638 443 890 528 inquit,
948 440 1266 531 intelligit
1325 441 1623 510 exerceri
1673 441 1744 509 in
1797 464 1868 510 re
1917 464 2062 513 sua.
2136 444 2521 532 sacrilegia,
2577 465 2701 514 nec

159 533 308 604 fieri
356 532 697 624 prohibet,
748 530 1262 617 quodammodo
1304 531 1449 619 ipse
1492 529 1847 619 praecipit.
1895 531 2207 600 Tacendo
2240 531 2424 601 enim
2461 545 2527 601 et
2563 555 2700 603 non

158 621 536 713 arguendo,
590 642 1008 689 consensum
1042 619 1362 708 praebuit
1401 618 1793 688 immolanti
1835 643 1870 684 »
1916 619 2158 709 (Serm.
2197 643 2365 701 xcvi,
2413 646 2486 712 p.
2540 627 2694 704 656,

158 723 217 782 et
251 715 461 780 Serm.
502 732 729 786 Lxxvn,
784 733 852 799 p.
898 708 1080 796 610).
1118 707 1418 778 Perbelle
1452 707 1546 777 ibi
1594 718 1660 776 et
1706 707 2268 795 eloquentissime
2299 710 2703 800 gentilitatis

159 799 498 873 sacrificia
545 811 608 866 et
658 797 1043 866 sacerdotes
1097 796 1446 875 describit,
1502 796 1585 864 de
1633 797 1914 883 quibus,
1972 798 2127 867 vino
2176 819 2394 886 usque
2442 798 2528 866 ad
2596 798 2704 869 fu-

158 911 380 960 rorem
430 887 725 977 oppletis
774 885 874 954 vel
934 885 1447 965 hebetudinem,
1488 886 1585 954 sic
1616 886 2009 955 concludit:
2066 911 2101 952 «
2140 892 2472 956 Insanum
2514 889 2703 956 enim

160 998 416 1048 numen
450 988 791 1044 amentem
824 973 995 1043 solet
1027 975 1279 1045 habere
1323 974 1742 1064 pontificem.
1787 998 1821 1040 »
1855 980 2066 1062 Atque
2115 975 2370 1045 Dianae
2418 979 2446 1004 ⁹
2488 977 2703 1045 sacri-

157 1066 365 1136 ficulo
414 1066 752 1133 concinne
797 1063 1070 1151 depicto
1115 1065 1183 1131 in
1229 1063 1445 1132 serino
1488 1086 1613 1132 suo
1661 1075 1935 1145 ornatu,
1989 1077 2054 1132 et
2101 1064 2360 1134 ferrum
2394 1077 2703 1156 gestante

156 1179 292 1242 quo
331 1155 685 1244 proprium
723 1153 789 1220 in
826 1152 1017 1220 divae
1043 1153 1453 1239 obsequium
1484 1173 1797 1221 cruorem
1831 1153 2162 1233 effundat;
2204 1168 2346 1223 tum
2375 1176 2705 1223 conversa

157 1245 240 1314 ad
293 1255 592 1312 astantes
640 1241 969 1320 oratione,
1024 1242 1337 1311 hortatus
1383 1253 1484 1309 est
1539 1263 1655 1308 eos
1706 1241 2143 1312 vehementer
2189 1256 2265 1311 ut
2313 1243 2382 1310 in
2444 1264 2703 1312 memo-

157 1335 330 1403 riam
399 1342 793 1400 revocarent
856 1352 993 1416 qua
1056 1331 1202 1420 lege
1251 1332 1338 1399 ab
1387 1329 1690 1398 Honorio
1756 1334 2059 1419 Augusto
2123 1331 2476 1402 sublatum
2527 1345 2705 1401 esset

153 1436 499 1492 certamen
553 1419 1063 1509 gladiatorium.
1108 1427 1325 1502 Quem
1367 1441 1522 1487 vero
1582 1420 1921 1488 Maximus
1973 1422 2335 1509 reportarit
2387 1421 2700 1489 monitio-

154 1534 327 1581 num
381 1531 664 1578 suarum
717 1508 1046 1589 fructum,
1086 1530 1164 1577 ex
1200 1514 1522 1577 Sermone
1564 1530 1728 1576 xcvii
1768 1507 1868 1601 (p.
1923 1515 2049 1577 657
2098 1520 2160 1577 et
2210 1508 2384 1599 seq.)
2414 1509 2704 1598 intelligi

158 1601 363 1689 plane
414 1610 663 1687 potest:
696 1621 734 1662 ιι
773 1603 911 1666 Non
960 1620 1203 1686 parum
1248 1608 1540 1665 tractatu
1592 1600 1988 1667 Dominicae
2037 1598 2417 1687 superioris
2482 1598 2704 1687 profe-

153 1691 331 1758 cisse
380 1711 496 1756 vos
531 1686 962 1755 credimus...
1018 1709 1178 1756 cum
1216 1684 1557 1774 sacrilegii
1610 1688 1876 1757 cultum
1914 1687 1978 1755 in
2035 1688 2277 1757 vestris
2329 1687 2705 1776 possessio-

160 1779 367 1846 nibus
418 1775 828 1844 inhibetis...
879 1803 910 1840 »

246 1875 283 1947 ἓ
331 1870 408 1936 2.
463 1864 585 1932 Sed
640 1863 804 1933 dum
836 1867 1169 1934 Maximus
1201 1865 1445 1934 acriter
1478 1878 1716 1934 contra
1763 1865 2108 1935 ethnicam
2147 1866 2707 1954 superstitionem

159 1954 535 2045 pugnabat,
596 1951 766 2021 illud
802 1955 1008 2022 simul
1060 1955 1337 2023 cavebat
1372 1977 1456 2022 ne
1482 1977 1616 2041 qua
1670 1956 2028 2024 haereseos
2064 1954 2274 2042 pestis
2306 1956 2374 2022 in
2427 1977 2707 2044 gregem

155 2066 363 2113 suum
417 2042 784 2109 invaderet.
842 2048 1145 2128 Cumque
1194 2057 1551 2132 cognosset
1584 2057 1923 2130 quantum
1965 2043 2246 2111 Manetis
2274 2044 2344 2077 *⁸
2387 2044 2707 2132 impietas

156 2131 501 2201 intulisset
550 2131 940 2199 detrimenti
996 2133 1064 2199 in
1122 2131 1407 2209 ltaliam,
1466 2155 1880 2232 magnopere
1941 2132 2073 2202 sibi
2122 2132 2521 2201 enitendum
2579 2154 2707 2221 pu-

155 2221 339 2296 tavit,
412 2233 508 2294 ut,
565 2220 916 2288 orthodoxi
969 2221 1311 2310 dogmatis
1346 2223 1758 2321 cognitione,
1799 2221 2129 2290 adversus
2166 2223 2385 2321 ipsam
2432 2223 2704 2289 animos

154 2309 460 2378 muniret
489 2310 1042 2382 Taurinensium.
1092 2312 1349 2397 hosque
1399 2335 1494 2378 sic
1548 2311 1931 2380 institueret
1973 2321 2046 2378 ut
2095 2311 2151 2377 si
2185 2332 2251 2377 in
2303 2331 2506 2396 quem
2537 2310 2706 2377 sorte

152 2398 563 2467 incidissent
596 2399 713 2483 qui
766 2398 832 2465 id
883 2400 1133 2468 erroris
1172 2412 1235 2467 et
1283 2400 1655 2488 impietatis
1688 2401 1995 2488 ingerere
2044 2398 2215 2500 ipsis
2269 2398 2497 2478 vellet,
2543 2418 2703 2467 eum

150 2487 556 2588 dignoscere
610 2488 951 2574 vitareque
996 2501 1292 2577 possent.
1348 2494 1539 2557 Notat
1599 2489 1782 2557 enim
1836 2489 2210 2558 haereticos
2257 2487 2435 2556 clam
2488 2488 2704 2577 impe-

154 2578 302 2645 ritis
329 2577 763 2662 incautisque
796 2577 1082 2647 insidias
1114 2590 1420 2647 extruere
1446 2579 1683 2656 solere,
1721 2600 1760 2645 a
1783 2579 2039 2664 quibus
2073 2577 2438 2666 diligenter
2454 2576 2706 2663 cuique

153 2666 239 2734 sit
292 2666 687 2750 naviterque
734 2666 1141 2734 cavendum.
1185 2667 1615 2737 «Haereticos
1660 2669 1935 2757 (inquit,
1981 2672 2170 2735 Hom.
2209 2688 2350 2745 cxv,
2393 2692 2461 2755 ρ.
2509 2666 2701 2752 382),

158 2775 400 2823 omnes
450 2754 744 2823 arbitror
776 2755 1099 2843 vulpibus
1146 2756 1669 2844 comparandos,
1710 2757 1829 2841 qui
1878 2777 2036 2824 cum
2088 2756 2155 2823 in
2200 2756 2404 2822 domo
2441 2754 2706 2822 Domini

154 2843 465 2912 habitare
516 2866 649 2912 non
699 2844 1004 2933 possint,
1074 2846 1547 2913 conventicula
1619 2846 1747 2913 sibi
1814 2845 2151 2930 quaedam
2223 2844 2431 2912 veluti
2481 2844 2708 2912 foveas

160 2945 572 3021 praeparant
623 2933 1015 3003 tenebrosas
1066 2934 1133 3001 in
1184 2934 1439 3019 quibus
1476 2934 1913 3023 pertinaciter
1953 2934 2236 3002 latentes
2287 2931 2709 3001 insidiantur

156 3022 519 3099 Ecclesiae,
556 3035 630 3091 ut
679 3023 733 3090 si
777 3044 911 3107 qua
949 3023 1280 3091 innocens
1329 3022 1563 3091 anima
1613 3022 1780 3091 sorte
1837 3023 2263 3111 processerit,
2318 3021 2501 3090 velut
2550 3020 2709 3110 pul-

156 3106 296 3176 lum
389 3110 641 3179 allinae
677 3112 913 3179 mati-is
941 3112 1432 3180 absorbeant...
1497 3112 1802 3181 vitemus
1835 3120 2020 3201 e'rgo,
2079 3111 2357 3190 fratres,
2413 3110 2707 3178 vitemus

154 3199 325 3296 pesti
359 3223 511 3268 eros
545 3199 856 3289 vulpium
904 3200 1381 3270 insidiantium
1433 3201 1650 3280 dolos,
1687 3202 1979 3270 vitemus
2013 3198 2398 3269 mortiferas
2429 3199 2708 3285 nequis-

153 3308 491 3357 simorum
527 3290 985 3357 animantium
1029 3291 1401 3378 captiones.
1439 3313 1603 3357 ne...
1639 3290 1905 3359 fructus
1939 3300 2331 3359 nostrarum
2364 3291 2699 3377 segetum,

154 3397 629 3463 perversorum
680 3378 1079 3468 dogmatum
1109 3379 1345 3469 vulpes
1379 3392 1499 3447 aut
1521 3378 1934 3448 insidiarum
1968 3378 2366 3467 deceptione
2396 3378 2701 3466 capiant,

152 3477 269 3532 aut
318 3466 759 3535 flammarum
802 3467 1161 3535 adustione
1211 3472 1697 3537 consumant.»
1746 3469 1855 3557 (Et
1890 3467 2206 3536 nomilia
2236 3488 2360 3545 civ,
2464 3466 2694 3551 ‚346).

154 3552 386 3623 «Circa
438 3555 600 3624 fidei
648 3555 906 3624 donum
962 3555 1235 3625 solliciti
1274 3579 1421 3627 esse
1447 3556 1782 3626 debemus
1826 3569 1891 3626 et
1917 3556 2207 3646 providi,
2248 3568 2374 3624 eta
2474 3566 2705 3623 custo-

152 3640 334 3710 diam
386 3646 537 3732 ejus
604 3646 852 3714 mentis
902 3644 1257 3715 devotione
1318 3668 1592 3735 semper
1637 3668 1787 3715 esse
1834 3646 2105 3724 armati,
2161 3666 2283 3713 nec
2332 3646 2467 3713 cito
2507 3643 2708 3711 salla-

151 3728 347 3825 cibus
387 3734 666 3804 credere
707 3734 1224 3803 blandimentis.
1265 3734 1444 3803 Solet
1468 3736 1653 3803 enim
1682 3733 1813 3803 sub
1844 3747 2193 3833 praetextu
2243 3734 2433 3821 pacis
2481 3732 2699 3802 hostis

152 3837 468 3912 irrepere,
509 3823 637 3892 hoc
686 3836 785 3892 est
836 3823 964 3893 sub
1002 3823 1331 3893 vocabulo
1380 3824 1682 3892 hominis
1717 3823 2083 3893 Christiani
2115 3823 2502 3892 haereticus
2537 3821 2703 3891 sub-

157 3916 429 4001 intrare,
482 3913 603 3999 qui
654 3912 738 3980 ad
805 3912 1251 4001 decipiendos
1312 3912 1664 4002 simplices
1728 3912 2070 3981 Christum
2149 3913 2215 3980 in
2260 3935 2374 3981 ore
2424 3923 2693 4001 portat,

153 3988 503 4069 diabolum
546 4001 722 4091 gerit
773 4002 837 4069 in
882 4001 1110 4079 corde;
1163 4015 1228 4070 et
1277 4023 1435 4070 eum
1484 4001 1768 4087 quidem
1828 4000 2067 4102 lingua
2125 4001 2513 4081 confitetur,
2580 3999 2699 4069 sed

161 4095 386 4179 mente
425 4089 881 4180 blasphemat.
937 4091 1031 4160 Ab
1066 4090 1196 4160 lioc
1246 4091 1458 4181 igitur
1489 4102 1753 4180 oportet
1809 4104 2083 4179 penitus
2135 4090 2516 4170 declinare,
2575 4112 2701 4158 nec

159 4165 393 4255 aliqua
438 4179 755 4249 societate
786 4180 1142 4269 conjungi,
1181 4190 1416 4250 etc...»

205 4364 231 4389 ‘¹
258 4366 447 4416 mance.
473 4379 610 4426 cujus
640 4381 866 4421 solemnia
895 4381 999 4420 erut.
1028 4381 1223 4420 Taurini
1246 4381 1417 4423 cultus.
1446 4381 1675 4429 templum
1705 4381 1758 4420 ut
1785 4376 1971 4429 lapideo
2004 4381 2147 4419 titulo
2182 4378 2230 4419 in
2269 4382 2424 4419 tronte
2463 4379 2689 4418 ecclesiae

151 4416 548 4517 Safftgessgtritui
576 4432 755 4473 dicatae
784 4443 1045 4479 monemur.
1078 4435 1127 4473 tn
1150 4433 1270 4473 hanc
1292 4443 1475 4475 naci-am
1496 4434 1758 4483 antiquitus
1778 4434 1939 4476 nedem
1960 4437 2033 4474 eut
2053 4443 2081 4473 ι
2095 4433 2376 4475 Christiania
2396 4440 2692 4472 conversum.

422 4486 540 4522 anm
554 4486 698 4526 verb·
715 4487 913 4529 fecimus
932 4488 983 4528 tn
1002 4488 1106 4529 Sur.
1123 4488 1222 4528 Vol.
1239 4488 1276 4534 1.
1295 4497 1338 4537 p.
1363 4487 1455 4530 ³0⁷.
