3357 4995
688 329 816 395 582
1183 345 1262 394 m:
1307 345 1403 394 ss.
1450 345 1718 407 sommi,
1772 343 1974 394 PAULO
2019 344 2096 392 Εἰ·
2141 342 2385 392 canuc.
2435 344 2548 392 mr.
2777 326 2999 394 JUNII
3050 327 3142 396 26

601 429 977 501 familiares
1014 450 1202 501 meos
1231 428 1489 518 alloqui
1519 441 1585 501 et
1604 450 2018 522 cognoscere
2063 428 2307 521 possit,
2358 437 2426 499 et
2456 449 2584 519 ego
2612 449 2738 519 per
2766 428 2919 518 ejus
2955 428 3148 501 filias

599 529 861 601 votum,
899 539 1148 599 mores,
1182 517 1717 606 institutumque
1748 518 1938 589 illius
1966 538 2458 620 cognoscam.»
2486 521 2687 587 Facta
2716 529 2882 588 sunt
2901 520 3147 588 omnia

598 606 792 691 haec,
845 607 1026 678 sicut
1055 606 1246 699 virgo
1284 605 1650 699 disposuit,
1702 618 1768 678 et
1804 607 2003 696 quasi
2050 619 2268 677 instar
2313 605 2724 677 arrhabonis
2769 606 3144 697 cujusdam

600 695 857 767 dantur
886 695 1238 767 Gallicano
1270 694 1410 766 duo
1460 695 1704 766 fratres
1749 695 2055 767 eunuchi
2086 717 2169 766 ex
2206 706 2401 786 parte
2442 699 2809 786 Augustae,
2862 705 2929 765 et
2961 694 3150 766 duae

600 806 892 867 sorores,
937 783 1272 856 Gallicani
1312 783 1519 854 filiae·
1572 784 1708 876 ipsi
1754 788 2101 886 Augustae
2134 782 2537 855 traduntur:
2591 805 2770 871 quae
2807 784 2902 855 ita
2947 797 3152 854 erant

601 872 1009 944 liberalibus
1038 872 1288 944 studiis
1334 872 1667 953 eruditae,
1723 884 1798 943 ut
1823 896 1934 942 vix
1958 874 2029 943 in
2057 873 2365 943 virorum
2398 873 2818 974 sapientium
2853 894 3148 943 numero

600 961 740 1032 illis
790 984 988 1054 pares
1037 961 1324 1033 scientia
1371 961 1668 1032 inveniri
1719 973 2018 1052 possent.
2086 960 2309 1032 Altera
2353 982 2433 1031 ex
2489 961 2577 1032 iis
2629 961 2876 1043 Attica,
2928 960 3150 1032 altera

600 1050 947 1122 Arthemia
990 1049 1370 1121 dicebatur.
1424 1055 1608 1133 Quas
1668 1073 1829 1121 cum
1880 1051 2273 1121 Constantia
2318 1050 2406 1120 ad
2463 1071 2535 1122 se
2590 1051 2820 1120 venire
2867 1049 3140 1133 didicit,

601 1140 1001 1231 expandens
1048 1161 1298 1209 manus
1337 1138 1424 1208 ad
1474 1138 1869 1220 Dominum,
1926 1139 2027 1209 sic
2065 1138 2321 1209 oravit:

692 1236 731 1311 ἓ
782 1235 871 1301 2.
927 1252 963 1296 «
998 1228 1282 1298 Domine
1320 1232 1499 1299 Deus
1528 1229 1722 1297 omni
1774 1239 1991 1310 otens,
2022 1227 2145 1316 qui
2177 1248 2288 1296 me
2318 1227 2748 1298 orationibus
2780 1240 2938 1299 tuae
2961 1250 3146 1299 mar·

602 1317 774 1407 tyris
817 1316 1109 1410 Agnae*
1177 1339 1219 1385 a
1285 1315 1476 1407 lepra
1526 1338 1696 1387 mun
1752 1316 1919 1397 asti,
1992 1330 2057 1386 et
2116 1315 2431 1387 semitam
2491 1315 2662 1386 mihi
2712 1315 2980 1388 timoris
3042 1318 3146 1387 tui

601 1406 945 1497 propitius
970 1405 1352 1486 ostendisti,
1404 1405 1510 1473 vir
1561 1405 1958 1494 initatisque
2013 1404 2399 1475 thalamum
2468 1406 2819 1474 reserasti:
2873 1404 2996 1476 ubi
3069 1418 3150 1475 tu

605 1516 926 1586 sponsus,
979 1505 1056 1564 tu
1101 1492 1291 1565 filius
1317 1494 1504 1563 mani
1536 1505 1797 1564 estatus
1821 1516 1934 1563 es:
1981 1505 2057 1564 tu
2128 1494 2356 1564 enitus
2393 1514 2474 1562 ex
2507 1493 2742 1575 Maria,
2773 1506 2851 1564 tu
2874 1494 3149 1585 genitor

653 1585 933 1654 robatus
979 1604 1053 1653 es
1102 1582 1387 1652 Mariae:
1446 1596 1519 1654 tu
1568 1582 1861 1654 lactatus
1896 1583 2093 1653 uberi
2147 1604 2232 1653 us
2280 1583 2553 1665 Mariae,
2607 1593 2682 1652 tu
2710 1604 2915 1653 omne
2948 1605 3145 1655 secu·

632 1694 750 1742 um
803 1672 1141 1752 nutrienS,
1198 1670 1408 1741 simul
1454 1670 1662 1743 etiam
1712 1670 1930 1752 illam,
1983 1693 2023 1740 a
2076 1693 2215 1759 qua
2264 1670 2553 1741 lactatus
2591 1693 2666 1743 es
2697 1684 2762 1742 et
2793 1671 3139 1743 nutritus:

608 1774 687 1830 tu
715 1759 1104 1831 infantulus
1134 1780 1451 1830 crescens
1475 1771 1714 1842 aetate,
1754 1772 1830 1830 tu
1860 1759 2049 1829 omni
2079 1759 2313 1830 seculo
2345 1759 2770 1831 incrementa
2799 1760 3139 1832 tribuens:

606 1862 684 1919 tu
731 1848 1071 1939 sapientia
1117 1848 1509 1938 proficienS,
1554 1870 1718 1920 cum
1767 1849 1916 1940 ipse
1963 1849 2061 1920 sis
2116 1849 2486 1940 sapientia:
2540 1860 2615 1918 tu
2659 1848 2756 1919 ita
2810 1871 3136 1940 magnus,

604 1949 682 2008 ut
729 1950 792 2008 te
825 1936 1386 2029 magnificentius
1416 1936 1592 2007 nihil
1641 1938 1762 2009 sit:
1818 1950 1894 2008 tu
1920 1959 2125 2008 verus
2162 1937 2369 2008 homo
2416 1958 2497 2007 ex
2531 1948 2750 2007 matre
2793 1936 3021 2010 editus
3070 1939 3143 2007 in

599 2038 928 2117 tempore,
980 2038 1058 2095 tu
1114 2047 1314 2095 verus
1372 2029 1552 2095 Deus
1588 2047 1669 2095 ex
1725 2031 1919 2096 Patre
1965 2026 2116 2096 sine
2159 2040 2374 2096 matre
2419 2025 2694 2117 genitus
2740 2026 2810 2094 in
2853 2026 3142 2098 aeterni·

602 2126 767 2185 tate:
822 2119 1000 2185 Deus
1047 2113 1133 2183 de
1189 2119 1344 2196 De0,
1405 2113 1624 2184 fecisti
1655 2137 1834 2203 quae
1882 2136 2018 2185 non
2067 2128 2298 2184 erant:
2355 2136 2434 2184 ex
2487 2126 2704 2184 matre
2751 2116 2901 2185 sine
2951 2128 3144 2205 patre

602 2203 866 2274 carnali
911 2202 1139 2273 editus
1183 2224 1361 2290 quae
1406 2201 1681 2294 lapsum
1737 2204 2198 2283 incurrerant,
2253 2204 2627 2294 reparasti:
2686 2215 2763 2273 tu
2821 2202 3021 2274 fusus
3068 2204 3138 2271 in

599 2291 851 2375 lucem,
894 2291 1333 2362 illuminatus
1380 2313 1475 2372 es,
1510 2314 1694 2363 ,cum
1735 2291 1831 2362 sis
1869 2291 2009 2374 ille,
2061 2292 2182 2380 qui
2217 2293 2565 2362 illuminat
2615 2315 2873 2362 omnem
2930 2293 3145 2362 homi-

596 2403 746 2451 nem
776 2383 1146 2451 venientem
1179 2382 1251 2449 in
1298 2381 1474 2449 hunc
1503 2381 1853 2450 mundum.
1889 2386 1978 2450 Te
2024 2379 2377 2481 deprecor,
2430 2378 2719 2453 credens
2767 2379 2953 2469 quod
2984 2382 3140 2470 jus-

598 2470 772 2553 sisti,
810 2482 873 2540 te
909 2490 1165 2558 quaeso
1214 2481 1472 2559 petens,
1507 2467 1694 2557 quod
1727 2469 1876 2561 ipse
1913 2469 2320 2560 promisisti,
2375 2490 2537 2540 cum
2585 2468 2888 2540 diceres:
2934 2474 3145 2540 Amen

597 2560 742 2629 dico
772 2562 976 2639 vobiS,
1041 2561 1106 2628 si
1148 2559 1313 2650 quid
1356 2561 1691 2649 petieritis
1743 2564 2012 2629 Patrem
2066 2561 2137 2627 in
2174 2561 2438 2629 nomine
2491 2581 2658 2640 mec,
2720 2560 2908 2630 dabit
2963 2561 3144 2629 vobis

596 2648 820 2737 (Joan.
866 2653 997 2730 xv).
1044 2652 1199 2718 Peto
1233 2647 1322 2717 ita
1375 2669 1462 2717 ue
1510 2647 1795 2717 Domine
1841 2659 1919 2718 ut
1964 2648 2092 2717 has
2131 2646 2466 2718 Gallicani
2498 2645 2678 2717 filias
2712 2660 2789 2718 tu
2822 2648 3138 2729 lucreris,

599 2737 619 2805 i
677 2758 831 2807 sum
902 2757 1178 2823 quoque
1224 2736 1343 2805 Gal
1380 2736 1684 2817 icanum,
1737 2736 1858 2822 qui
1927 2756 2038 2805 me
2099 2735 2223 2806 tibi
2287 2736 2558 2806 auferre
2617 2748 2930 2817 conatur,
2987 2748 3147 2805 tuae

597 2759 760 2895 lindei
808 2824 1183 2916 adjungere
1216 2823 1548 2914 digneris.
1583 2825 1782 2915 Aperi
1831 2825 2119 2894 Domine
2149 2846 2226 2894 os
2261 2847 2492 2895 meum
2532 2825 2823 2897 auribus
2868 2847 3142 2902 earum,

598 2926 662 2984 et
708 2913 900 3006 aperi
948 2935 1150 2983 aures
1198 2912 1428 2983 cordis
1475 2934 1715 2983 earum
1767 2912 2206 2984 sermonibus
2248 2914 2441 2995 meiS,
2493 2934 3014 3002 consensusque
3060 2914 3146 2983 il-

602 3002 825 3072 larum
865 3001 1041 3071 mihi
1075 3001 1303 3092 pande
1340 3001 1659 3102 januam,
1708 3013 1775 3071 et
1812 3012 2072 3071 tantam
2121 3002 2349 3071 verbis
2397 3002 2569 3072 meis
2623 3003 2763 3073 vim
2795 3002 3141 3093 largiaris,

602 3102 680 3161 ut
727 3091 956 3160 carnis
991 3111 1487 3161 commercium
1522 3102 1945 3182 respuentes,
1984 3089 2108 3159 tibi
2154 3091 2543 3161 consecrari
2576 3089 2989 3173 desiderent,
3043 3104 3149 3163 at-

647 3200 735 3248 ue
782 3201 860 3248 ex
908 3178 1038 3249 hoc
1086 3178 1427 3248 desiderio
1475 3189 1708 3250 tantus
1755 3200 1950 3248 amor
2008 3177 2079 3248 in
2139 3199 2378 3248 earum
2437 3189 2707 3270 pectore
2750 3179 3017 3262 existat,
3071 3193 3148 3251 ut

629 3277 938 3337 erventer
984 3266 1332 3337 inhiantes
1379 3266 1465 3336 ad
1529 3267 1911 3337 thalamum
1963 3266 2161 3336 illurn
2212 3277 2409 3338 tuum
2458 3267 2844 3349 coelestem,
2967 3267 3148 3339 lenis

601 3355 750 3426 oleo
800 3354 1243 3445 lampadibus
1267 3367 1333 3424 et
1381 3366 1539 3425 tuae
1569 3355 1927 3426 charitatis
1958 3355 2485 3447 splendentibus
2531 3357 2835 3429 flammis
2867 3379 2909 3426 a
2981 3379 3146 3428 eum

603 3444 1022 3534 pertingant,
1060 3457 1137 3513 ut
1175 3443 1322 3515 loco
1369 3444 1541 3534 ipsis
1574 3445 1754 3515 inter
1801 3443 2144 3535 sapientes
2170 3444 2472 3535 virgines
2510 3445 2860 3528 attributo,
2906 3445 2993 3515 de
3026 3458 3149 3517 tua

602 3531 1074 3603 misericordia
1120 3532 1515 3623 gloriantes,
1571 3532 1746 3602 nihil
1806 3545 2155 3603 terrenum
2226 3546 2574 3624 appetant,
2618 3533 2739 3604 sed
2790 3546 2854 3605 te
2914 3534 3144 3605 solum

602 3621 869 3713 integro
895 3621 1236 3692 viscerum
1264 3643 1549 3691 suorum
1580 3621 1830 3692 affectu
1862 3622 2428 3712 concupiscant.»
2463 3625 2654 3692 Hanc
2689 3644 2844 3693 vero
2891 3624 3147 3693 oratio-

603 3732 758 3780 nem
802 3710 1015 3781 iuisse
1063 3711 1520 3791 constantiae,
1554 3710 1707 3812 ipsa
1737 3721 2059 3781 narrante
2089 3710 2497 3792 didicimus,
2552 3732 2762 3812 quam
2810 3712 3019 3782 etiam
3059 3711 3146 3781 ab

601 3821 681 3868 ea
729 3799 1057 3888 scriptam
1109 3798 1428 3890 legimus.
1485 3804 1594 3869 Uti
1641 3821 1799 3870 vero
1847 3798 2132 3869 Atticam
2179 3810 2245 3870 et
2291 3799 2707 3870 Arthemlam
2766 3800 2856 3870 ad
2920 3801 3147 3870 Domi-

601 3908 771 3958 num
807 3887 1233 3969 converterit,
1287 3888 1472 3974 quod
1521 3888 1607 3957 ad
1640 3888 1980 3958 Gallicani
2012 3888 2421 3978 martyrium
2463 3888 2951 3980 explicandum
2988 3891 3146 3979 pro-

601 3997 858 4067 perem,
900 3975 1204 4047 studiose
1253 3990 1621 4066 praetereo.

688 4067 726 4152 ξ
771 4069 864 4137 3.
919 4064 1139 4155 Igitur
1183 4065 1463 4134 veniens
1512 4063 1911 4137 Gallicanus
1950 4087 2200 4147 ovans,
2253 4087 2295 4135 a
2343 4065 2809 4148 Constantino,
2859 4066 3149 4157 ejusque

604 4153 860 4236 liberiS,
901 4165 1105 4241 atque
1163 4153 1251 4223 ab
1298 4153 1490 4223 omni
1547 4155 1885 4225 Comitatu
1929 4165 1995 4223 et
2042 4158 2296 4224 Senatu
2340 4154 2722 4245 excipitur:
2776 4175 2902 4224 nec
3001 4157 3147 4225 rius

601 4242 958 4345 ingressus
1005 4254 1106 4312 est
1152 4242 1395 4312 urbem
1445 4247 1734 4312 Romam
1766 4298 1781 4324 ,
1832 4264 2047 4331 quam
2108 4242 2195 4312 ad
2244 4264 2440 4312 sacra
2488 4243 2665 4313 Petri
2711 4245 3014 4335 Apostoi
3064 4243 3147 4313 li·-

600 4353 792 4401 mina
839 4331 1265 4422 perrexisset.
1330 4330 1504 4400 Dixit
1562 4342 1790 4401 autern
1839 4330 1924 4401 ad
1973 4352 2133 4402 eum
2183 4331 2704 4403 Constantinus:
2770 4355 2806 4399 «
2841 4336 3009 4402 Cum
3057 4330 3146 4403 ad

650 4457 676 4485 *
705 4456 820 4500 vide
837 4457 967 4501 surii
983 4457 1084 4500 Vol.
1097 4458 1135 4506 1.
1152 4467 1197 4507 p.
1220 4456 1310 4498 ⁶31.
