3357 4995
608 294 737 361 360
1190 285 1194 290 ’
1273 316 1351 360 ΒΕ
1399 315 1454 362 s.
1510 314 1931 363 annmnnoa
1968 312 2317 362 memnona
2717 300 2943 367 JUNII
2996 299 3070 362 {5

521 392 881 483 pendente.
922 393 1274 479 Quidquid
1319 394 1430 472 sit,
1480 395 1949 465 ministerium
1983 414 2152 463 evan
2246 394 2322 464 lii
2378 395 2442 464 ei
2501 397 2842 468 creditum
2898 399 3073 470 mira

519 481 949 562 eruditione,
1006 481 1296 572 parique
1342 483 1486 552 zelo
1532 495 1600 553 et
1654 484 2022 553 verborum
2083 504 2120 552 e
2173 483 2436 564 tcacia,
2492 485 2687 555 vitae·
2735 483 3072 574 exemplis

519 570 858 650 roborata,
912 591 1131 640 annos
1188 572 1447 642 multos
1498 585 1830 642 executus
1876 582 2000 641 est.
2038 575 2231 642 Petr‘o
2279 585 2509 642 autem
2556 596 2595 643 e
2655 575 2824 645 vivis
2864 594 3066 642 exce-

518 658 744 738 dente,
779 670 856 727 ut
894 659 1306 729 venerabilis
1356 682 1560 730 senex
1602 672 1987 740 curaverat,
2025 659 2129 730 vel
2165 660 2408 732 saltem
2443 660 2587 731 fore
2613 664 3065 753 praedixerat,

518 747 590 815 in
647 746 1261 818 Archidiaconatus
1310 749 1720 840 dignitatem
1770 749 2086 819 omnium
2136 750 2488 840 suffragiis
2536 750 2923 822 Bernardus
2966 765 3074 821 est

517 850 813 918 evectuS,
867 836 982 905 cui
1029 849 1424 907 constanter
1456 861 1496 908 a
1545 861 1618 909 se
1655 837 2045 928 repulsatae
2093 839 2371 910 tandem
2422 839 2902 931 suscipiendae
2953 863 3072 909 ac-

517 925 799 1011 quievit,
845 946 1007 994 cum
1059 925 1162 993 illi
1195 926 1485 1012 quidam
1536 940 1848 996 votorum
1882 926 2065 995 beati
2104 927 2232 997 viri
2281 928 2607 999 conscius
2656 928 2823 997 dixit
2856 933 2921 996 S.
2960 930 3073 998 Ni-

518 1014 791 1084 colaum
833 1013 1410 1085 archidiaconatu
1463 1015 1788 1102 equidem
1847 1015 2172 1105 fungente
2222 1018 2291 1086 in
2341 1016 2798 1088 idololatriam
2831 1016 3070 1108 depel-

519 1101 796 1171 lendam
850 1102 1138 1171 feliciter
1178 1103 1567 1174 insudasse.
2674 1167 2680 1172 .

605 1194 644 1278 §
689 1197 775 1264 4.
830 1197 1129 1282 Tempus
1177 1192 1413 1262 aderat
1459 1204 1536 1262 ut
1583 1191 1769 1280 quod
1812 1192 1883 1261 in
1919 1192 2088 1261 votis
2118 1215 2155 1268 a
2188 1194 2410 1292 prima
2443 1193 2904 1264 adolescentia
2958 1218 3068 1267 so-

520 1279 825 1350 lemnius
888 1280 972 1348 ad
1016 1280 1306 1369 gloriam
1364 1283 1477 1350 Dei
1527 1282 1888 1360 habuerat,
1950 1281 2209 1350 diaboli
2257 1282 2519 1352 scilicet
2567 1283 2940 1373 imperium
2996 1284 3067 1351 in

519 1368 821 1438 horridis
853 1392 955 1450 su
1008 1370 1167 1440 ibus
1215 1375 1688 1460 Augustanam
1739 1371 1915 1438 inter
1965 1368 2207 1439 vallem
2243 1377 2308 1440 et
2334 1371 2677 1440 Helvetica
2712 1372 2884 1472 juga
2917 1395 3074 1461 pro-

521 1469 846 1535 sternere,
881 1481 916 1525 e
971 1471 1125 1554 ectu
1152 1458 1549 1549 compleret.
1584 1465 1774 1528 Tunc
1802 1479 1873 1528 se
1894 1458 2032 1528 huc
2054 1458 2342 1528 ductum
2371 1459 2606 1528 divina
2643 1461 3074 1550 providentia

520 1557 824 1624 noverat,
876 1559 953 1615 ut
1000 1547 1309 1616 locorum
1346 1548 1664 1617 vicinitas
1693 1547 1786 1616 rei
1821 1549 2404 1637 opportunitatem
2438 1549 2831 1639 praeberet:
2873 1571 3072 1640 prae-

519 1633 1079 1724 tergredientium
1135 1636 1421 1737 insuper
1470 1635 1830 1705 hincinde
1877 1657 1913 1704 e
1953 1636 2193 1718 Gallia,
2226 1635 2442 1717 Italia,
2487 1638 3071 1716 Germania‚.cor-
3119 1686 3125 1689 -

519 1744 688 1813 pora
734 1735 929 1793 erant
962 1724 1028 1792 in
1083 1724 1200 1793 illa
1252 1748 1522 1795 viarum
1574 1725 1939 1814 asperitate
1984 1736 2050 1794 et
2082 1746 2357 1796 summo
2400 1727 2572 1796 vitae
2607 1727 2915 1816 periculo
2958 1740 3066 1796 tu-

519 1811 754 1880 tanda.
797 1812 1162 1882 Multorum
1213 1835 1376 1903 ergo
1412 1826 1487 1883 ut
1537 1815 1602 1882 in
1649 1826 1997 1903 posterum
2042 1816 2462 1904 prospiceret
2509 1815 2715 1883 saluti
2759 1815 3070 1885 volvebat
3152 1871 3165 1886 .

519 1901 754 1969 animo
794 1901 1182 1971 Bernardus
1210 1903 1359 1993 pios
1394 1903 1813 1973 habitatores
1849 1902 2029 1971 intra
2052 1902 2355 1974 desertas
2387 1903 2543 1973 illas
2575 1927 2805 1994 rupeS‚
2845 1927 2923 1973 ac
2954 1904 3073 1973 ho-

519 1988 767 2079 spitale
818 2003 1069 2060 tectum
1112 1991 1196 2059 ad
1232 1992 1574 2061 viatorum
1619 1990 2016 2076 >subsidium
2078 1992 2516 2081 constituere,
2559 1995 2898 2063 tramitem
2936 1993 3070 2062 hu-

519 2077 750 2147 manis
806 2079 1160 2168 gressibus
1221 2081 1533 2170 pervium
1585 2102 1707 2170 per
1764 2081 2336 2169 praeruptissima
2393 2094 2718 2163 sternere,
2771 2095 2836 2152 et
2881 2082 3073 2150 Jovis

519 2166 897 2238 simulacro
947 2190 984 2236 a
1019 2189 1157 2254 quo
1191 2192 1389 2238 mons
1418 2169 1595 2238 inter
1627 2170 1970 2238 Penninas
2001 2180 2066 2238 et
2106 2170 2343 2260 Grajas
2372 2168 2596 2259 Alpes,
2637 2192 2674 2239 e
2705 2170 3071 2241 sublimio-—

519 2255 741 2336 tibae,
799 2277 1050 2326 nomen
1100 2269 1476 2348 acceperat,
1545 2257 1956 2347 deJiciendo,
2013 2257 2248 2329 Crucis
2295 2258 2541 2330 Christi
2608 2259 2717 2328 Dei
2768 2259 2902 2328 vivi
2950 2259 3073 2346 qui

519 2345 756 2425 vincit,
812 2357 1076 2435 regnat,
1118 2346 1432 2436 imperat,
1490 2345 1891 2433 subrogare.
1953 2351 2195 2415 Decem
2248 2369 2410 2438 ergo
2469 2347 2802 2417 adhibitis
2850 2349 3072 2418 bonae

519 2433 892 2504 voluntatis
934 2434 1164 2515 sociis,
1218 2457 1392 2522 quos
1423 2432 1651 2505 Gallos
1702 2429 1915 2504 fuisse
1955 2434 2356 2525 peregrinos
2388 2437 2691 2519 tradunt,
2731 2437 3073 2507 montium

520 2524 903 2613 asperrima
942 2523 1255 2594 ascendit
1278 2546 1498 2610 usque
1526 2524 1610 2593 ad
1639 2528 2019 2593 columnam
2047 2527 2231 2593 Jovz's
2256 2551 2279 2603 ‚·
2312 2526 2452 2596 sive
2474 2530 2659 2596 Jovc's
2684 2530 2952 2595 oculum
2990 2547 3074 2594 ex

519 2611 949 2681 carbunculo
990 2613 1255 2682 dictum
1305 2624 1571 2683 statuae
1619 2612 1899 2695 inserto,
1953 2613 2427 2703 duodeviginti
2476 2614 2687 2684 ferme
2720 2620 3071 2684 Romanae

518 2722 889 2771 mensurae
922 2702 1345 2771 milliaribus
1395 2706 1701 2789 Augusta
1753 2701 1835 2769 ad
1898 2703 2452 2792 septemtrionem
2507 2703 2900 2781 distantem.
2956 2704 3073 2772 Ni-

521 2789 723 2858 vibus
794 2811 980 2879 erg0‚
1044 2789 1287 2879 glacie,
1345 2790 1584 2870 ventis,
1641 2790 1849 2871 saxiS‚
1906 2791 2271 2860 ruinarum
2324 2793 2394 2860 in
2456 2813 2783 2882 praeceps
2846 2793 3077 2860 immi-

516 2878 847 2948 nentibus
896 2879 1174 2950 assidue
1226 2879 1574 2970 periculis,
1623 2901 1746 2969 per
1770 2888 2148 2968 'angustaS,
2194 2880 2523 2981 abruptas
2550 2894 2753 2968 atque
2781 2882 3076 2950 incertas

517 2967 801 3038 semitas
836 2989 1219 3057 paucorum
1274 2967 1577 3058 vestigiis
1611 2967 1828 3048 tritaS,
1885 2967 2081 3039 toties
2129 2969 2530 3039 turbinibus
2569 2969 2850 3051 deletas,
2899 2983 3074 3038 stre-

518 3077 660 3125 nue
708 3057 1075 3146 superatis,
1117 3055 1292 3125 duce
1339 3056 1425 3125 ad
1475 3055 1832 3125 victoriam
1866 3057 2235 3138 Bernard0‚
2272 3058 2599 3148 exiguum
2636 3079 2926 3127 numero
2957 3057 3079 3127 sed

521 3143 880 3215 heroicum
931 3146 1166 3213 animo
1214 3167 1461 3235 agmen
1507 3166 1670 3215 cum
1727 3144 1894 3215 illuc
1976 3145 2369 3227 ervenisset,
2423 3146 2657 3215 divina
2709 3145 3080 3236 implorata

518 3233 604 3302 ad
648 3246 912 3302 tantum
943 3232 1213 3303 facinus
1244 3255 1394 3324 ope,
1427 3234 1498 3302 in
1539 3233 1728 3302 Jovis
1761 3234 1896 3324 lapi
1949 3255 2101 3303 eam
2130 3246 2426 3304 statuam
2459 3249 2692 3305 sancto
2723 3234 2953 3305 furore
2982 3234 3079 3304 ir-

519 3333 757 3401 ruunt,
811 3335 875 3390 et
935 3321 1353 3392 confractam
1398 3322 1839 3413 praecipitem
1891 3323 1959 3391 in
2013 3322 2355 3412 profunda
2403 3324 2799 3414 conjecere‚
2852 3336 2918 3392 et
2966 3345 3079 3393 sa—

522 3422 962 3479 crosanctum
999 3411 1513 3501 Redemptionis
1563 3411 1886 3481 vexillum
1921 3411 2175 3481 ibidem
2204 3411 2292 3481 ad
2318 3412 2731 3484 coercendas
2761 3411 3077 3483 tenebra-

523 3520 682 3568 rum
737 3510 1103 3588 potestates
1150 3500 1563 3571 extulerunt.

611 3589 780 3674 ξὸ.
847 3587 1364 3659 Xenodochium
1436 3589 1687 3658 deinde
1760 3612 1923 3659 cum
1996 3588 2288 3659 ecclesia
2340 3589 2591 3660 excitat
2656 3590 2726 3659 in
2784 3601 3082 3681 angusto

524 3674 865 3744 montium
901 3675 1063 3745 sinu
1091 3699 1229 3764 quo
1261 3678 1391 3748 iter
1412 3678 1482 3746 in
1515 3676 1855 3747 Helvetios
1889 3678 2242 3767 panditur,
2282 3678 2660 3749 viatoribus
2689 3678 2980 3749 defessis
3015 3693 3081 3748 et

520 3762 624 3832 vel
674 3762 904 3832 inedia
937 3764 1037 3834 vel
1067 3765 1320 3856 frigore
1356 3765 1454 3836 vel
1487 3766 1667 3838 aeris
1699 3766 2101 3837 saevissima
2131 3767 2539 3859 intemperie
2569 3766 3075 3850 interimendiS‚

522 3850 625 3920 vel
678 3853 1023 3923 teterrima
1054 3865 1250 3924 nocte
1296 3855 1652 3945 occupatis
1692 3854 2112 3948 perfugium,
2152 3855 2237 3926 ad
2281 3857 2447 3926 haec
2500 3877 2722 3945 usque
2769 3869 3081 3946 tempora

523 3939 910 4011 Catholicae
953 3942 1409 4013 humanitatis
1451 3955 1979 4015 monumentum
2030 3946 2102 4014 in
2156 3946 2333 4015 Orbe
2381 3945 2761 4016 maximum
2810 3957 2876 4015 et
2914 3945 3079 4036 jure

521 4027 1047 4100 celeberrimum
1100 4031 1227 4122 (a).
1283 4032 1386 4103 Ibi
1464 4054 1624 4104 cum
1701 4055 1924 4122 usque
1989 4033 2072 4103 ad
2125 4033 2427 4104 aedificii
2488 4032 3077 4124 complementum

569 4169 638 4224 (a)
663 4171 1029 4221 Aliquantulum,
1057 4184 1165 4215 cum
1184 4174 1307 4215 bom.
1323 4175 1541 4216 Laetoria
1558 4172 1710 4220 venia,
1729 4175 1873 4215 medii
1891 4175 2018 4224 quod
2037 4177 2209 4215 vocant
2229 4175 2335 4215 nevi
2356 4173 2629 4216 rusticitate
2647 4174 2882 4225 insignem
2902 4171 3078 4215 descri-

525 4225 736 4273 ptionem
756 4225 850 4265 loct
868 4229 915 4266 et
935 4227 1137 4276 Hospitii
1157 4229 1311 4275 Mam-t
1327 4230 1370 4268 S.
1389 4229 1617 4268 Ber-nardi
1634 4239 1659 4267 e
1678 4225 1935 4268 Bodecensi
1955 4228 2048 4269 MS.
2069 4225 2345 4269 exhibemus
2362 4241 2373 4269 x
3118 4253 3123 4257 ·

575 4279 777 4320 Domum
801 4279 916 4319 fecit
945 4268 1249 4333 (Ber-nardus)
1276 4279 1544 4328 charitatis,
1585 4282 1668 4321 ubi
1696 4282 1808 4322 data
1834 4282 2010 4322 dantur
2048 4282 2222 4331 gratis,
2248 4291 2336 4322 nec
2365 4282 2661 4331 quaeruntur
2692 4280 2904 4330 praemi·
2921 4300 2974 4309 —
2992 4276 3078 4321 Ubi

522 4332 659 4381 panis
671 4361 683 4378 ‚
711 4334 888 4379 vinum,
916 4331 1047 4383 ligna
1064 4344 1323 4385 numquam
1351 4337 1586 4381 crescunt,
1615 4335 1699 4375 sed
1727 4333 1933 4386 maligna
1950 4336 2065 4375 nunt
2083 4335 2151 4375 ibi
2170 4335 2421 4376 contraria.
2440 4355 2491 4364 —
2510 4335 2598 4375 Nix
2617 4334 2667 4374 et
2686 4334 2833 4383 algor,
2852 4335 2930 4373 vta
2948 4333 3079 4379 dura.

520 4388 695 4433 tumus,
720 4386 870 4427 nubes
900 4388 947 4427 et
975 4388 1178 4429 obscura
1206 4390 1319 4429 eunt
1347 4390 1412 4429 ibt
1442 4386 1685 4437 perennia.
1705 4409 1756 4418 —-
1777 4392 1813 4429 A
1832 4388 2071 4429 Berua-do
2090 4389 2214 4429 ructa
2231 4389 2383 4434 domo,
2402 4384 2534 4429 ium
2553 4388 2665 4433 nate.
2684 4387 2899 4447 quisquis
2918 4387 3078 4432 homo.

525 4440 669 4482 habet
694 4442 974 4483 necessaria.
998 4461 1048 4472 -
1065 4443 1157 4483 111⁸
1173 4443 1341 4484 domus
1358 4452 1546 4493 semper
1563 4443 1714 4493 patet,
1731 4443 2016 4484 Procurator
2034 4451 2293 4492 numquam
2313 4443 2446 4489 latet.
2462 4440 2969 4492 propmmn‚ctbnr1s..
2987 4442 3079 4482 eto.
