3357 4995
202 324 425 390 JUNII
476 324 557 387 1¹6
917 343 991 387 ns
1040 343 1095 387 s.
1150 341 1438 389 ΒΕΝΝΟΝΕ
1486 342 1780 389 MlanNsl
1831 342 2026 389 EPISC.
2538 326 2667 390 387

204 430 517 516 impune.
567 433 729 495 Nam
783 425 1119 495 scelerum
1171 447 1457 494 suorum
1510 448 1666 496 mox
1706 427 1933 514 justas
1983 425 2172 496 dedit
2216 448 2492 516 poenas,
2528 450 2567 496 a
2599 429 2758 498 sub·

207 517 372 586 ditis
422 517 568 586 suis
602 538 721 604 pro
778 529 875 584 ter
912 514 1385 584 crudelitatem
1423 525 1488 583 et
1528 516 1884 584 saevitiam
1914 515 2160 585 misere
2189 528 2490 584 necatus,
2525 521 2759 603 Equus

207 607 393 674 enim
445 606 512 673 in
550 626 686 691 quo
742 625 951 704 ugam
995 603 1338 692 sperabat,
1372 602 1639 690 'alioqui
1685 604 2110 684 celerrimuS‚
2146 618 2307 673 tunc
2356 628 2514 674 cum
2563 607 2756 674 inva-

207 695 513 773 deretur,
569 693 959 762 calcarlbus
999 705 1378 778 utcumque
1428 693 1746 772 admotiS,
1805 693 2046 782 pedem
2101 715 2367 762 movere
2417 695 2750 780 nequivit,

207 784 427 852 donec
477 804 703 851 sessor
734 781 1072 868 frequenti
1117 781 1395 849 vulnere
1442 780 1801 852 confossus
1857 783 2181 850 miseram
2217 782 2556 851 exhalavit
2605 785 2760 850 ani-

209 894 423 940 mam.
464 878 673 958 Atque
709 872 894 939 hunc
948 871 1013 938 in
1054 870 1338 938 modum
1390 869 1722 940 liberatus
1754 885 1856 940 est
1911 871 2113 939 divus
2161 876 2391 939 Benno
2442 884 2669 943 noster
2720 895 2761 940 a

210 960 577 1048 tyrannide
613 959 1007 1028 Buckhardi
1052 958 1396 1048 praefecti.
1745 1005 1749 1010 -

296 1053 334 1135 ξ
387 1053 544 1121 28.
601 1056 789 1117 Anno
839 1071 876 1116 a
943 1049 1153 1115 natali
1217 1047 1602 1117 Christiano
1650 1069 1882 1116 mxxvl
1958 1054 2136 1138 Papa
2195 1047 2755 1130 HildebranduS,

210 1139 685 1225 frequentibus
736 1150 960 1206 motus
1008 1137 1498 1222 querimoniis.
1553 1137 1927 1206 concilium
1987 1143 2236 1206 Romae
2291 1136 2572 1216 indixit,
2630 1144 2761 1208 Re-

208 1247 505 1316 gemque
554 1249 675 1314 per
702 1231 981 1314 Legatos
1038 1247 1201 1294 suos
1249 1225 1333 1294 ad
1387 1225 1513 1294 hoc
1566 1226 1867 1315 legitime
1901 1227 2185 1304 vocavit,
2221 1239 2297 1294 ut
2329 1225 2621 1305 adesset,
2673 1229 2759 1296 de

208 1316 623 1384 criminibus
669 1336 847 1401 quae
899 1313 1029 1380 illi.
1064 1315 1151 1382 ob
1202 1314 1511 1383 venditas
1548 1315 2052 1384 ecclesiasticas
2100 1315 2468 1404 dignitates
2528 1318 2760 1471 5quae

209 1420 375 1472 tunc
408 1417 602 1472 erant
640 1403 1166 1492 Imperatorum)
1204 1404 1688 1491 objicerentur,
1742 1426 2025 1473 causam
2075 1404 2390 1489 dicturus
2426 1428 2439 1470 :
2494 1427 2532 1472 a
2570 1404 2758 1490 ioqui

209 1494 414 1562 sciret
472 1515 542 1561 se
596 1494 855 1578 absque
902 1492 1089 1559 onmi
1166 1493 1819 1580 procrastinatione,
1874 1493 2112 1561 eodem
2180 1493 2290 1560 die
2338 1493 2422 1562 de
2468 1515 2759 1583 corpore

209 1594 487 1650 sanctae
557 1583 793 1650 matris
850 1581 1208 1657 Ecclesiae,
1264 1581 1642 1670 Apostolico
1697 1582 2145 1650 resecandum
2218 1581 2475 1670 gladio.
2558 1583 2756 1663 Quod

207 1671 568 1739 audientes
600 1671 914 1770 Episcopi
967 1669 1368 1738 Germaniae
1433 1683 1497 1738 et
1554 1671 1832 1750 Galliae,
1890 1670 2147 1756 quibus
2189 1684 2344 1739 nota
2394 1683 2537 1739 erat
2586 1677 2760 1739 Pon-

210 1759 417 1828 tificis
466 1773 810 1837 severita5‚
857 1772 921 1826 et
957 1759 1323 1826 vehemens
1368 1781 1530 1848 erga
1578 1760 1862 1828 domum
1906 1760 2017 1826 Dei
2051 1757 2261 1838 zelus,
2303 1761 2621 1829 timentes
2672 1782 2758 1827 ne

209 1848 376 1917 forte
427 1848 633 1917 simul
683 1869 841 1915 cum
896 1853 1073 1936 Rege
1124 1848 1272 1936 ipso
1301 1847 1546 1916 durius
1594 1848 1860 1934 aliquid
1923 1870 2043 1937 pro
2110 1847 2304 1916 sactis
2352 1849 2500 1917 suis
2569 1861 2759 1939 pate-

210 1951 451 2006 rentur
483 1961 497 2001 :
535 1937 1026 2005 communibus
1056 1936 1365 2005 consiliis
1399 1943 1648 2025 Regem
1691 1938 1969 2016 adeunt,
2012 1937 2501 2023 turbatumque
2543 1960 2758 2026 super

209 2026 320 2094 his
369 2027 543 2112 quae
592 2050 629 2093 a
679 2025 1003 2093 Pontilice
1054 2026 1380 2093 nunciata
1430 2026 1722 2102 fuerant,
1767 2025 2112 2115 palpando
2161 2025 2749 2112 consolandoque,

208 2119 389 2183 bono
437 2137 583 2183 esse
632 2114 864 2182 animo
912 2114 1207 2202 jubent,
1263 2115 1532 2183 irritum
1584 2117 1769 2182 enim
1849 2116 1986 2183 fore
2057 2114 2458 2183 Concilium.
2527 2120 2757 2200 Neque

212 2203 595 2291 parendum
631 2204 715 2281 ei,
756 2202 874 2287 qui
924 2203 1198 2290 injussu
1230 2225 1354 2271 suo
1387 2217 1449 2270 et
1486 2217 1753 2291 praeter
1787 2205 2125 2291 majorum
2179 2203 2754 2272 consuetudinem

212 2291 518 2380 seipsum
559 2292 739 2359 ultro
785 2290 1245 2361 ecclesiastico
1314 2293 1673 2381 ingesserit
1743 2292 2031 2361 culmini
2095 2293 2434 2378 (unicam
2496 2292 2757 2361 scilicet

211 2379 501 2449 salutem
565 2393 628 2448 et
700 2380 1024 2449 honorem
1097 2402 1383 2450 suorum
1434 2381 1871 2449 stabilitatem
1933 2383 1997 2448 in
2052 2380 2178 2448 hoc
2239 2380 2405 2448 verti
2466 2379 2751 2452 cardine

212 2469 361 2549 rati,
399 2469 457 2537 si
494 2468 759 2537 efficere
804 2482 1102 2559 possent,
1159 2483 1231 2538 ut
1272 2471 1329 2539 is
1391 2492 1523 2537 non
1589 2484 1766 2539 esset
1817 2469 2298 2559 Apostolicus).
2356 2474 2492 2537 Rex
2545 2469 2562 2537 i
2620 2469 2757 2539 itur

211 2560 651 2649 suggestione
683 2580 920 2627 eorum
980 2559 1327 2639 seductus,
1396 2559 1600 2648 paulo
1655 2574 1811 2627 ante
1860 2572 2189 2628 statutum
2228 2557 2507 2627 concilii
2621 2559 2755 2626 iem

209 2670 477 2726 omne5‚
529 2648 645 2733 qui
686 2647 752 2715 in
804 2669 929 2716 suo
982 2669 1188 2736 regno
1252 2661 1502 2725 essent,
1555 2649 1938 2738 episcopOS,
1993 2649 2275 2717 abbates
2325 2660 2388 2715 et
2434 2645 2752 2717 ecclesia-

212 2758 363 2805 rum
418 2736 755 2827 praelatos
808 2736 1209 2804 wormatiae
1250 2742 1352 2819 (ut
1402 2759 1614 2825 supra
1660 2737 1924 2817 dictum
1974 2738 2105 2820 est)
2143 2734 2505 2805 convenire
2558 2757 2757 2835 prae-

207 2826 410 2913 cepit,
467 2837 754 2894 tractare
791 2847 948 2892 cum
990 2826 1088 2895 eis
1116 2824 1347 2893 volens
1386 2826 1467 2893 ad
1503 2825 1989 2915 deponendum
2041 2825 2463 2903 Pontificem,
2520 2847 2579 2893 s1
2617 2846 2760 2911 qua

209 2915 341 2997 via,
405 2914 462 2981 si
512 2936 649 3000 qua
700 2914 883 2982 ratio·
912 2917 1187 3002 pateret.
1253 2920 1417 2982 Cum
1473 2914 1682 3001 igitur
1731 2915 2172 2984 beatissimus
2225 2919 2454 2985 Benno
2525 2927 2760 2984 noster

209 3015 349 3071 tam
402 3002 775 3082 Pontificis,
810 3024 1019 3089 quam
1051 3004 1354 3072 Caesaris
1394 3003 1613 3071 edicto
1639 3017 2024 3094 urgeretur,
2064 3018 2127 3073 et
2175 3004 2264 3073 ab
2298 2985 2588 3089 utrffque
2626 3002 2758 3070 sub

206 3092 382 3161 diris
413 3091 1071 3160 comminationibus
1120 3104 1498 3170 vocaretur,
1556 3093 1730 3160 inter
1765 3115 2004 3164 saxum
2055 3106 2120 3160 et
2174 3114 2448 3160 sacrum
2498 3092 2606 3179 (ut
2655 3103 2760 3161 est

208 3181 285 3248 in
337 3180 728 3272 proverbio)
787 3185 1069 3269 posituS‚
1129 3182 1195 3248 in
1248 3179 1416 3248 illud
1475 3181 1746 3249 tandem
1783 3188 2136 3251 Susannae
2186 3180 2471 3249 incidit:
2525 3187 2759 3268 Anqu-

205 3272 380 3337 stiac
411 3281 563 3337 sunt
600 3271 769 3337 mihi
807 3272 1119 3357 undiquc,
1177 3282 1237 3337 ec
1268 3271 1431 3359 quid
1461 3273 1712 3359 eliyam
1763 3274 2015 3360 iquoro.
2073 3271 2140 3339 Si
2188 3270 2372 3338 enim
2420 3267 2758 3357 Apostoli-

208 3379 327 3427 cae
365 3358 558 3426 Sedis
606 3357 927 3426 mandata
978 3370 1473 3447 contempsero,
1529 3360 1892 3427 anatliema
1944 3382 2125 3438 sum,
2162 3372 2228 3426 et
2290 3370 2477 3426 extra
2527 3358 2760 3426 Eccle-

211 3448 385 3517 siam
429 3447 673 3515 factus.
717 3446 830 3513 Sin
878 3466 1030 3512 vero
1067 3447 1727 3535 Imperatorisjussa
1765 3448 2199 3537 neglexerim,
2233 3461 2561 3532 tanquam
2606 3467 2760 3536 per-

211 3534 587 3604 duellionis
636 3557 817 3615 reuS‚
866 3546 1098 3602 notum
1160 3547 1360 3603 antea
1406 3558 1748 3603 carcerem
1804 3551 1868 3605 et
1919 3536 2197 3605 exilium
2253 3556 2387 3602 non
2438 3535 2751 3603 evadam.

210 3628 497 3693 Demum
534 3645 821 3693 excusso
852 3624 1041 3691 omni
1094 3645 1364 3722 pavore,
1420 3646 1654 3692 secum
1707 3625 1942 3694 statuit
1978 3625 2210 3692 relicta
2257 3628 2609 3713 synagoga
2644 3628 2761 3691 Sa-

192 3726 428 3791 tanae,
475 3710 892 3802 Apostolicae
956 3711 1147 3781 Sedis
1200 3712 1659 3781 obedientiam
1699 3712 1784 3779 ad
1831 3725 2114 3781 mortem
2150 3734 2372 3799 usque
2411 3712 2753 3792 confiteri,

208 3802 507 3870 maxime
546 3823 705 3870 cum
750 3821 883 3870 non
936 3801 1280 3889 ignoraret
1319 3801 1710 3869 celebrandi
1765 3801 2048 3869 concilii
2077 3802 2209 3888 jus
2246 3823 2603 3870 sacrorum
2633 3805 2758 3869 Ca-

210 3912 471 3958 nonum
524 3888 997 3958 sanctionibus
1046 3889 1171 3958 soli
1225 3895 1532 3958 Romano
1584 3890 1894 3958 Pontifici
1940 3912 2089 3959 esse
2137 3912 2572 3959 concessum.

297 3982 333 4065 §
387 3984 539 4051 ⁷2⁴1.
596 3984 832 4065 Itaque
880 3978 1005 4046 iter
1035 3980 1375 4068 arripiens
1426 3983 1712 4047 Romam
1755 4000 2014 4059 versus,
2060 3980 2143 4047 ad
2198 3978 2534 4047 indictum
2587 3984 2760 4047 Con-

207 4068 446 4135 cilium
500 4090 634 4137 non
692 4069 839 4137 sine
891 4068 1107 4137 multo
1162 4067 1391 4137 labore
1443 4080 1506 4135 et
1556 4067 1958 4137 difficultate
2019 4069 2344 4157 pervenit.
2402 4067 2756 4153 Siquidem

210 4162 591 4247 Imperator
640 4155 803 4225 illuc
855 4156 1295 4227 tendentibus
1343 4156 1604 4256 passim
1660 4170 1980 4256 posuerat
2033 4144 2591 4242 insidiaS‚‘quas
2646 4153 2759 4223 ille

212 4258 437 4313 tamen
492 4244 723 4314 divino
770 4244 984 4314 fretus
1040 4244 1296 4314 auxilio
1347 4245 1719 4314 incolumis
1792 4246 2126 4314 transivit.
2187 4246 2477 4313 Veniens
2526 4258 2757 4313 autem

210 4334 294 4402 ad
341 4334 761 4412 Pontificem,
816 4336 903 4404 ab
971 4356 1073 4414 eo,
1143 4335 1327 4421 quod
1392 4356 1577 4403 unus
1624 4356 1705 4404 ex
1764 4335 2092 4405 omnibus
2170 4334 2306 4403 fere
2354 4333 2760 4403 Germaniae

211 4423 569 4514 Episcopis
636 4444 850 4492 ausus
925 4424 1187 4506 fuisset,
1247 4423 1408 4513 plus
1487 4428 1615 4494 Deo
1694 4446 1904 4511 quam
1979 4423 2382 4493 hominibus
2441 4420 2753 4498 obedire,
