3357 4995
620 276 660 337 8
1239 291 1297 337 B.
1351 272 1640 339 annania
1687 290 1767 338 nn
1814 290 1962 339 cmo
2008 284 2395 340 murrinum
2755 277 2976 343 JUNII
3032 275 3054 337 t

526 369 728 440 miles
777 368 1026 440 Christi
1073 370 1183 439 his
1230 371 1659 443 cruciatib‘us
1697 384 2071 451 exercetur,
2108 372 2602 461 Trapezuntius
2632 373 2769 453 ille,
2806 374 2900 443 de
2929 397 3068 462 quo

526 481 740 548 supra
786 458 1016 539 retuli,
1052 481 1087 527 e
1122 459 1419 532 fenestra
1467 461 1700 541 turriS,
1757 462 1827 530 in
1864 483 2002 548 qua
2035 460 2256 530 fuerat
2287 460 2627 543 inclusUS,
2665 463 3068 553 prominens

524 547 910 619 clamabat:
967 552 1017 617 Ο
1066 548 1335 618 felicem
1385 550 1891 631 Christianum,
1955 572 1995 641 o
2052 550 2317 620 beatam
2351 605 2367 631 ‚
2419 572 2598 637 quae
2661 564 2724 621 te
2778 552 3062 642 genuit,

522 636 881 718 insulam,
943 659 982 707 o
1054 637 1569 709 nobilissimum
1646 651 1852 726 atque
1915 638 2132 708 omni‘
2168 637 2374 708 laude
2435 638 2729 729 dignum
2792 662 3061 731 genus;

521 725 710 796 unde
756 736 948 797 ortus
990 748 1086 797 es:
1133 727 1399 797 utinam
1451 727 1654 798 isthic
1697 749 1917 816 essem
1960 739 2212 807 tecum,
2251 738 2330 797 ut
2362 727 2606 798 eadem
2637 742 2903 819 paterer
2941 752 3067 821 pro

523 814 809 885 Christo.
847 820 1027 884 Haec
1056 815 1328 902 aliaque
1363 815 1882 895 vociferabatur,
1918 815 2234 905 martyrii
2258 838 2609 898 coronam,
2635 831 2712 889 ut
2741 818 3062 899 arbitror,

521 903 949 974 desiderans.
1017 905 1384 974 Carnifices
1421 906 1675 975 ¹autem
1737 904 2005 974 'Andrea
2071 904 2394 985 reducto,
2463 906 2705 976 multis
2769 907 3066 997 pretiosa

519 992 837 1063 membra
883 992 1200 1083 flagellis,
1255 993 1554 1080 lorisque
1601 992 2216 1064 foede-dilacerata
2246 1048 2262 1075 ,
2319 1007 2596 1085 ungunt
2655 995 3059 1086 unguentiS‚

520 1081 757 1153 cibum
805 1102 1081 1169 quoque
1136 1094 1339 1170 atque
1397 1094 1636 1172 potum
1684 1082 1772 1152 ad
1829 1082 2253 1152 fulciendam
2303 1084 2374 1152 in
2423 1104 2709 1174 corpore
2754 1084 3064 1154 animam

521 1171 607 1240 de
655 1170 1074 1240 Medicorum
1123 1170 1460 1252 consilio,
1521 1193 1822 1259 quorum
1877 1170 2087 1242 ,multi
2151 1194 2231 1241 ac
2282 1172 2681 1262 peritissimi
2749 1172 3059 1253 aderant,

520 1260 941 1337 obtulerunt,
997 1281 1076 1328 ac
1116 1281 1393 1347 aquam,
1445 1260 1517 1328 in
1551 1281 1690 1348 qua
1724 1281 1863 1330 non
1901 1282 2190 1349 parvum
2230 1260 2562 1331 defaecati
2592 1262 2747 1332 auri
2788 1261 3063 1363 pondus

518 1348 864 1429 bullierat,
899 1347 1301 1419 conducunt
1356 1348 1440 1418 ad
1470 1349 1900 1427 hibendum.
1937 1348 2012 1418 Id
2048 1348 2414 1431 faciebant,
2453 1371 2592 1438 quo
2627 1350 2898 1442 longior
2929 1338 3064 1420 vita

517 1439 670 1527 ejus
703 1436 969 1525 aliquid
1018 1436 1104 1506 ad
1148 1439 1574 1527 negationem
1630 1438 1866 1508 Crucis
1908 1438 2201 1519 afferret,
2257 1438 2469 1509 simul
2501 1451 2566 1509 et
2598 1440 3057 1520 ostenderent,

517 1527 758 1612 quanti
807 1525 1014 1595 vitam
1064 1525 1364 1597 facerent
1395 1527 1568 1615 ejus:
1605 1526 1775 1598 forte
1804 1527 2037 1608 etiam,
2071 1527 2402 1615 quoniam
2451 1550 2612 1598 cum
2655 1528 3063 1599 Christianis

517 1614 804 1684 enutriti
835 1627 1019 1695 sunt,
1046 1627 1111 1684 et
1142 1615 1462 1686 nonnulli
1488 1638 1728 1685 eorum
1757 1615 2126 1687 Christiani
2154 1616 2432 1686 fuerint.
2465 1622 2596 1688 Nec
2622 1617 3058 1707 ignorabant,
3105 1621 3110 1627 ’
3211 1701 3236 1721 ο

517 1703 865 1790 quomodo
914 1716 1251 1794 martyres
1300 1705 1547 1774 Christi
1594 1703 1763 1775 olim
1812 1706 1885 1774 in
1932 1705 2043 1774 die
2089 1705 2621 1786 cruciabantur,
2662 1706 2831 1776 etin
2868 1718 3064 1776 nocte

516 1792 1107 1862 convalescebant.
1154 1796 1375 1875 Quare
1411 1794 1750 1874 timentes,
1790 1815 1876 1863 ne
1921 1794 1991 1863 id
2032 1794 2365 1866 divinitus
2397 1794 2720 1877 eveniret,
2759 1794 3064 1865 medica-

517 1882 771 1951 mentis
821 1881 968 1953 suis
1016 1882 1359 1951 occultare
1407 1881 1757 1951 veritatem
1806 1882 2197 1953 studebant.
2387 1962 2392 1969 ‚

605 1972 641 2057 ξ
687 1975 764 2041 ’1.
831 1971 1173 2061 vigesima
1220 1971 1447 2061 prima
1492 1969 1806 2060 ejusdem
1855 1972 2111 2042 mensis
2157 1972 2269 2041 die
2330 1995 2573 2044 rursus
2622 1973 3057 2064 producitur,

516 2058 1071 2146 denudatusque,
1142 2060 1378 2129 ferreis
1450 2059 1808 2149 unguibus
1867 2071 2157 2150 tergora,
2210 2083 2388 2148 quae
2445 2062 2669 2151 pridie
2718 2063 2869 2152 ejus
2924 2062 3063 2131 diei

518 2147 793 2219 fuerant
840 2148 1209 2239 flagellata,
1262 2140 1753 2230 dilacerantur,
1800 2170 1924 2218 nec
1963 2151 2337 2237 quicquam
2388 2150 2580 2222 aliud
2619 2150 2799 2233 fecit,
2852 2151 3059 2220 dixit·
3117 2220 3120 2223 ,

516 2257 651 2323 que
706 2236 905 2306 miles
970 2237 1254 2317 Christi,
1318 2247 1750 2324 quamquam·
1805 2237 2002 2328 prius
2066 2240 2481 2309 contremuit
2534 2239 2605 2308 in
2668 2240 3054 2331 principio,

517 2346 905 2414 manusque
952 2325 1039 2395 ad
1090 2348 1162 2396 se
1209 2324 1518 2411 adduxit,
1566 2325 1821 2417 digitos
1869 2328 1939 2395 in
1990 2348 2263 2418 pugnos
2309 2329 2670 2409 contraxit,
2728 2329 2938 2420 pedes
2986 2329 3057 2397 in

513 2414 766 2499 iisdem
831 2415 1135 2506 vestigiis
1185 2415 1448 2495 tenuit,
1507 2426 1899 2507 magnaque
1946 2437 2105 2487 voce
2152 2415 2509 2488 clamavit:
2567 2419 2768 2510 Virgo
2817 2418 3053 2499 Maria,

503 2504 673 2592 juva
715 2525 846 2574 me.
901 2504 1544 2595 Sic‚Trapezuntius
1583 2506 1789 2574 etiam
1838 2504 2103 2587 eadem,
2156 2521 2333 2592 quae
2365 2506 2588 2597 pridie
2640 2507 3059 2577 vociferaba-

514 2606 672 2674 tur,
726 2614 763 2662 e
823 2595 997 2664 turri
1061 2595 1309 2664 iterum
1378 2605 1582 2680 atque
1630 2595 1880 2664 iterum
1932 2594 2296 2684 repetebat.
2358 2595 2772 2667 Adveniente
2832 2609 3052 2676 nocte,

514 2683 892 2772 unguentis
930 2681 1248 2765 illinitur,
1288 2682 1609 2752 similiter
1646 2693 1714 2752 et
1745 2683 2269 2754 medicamentis
2299 2695 2505 2772 atque
2537 2685 2760 2774 aquis,
2799 2685 2869 2753 in
2901 2684 3058 2771 qui-

511 2771 644 2841 bus
698 2775 951 2861 magna'
994 2772 1211 2842 virtus
1259 2773 1411 2841 auri
1460 2770 1682 2841 fuerat
1728 2770 1981 2854 infusa,
2027 2783 2474 2853 sustentatur,
2526 2774 2726 2861 quasi
2773 2772 3053 2843 charam

513 2860 749 2928 Crucis
798 2859 1027 2929 hostes
1075 2860 1368 2931 salutem
1428 2860 1986 2950 ejus-haberent,
2059 2882 2382 2951 magnam
2434 2862 2521 2931 iis
2570 2861 2777 2932 rebus
2831 2861 3059 2931 inesse

511 2947 829 3016 virtutem
901 2947 1423 3038 praedicantes,
1489 2949 1789 3039 Spiritus
1857 2949 2085 3020 Sancti
2153 2950 2446 3039 gratiam
2510 2952 2582 3020 in
2632 2950 3051 3020 Medicorum

510 3036 856 3125 peritiam,
889 3037 1167 3124 cibique
1198 3059 1277 3107 ac
1318 3051 1519 3128 potus
1564 3038 2121 3109 commoditatem
2161 3038 2571 3109 derivantes
2609 3037 3058 3109 illucescente

512 3146 817 3211 namque
863 3123 975 3194 die
1005 3181 1020 3205 ,
1075 3147 1290 3214 sanus
1339 3127 1622 3197 omnino
1687 3137 1948 3216 martyr
1994 3127 2241 3198 Christi
2302 3127 2670 3218 apparuit,
2722 3149 2900 3215 quae
2944 3149 3057 3197 res

511 3212 1038 3285 medicamentis
1104 3214 1254 3284 fieri
1321 3237 1458 3285 non
1516 3227 1759 3306 potest:
1815 3236 1994 3303 quae
2042 3239 2200 3286 cum
2273 3216 2676 3287 naturaliter
2719 3229 3049 3307 agerent,

511 3301 821 3392 longiore
880 3303 1027 3372 indi
1079 3315 1195 3373 ent
1262 3315 1614 3393 tempore,
1688 3301 2368 3393 frequentationeque
2413 3304 2906 3387 conveniente,
2969 3328 3054 3376 ne

510 3390 776 3484 digesta
824 3391 896 3460 in
944 3391 1040 3461 du
1094 3392 1238 3462 ium
1287 3391 1554 3480 aliquid
1601 3393 1982 3466 conferant:
2021 3394 2207 3482 quod
2249 3407 2475 3463 tamen
2512 3393 2801 3464 minime
2829 3390 3055 3466 facere

510 3492 824 3568 possunt,
881 3480 940 3551 si
989 3479 1219 3551 denuo
1258 3502 1514 3582 corpus
1554 3504 1633 3553 ac
1681 3484 1959 3573 saepius
1996 3484 2397 3574 exagitetur,
2450 3481 2593 3553 sive
2629 3483 2834 3553 etiam
2870 3497 3053 3555 atro-

506 3568 658 3637 cius
704 3569 1073 3639 crucietur.
1112 3576 1298 3653 Quae
1338 3583 1555 3641 virtus
1588 3593 1789 3662 opem
1840 3572 2084 3642 afferre
2126 3583 2348 3662 potest
2389 3584 2659 3662 praeter
2706 3572 3050 3643 divinam?

507 3657 808 3728 Profecto
862 3657 1079 3728 nulla.
1492 3661 1519 3684 “
2838 3736 2844 3742 ,

535 3834 546 3845 ,
592 3748 628 3833 ἓ
676 3750 758 3818 S.
826 3747 1167 3837 vigesima
1206 3748 1515 3819 secunda
1545 3749 1859 3839 ejusdem
1910 3751 2171 3821 mensis
2210 3750 2345 3831 die,
2403 3749 2813 3841 producitur
2860 3749 3052 3819 simi·

502 3832 655 3904 liter
689 3847 840 3926 post
873 3836 1259 3919 meridiem,
1295 3860 1376 3908 ac
1410 3859 1663 3908 manus
1695 3851 1761 3908 et
1793 3837 2002 3929 pedes
2037 3839 2136 3910 sic
2170 3850 2598 3926 torquentur,
2638 3851 2716 3909 ut
2746 3860 2830 3907 ne
2875 3838 3053 3928 digi-

507 3936 734 3994 torum
761 3922 1043 4013 quidem
1076 3926 1376 4008 articuli,
1414 3948 1539 3995 nec
1571 3926 1876 4008 cubitus,
1921 3949 2048 3996 nec
2079 3948 2309 4018 genua
2340 3926 2411 3996 in
2445 3926 2615 3997 locis
2645 3926 2792 3998 suis
2826 3948 3051 3997 rema-

498 4025 762 4093 nerent,
810 4012 927 4083 sed
964 4011 1135 4084 locis
1175 4014 1323 4085 suis
1354 4014 1589 4085 omnia
1621 4015 1930 4087 salirent:
1968 4016 2090 4103 qui
2119 4014 2318 4085 tlolor
2353 4015 2702 4085 maximus
2728 4015 3042 4085 omnium

497 4115 621 4172 est.
677 4106 951 4171 Caetera
1015 4102 1334 4174 similiter
1398 4116 1589 4193 gesta
1636 4104 1957 4193 dictaque
1991 4158 2007 4185 ,
2062 4125 2200 4173 non
2250 4103 2338 4172 ab
2387 4103 2539 4192 ipso
2587 4103 2811 4173 solum
2845 4158 2861 4184 ‚
2975 4103 3049 4172 ui

499 4203 727 4261 tamen
778 4189 953 4260 nihil
1002 4191 1219 4273 aliud,
1270 4191 1443 4261 nisi:
1490 4193 1692 4284 Virgo
1736 4193 1971 4275 Maria,
2007 4191 2177 4280 juva
2225 4212 2357 4272 me,
2407 4191 2476 4259 in
2530 4190 2877 4280 principio
2972 4212 3048 4260 o-

499 4279 753 4360 lorum,
802 4279 1011 4367 idque
1063 4280 1272 4352 semel
1321 4279 1692 4364 clamabat;
1731 4287 1992 4366 ,verum
2040 4280 2246 4350 etiam
2296 4300 2339 4348 a
2386 4278 2840 4368 Trapezuntio
2895 4277 3040 4361 illo,

498 4368 621 4456 qui
669 4368 1082 4459 martyrium
1132 4367 1231 4441 sic
1281 4369 1676 4461 expetebat,
1739 4383 1819 4443 ut
1878 4368 2159 4452 multis,
2220 4367 2427 4439 etiam
2489 4366 3037 4451 Mahumetisti5‚
