3357 4995
200 292 369 359 ΝΜ]
416 294 465 357 2
715 308 1056 359 TRANSLAT.
1110 310 1199 358 ss.
1255 311 1366 358 nit.
1424 311 1603 358 parm
1651 309 1737 358 nr
1773 308 2147 358 macetum
2533 295 2616 360 87

206 417 293 485 per
326 395 746 465 beneficium
799 396 1002 486 Regis
1033 395 1325 475 tenebat,
1357 395 1656 485 dirigere
1686 395 1976 463 curavit.
2010 395 2137 476 Qui
2172 396 2512 466 Diaconus
2543 419 2706 467 cum

206 482 263 551 ad
301 483 533 553 villam
585 485 849 574 regiam
894 506 1073 572 quae
1121 484 1501 554 Wasidium
1552 495 1874 563 vocatur,
1923 483 2241 566 venisset,
2298 486 2598 555 occurrit
2645 488 2709 555 ei

198 572 363 641 homo
413 573 851 662 gibberosus,
906 585 1081 643 etex
1127 573 1438 643 dentium
1490 572 1726 642 dolore
1761 571 1855 640 ita
1904 582 2184 642 vexatus
2218 584 2422 660 atque
2471 574 2705 644 conse-

196 671 334 739 ctus,
370 674 451 730 ut
488 662 638 751 jam
680 684 805 752 per
833 660 979 731 dies
1025 661 1426 750 quindecim
1479 660 1752 732 nullum
1796 660 2012 729 alium
2051 661 2305 730 victum
2340 684 2552 749 quam
2602 686 2711 732 so-

199 747 302 818 lam
356 771 611 836 aquam
664 764 894 841 posset
938 772 1314 820 assumere.
1374 749 1502 832 Qui
1551 772 1714 820 cum
1765 749 2080 819 hortante
2129 750 2427 820 Diacono
2474 773 2708 820 coram

194 838 497 925 Reliquiis
528 861 703 925 quas
751 837 868 909 ille
914 838 1192 920 ferebat,
1239 862 1311 909 se
1357 838 1439 908 ad
1492 837 1831 909 orandum
1887 850 2318 928 prostrasset,
2377 851 2442 909 et
2481 842 2710 909 Domi-

190 947 330 995 num
378 927 726 999 Christum
779 941 855 998 ut
901 928 1009 998 sui
1058 929 1518 1007 misereretur,
1573 927 1810 997 devote
1841 950 1921 996 ac
1950 927 2356 1017 suppliciter
2398 928 2710 1000 invocas-

186 1027 288 1094 set,
326 1037 448 1105 per
493 1016 1056 1088 intercessionem
1106 1030 1500 1087 sanctorum
1554 1015 1931 1085 Marcellini
1971 1029 2038 1085 et
2069 1017 2245 1086 Petri
2279 1028 2532 1087 cuncta
2556 1039 2709 1087 cor-

181 1103 349 1190 poris
381 1105 943 1175 incommoditate
973 1105 1288 1196 depulsa,
1328 1127 1544 1175 sanus
1590 1106 1678 1174 ab
1727 1106 2036 1174 oratione
2064 1106 2386 1175 surrexit.
2425 1111 2708 1178 Factum

180 1205 268 1259 est
311 1193 437 1262 hoc
468 1194 885 1265 miraculum
918 1194 1383 1266 tertiodecimo
1434 1193 1766 1264 Calendas
1803 1193 1974 1263 Julii
2007 1193 2191 1281 quod
2243 1217 2281 1263 a
2325 1216 2434 1271 me
2492 1216 2708 1285 supe-

182 1279 314 1350 rius
346 1282 616 1370 plenius
661 1300 768 1355 est
812 1296 1246 1353 enarratum:
1299 1282 1462 1371 quia
1510 1304 1636 1373 ego
1670 1281 1844 1352 illud
1884 1283 2084 1372 juxta
2124 1283 2529 1354 relationem
2562 1306 2706 1354 me-

185 1371 405 1437 morati
458 1372 731 1461 Georgii
780 1372 1211 1442 conscribere
1256 1371 1516 1443 curavi.

260 1460 293 1542 §
334 1464 463 1530 11.
519 1461 867 1530 Diaconus
912 1473 1140 1531 autem
1192 1482 1350 1531 cum
1394 1460 1731 1547 Reliquiis
1766 1460 1962 1529 tertia
1987 1459 2572 1531 diexValentianas
2597 1483 2707 1531 ve·

188 1545 389 1627 niens,
439 1570 600 1618 eum
651 1571 771 1619 eas
820 1549 888 1618 in
939 1550 1297 1620 basilicam
1326 1554 1391 1619 S.
1430 1548 1661 1622 Salvii.
1704 1548 1883 1619 sicut
1911 1549 1973 1617 ei
2001 1547 2221 1619 fuerat
2255 1550 2702 1650 imperatum,

188 1651 549 1707 reverenter
606 1652 675 1707 et
724 1638 1097 1709 honorifice
1145 1637 1446 1717 inferret,
1504 1637 1790 1726 quidam
1847 1637 2127 1727 juvenis
2176 1638 2261 1707 de
2311 1638 2473 1708 villa
2523 1639 2708 1729 regis

188 1743 343 1807 quae
381 1726 640 1797 Listina
679 1739 981 1808 vocatur,
1050 1727 1447 1798 Dominicus
1511 1726 1790 1795 nomine
1854 1727 1976 1814 qui
2037 1748 2116 1796 eo
2171 1727 2432 1806 morbo,
2495 1748 2706 1814 quem

189 1814 402 1883 Graeci
449 1837 812 1906 spasmum
862 1815 1234 1906 appellant,
1286 1815 1423 1905 jam
1476 1838 1595 1906 per
1642 1837 1906 1883 annum
1957 1815 2306 1906 integrum
2359 1817 2458 1885 sic
2508 1838 2709 1886 vexa-

188 1899 389 1984 batur,
421 1918 498 1974 ut
547 1926 802 1974 manus
842 1905 992 1994 ejus
1039 1905 1313 1975 dextera
1361 1905 1637 1994 penitus
1685 1903 2023 1973 contineri
2088 1926 2222 1974 non
2277 1918 2530 1994 posset,
2586 1905 2705 1975 sed

189 1989 531 2078 agitatione
574 1993 932 2073 continua,
968 1994 1169 2081 quasi
1217 1993 1338 2080 qui
1379 1993 1632 2063 molam
1676 2004 1982 2072 verteret,
2026 2007 2418 2063 moveretur
2461 1995 2528 2062 in
2581 2016 2708 2084 gy·-

189 2097 365 2145 rum:
399 2083 625 2150 statim
680 2082 750 2150 in
801 2082 950 2172 ipso
997 2083 1284 2153 introitu
1333 2104 1454 2172 per
1486 2080 1730 2150 merita
1778 2081 2132 2150 beatorum
2170 2095 2556 2172 martyrum
2591 2106 2710 2153 co-

192 2186 321 2234 ram
366 2171 552 2239 omni
595 2170 850 2261 populo
885 2170 981 2240 ita
1014 2183 1299 2242 curatus
1344 2182 1467 2251 est,
1508 2182 1583 2240 ut
1614 2169 1959 2260 posthaec
1995 2170 2267 2240 nullum
2313 2171 2502 2241 illius
2551 2171 2709 2241 hor-

192 2256 421 2327 rendae
449 2260 846 2348 agitationis
894 2272 1240 2349 pateretur
1286 2258 1835 2329 incommodum.

272 2346 488 2429 §12
545 2348 801 2416 Exinde
857 2347 968 2417 die
1013 2360 1304 2437 quarta,
1376 2348 1447 2416 in
1516 2346 1874 2416 festivitate
1925 2347 2240 2417 videlicet
2291 2353 2359 2417 B.
2414 2349 2708 2419 Joannis

194 2434 528 2522 Baptistae,
582 2458 759 2506 anus
806 2437 1143 2524 quaedam
1186 2437 1465 2507 nomine
1504 2435 1802 2506 Gerrada
1882 2457 2012 2505 uae
2062 2457 2132 2507 se
2181 2457 2443 2507 annum
2481 2459 2707 2507 unum

193 2543 371 2591 caeca
417 2524 629 2595 fuisse
675 2538 915 2596 testata
962 2539 1084 2606 est,
1140 2526 1309 2595 dum
1362 2526 1724 2595 Missarum
1775 2547 1851 2594 so
1883 2525 2112 2593 emnia
2161 2526 2701 2605 celebrarentur,

192 2607 499 2682 invocatis
538 2614 756 2683 beatis
805 2615 1228 2704 martyribus
1273 2614 1509 2684 lumen
1559 2613 1744 2702 quod
1779 2635 1861 2682 ex
1887 2612 2021 2681 side
2071 2613 2379 2702 petierat,
2426 2614 2708 2683 cunctis

194 2698 300 2850 qui
344 2699 620 2771 aderant
666 2702 1083 2785 videntibus,
1139 2724 1259 2792 per
1305 2702 1584 2772 illorum
1639 2702 1883 2771 merita
1930 2702 2208 2790 recepit.
2249 2702 2580 2772 Similiter
2631 2703 2703 2771 in

220 2787 529 2858 estivitate
557 2792 774 2860 sancti
826 2790 1033 2861 Salvii
1097 2812 1275 2879 quae
1320 2791 1543 2861 evenit
1582 2803 1766 2860 sexto
1816 2789 2147 2860 Calendas
2185 2790 2379 2871 Julii,
2419 2790 2706 2878 quidam

197 2871 380 2944 homo
438 2878 691 2949 surdus
737 2892 804 2948 et
850 2894 1089 2950 mutus
1145 2880 1323 2950 inter
1370 2878 1708 2950 solemnia
1770 2879 2134 2948 Missarum
2188 2901 2307 2969 per
2369 2880 2706 2971 suffragia

203 2963 546 3053 Martyrum
596 2981 661 3036 et
717 2966 1031 3037 auditum
1081 2980 1145 3038 et
1193 2967 1534 3055 loquelam
1599 2967 1903 3057 recipere
1965 2968 2237 3038 meruit.
2296 2967 2548 3038 Eadem
2598 2968 2710 3038 die

198 3069 358 3120 anus
398 3055 728 3140 quaedam
779 3055 864 3126 de
913 3079 1000 3148 pa
1050 3080 1090 3127 o
1118 3056 1560 3129 Laudunensi
1597 3055 2037 3126 Rodeltrudis
2070 3057 2349 3126 nomine
2374 3079 2553 3146 quae
2579 3079 2711 3148 per

201 3148 326 3207 tres
367 3163 572 3215 annos
611 3144 848 3215 lumen
899 3146 1071 3216 coei
1120 3168 1257 3217 non
1307 3146 1499 3225 vidit,
1547 3145 1615 3214 in
1667 3145 1906 3215 eadem
1954 3144 2413 3216 celebratione
2465 3147 2709 3217 Missa-

198 3246 346 3328 rum
374 3232 587 3302 visum
627 3235 904 3323 recepit.
959 3235 1210 3318 Quinto
1251 3234 1580 3305 Calendas
1625 3234 1803 3304 Julii
1830 3255 2005 3324 puer
2035 3233 2317 3322 quidam
2363 3256 2705 3305 annorum

197 3330 444 3389 circiter
488 3336 773 3413 septem,
828 3324 1232 3395 Donitianus
1266 3323 1546 3394 nomine
1592 3324 1712 3411 qui
1763 3323 1892 3393 fuit
1920 3345 2169 3392 caecus
2228 3345 2267 3391 a
2326 3322 2704 3404 nativitate,

211 3399 347 3499 tium
377 3408 683 3482 divinum
713 3411 1099 3483 celebratur
1127 3412 1458 3493 officium,
1499 3435 1619 3503 per
1647 3413 1890 3482 merita
1922 3411 2277 3481 beatorum
2319 3424 2708 3502 martyrum

208 3490 608 3570 illuminatus
657 3512 780 3570 est.

276 3584 307 3668 ξ
350 3590 485 3658 13.
540 3592 617 3658 In
669 3588 905 3679 vigilia
954 3613 1109 3660 vero
1141 3590 1500 3660 beatorum
1533 3589 2011 3680 Apostolorum
2047 3589 2223 3659 Petri
2272 3599 2337 3658 et
2387 3587 2606 3668 Pauli,
2643 3587 2712 3656 id

209 3682 287 3738 est
314 3688 545 3759 quarto
596 3676 926 3747 Calendas
969 3679 1163 3758 Julii,
1211 3677 1442 3769 puella
1480 3679 1821 3765 quaedam
1884 3700 2113 3768 parva,
2155 3677 2435 3747 nomine
2462 3677 2707 3746 Theot-

208 3752 400 3856 balda‚
439 3764 703 3835 habens
752 3766 989 3838 aetatis
1035 3787 1279 3848 annos,
1316 3779 1392 3836 ut
1441 3768 1837 3857 putabatur,
1875 3788 2141 3846 novem,
2168 3766 2286 3854 qui
2317 3766 2541 3837 tribus
2588 3787 2713 3834 an-

208 3864 293 3943 nis
334 3851 499 3922 nihil
552 3853 838 3936 viderat,
884 3868 1189 3947 tempore
1238 3855 1561 3926 salutaris
1593 3855 1799 3925 officii
1843 3855 1912 3924 in
1959 3854 2188 3924 media
2234 3853 2478 3955 populi
2529 3853 2713 3924 mul-

210 3938 467 4037 titudine
511 3942 930 4025 eonstituta,
1011 3957 1395 4034 martyrum
1463 3944 2010 4035 suffragantibus
2078 3943 2394 4023 meritis,
2471 3943 2715 4012 lumen

208 4040 502 4101 amissum
554 4053 638 4101 ex
684 4030 921 4102 divina
945 4031 1383 4103 miseratione
1417 4033 1695 4123 recepit.
1741 4032 1993 4103 Eadem
2021 4031 2133 4103 die
2157 4031 2444 4119 quidam
2477 4031 2708 4112 homo,

208 4116 447 4186 nomine
479 4120 692 4203 Dado,
721 4119 807 4190 de
836 4117 1000 4190 villa
1031 4120 1372 4193 Ponticuli
1403 4133 1662 4204 vocata,
1698 4122 1817 4209 qui
1846 4143 2067 4192 annos
2109 4143 2224 4192 sex
2253 4142 2510 4191 curvus
2540 4130 2712 4201 erat,

208 4211 258 4266 et
295 4203 371 4273 ad
415 4210 683 4279 coelum
736 4231 807 4279 se
854 4209 1113 4300 erigere
1153 4232 1289 4279 non
1344 4221 1628 4310 poterat,
1684 4210 1974 4298 ideoque
2013 4209 2339 4281 brevibus
2385 4207 2713 4278 anticulis

212 4298 604 4368 sustentandi
654 4319 726 4369 se
774 4298 997 4389 gratia
1062 4298 1194 4370 sub
1258 4297 1487 4369 axillis
1549 4299 1793 4389 positis
1850 4321 2155 4370 cernuus
2202 4297 2598 4368 incedebat:
2653 4296 2714 4365 is
