3357 4995
664 310 789 373 432
1247 328 1325 374 nn
1373 329 1429 376 s.
1486 327 1820 376 uomFAclo
1869 328 2066 377 Ense.
2120 331 2194 377 ET
2242 330 2433 377 usur.
2807 315 3036 381 JUNII
3094 319 3139 380 5

573 408 813 471 dicente
842 407 1129 470 Domino:
1175 407 1526 471 Sacerdotes
1552 411 1671 471 mei
1705 409 1893 472 semel
1928 410 2211 473 nubant?
2241 420 2303 473 et
2337 411 2681 491 ApostoluS,
2708 414 2891 475 unius
2922 418 3149 478 uxoris

574 490 805 558 virum,
851 497 965 550 etc.
1012 487 1085 549 Et
1127 488 1238 549 hoc
1282 495 1425 550 ante
1472 497 1816 567 susceptum
1865 491 2270 552 sacerdotium
2317 495 2403 552 uti
2449 492 2690 554 licitum
2734 499 2846 556 est.
2899 493 3061 557 Nam
3108 514 3146 558 a

573 569 670 629 die
713 569 973 646 suscepti
1020 568 1333 630 sacerdotii
1377 570 1561 631 etiam
1610 570 1685 631 ab
1732 572 1854 646 ipso
1915 570 2160 648 proprio
2222 570 2506 648 conjugio
2549 571 2912 650 prohibendi
2962 584 3144 637 sunt.

574 646 887 719 Quomodo
927 664 989 708 se
1017 649 1350 710 sacerdotio
1394 649 1571 724 fungi
1615 649 2029 723 considerant,
2074 650 2177 726 qui
2227 650 2447 711 talibus
2495 651 2821 713 sceleribus
2867 653 3141 716 involuti

572 735 1017 799 monstrantur,
1052 734 1118 789 ut
1149 744 1348 806 neque
1378 728 1677 790 seculares
1707 726 1915 790 fideles
1949 728 2044 789 his
2072 728 2444 791 facinoribus
2471 729 2780 793 obvolutos
2807 737 3149 810 optemus?

572 805 884 879 Quomodo
929 823 1051 868 non
1095 811 1539 887 pertimescunt
1568 808 1777 869 divina
1824 809 2111 886 mysteria
2143 810 2529 886 contingere,
2573 815 2679 872 aut
2711 813 3019 951 fflomom
3059 815 3141 874 ad

571 887 871 948 orandum
904 903 1010 964 pro
1039 890 1296 963 peccatis
1339 885 1542 966 populi
1585 887 1873 950 accedere
1902 896 2319 964 praesumunt,
2351 891 2501 950 dum
2531 884 2683 952 sacri
2801 906 2994 953 nones
3025 905 3143 953 ne·

570 982 689 1043 que
733 983 953 1045 purum
997 967 1313 1040 clericum,
1357 969 1455 1031 cui
1487 967 1891 1029 sacerdotium
1936 973 2202 1039 nonest,
2245 968 2529 1031 secundis
2577 968 2846 1049 copulari
2896 972 3141 1048 nuptiis

571 1048 981 1124 permittunt?
1024 1047 1119 1108 Isti
1167 1055 1376 1110 vero‘e
1418 1048 1726 1110 contrario
1769 1061 1891 1108 non
1922 1046 2114 1107 solum
2160 1056 2286 1124 post
2325 1056 2671 1126 susceptum
2713 1049 3137 1113 sacerdotium

570 1142 633 1189 se
661 1127 965 1188 abstinere
995 1127 1208 1188 nolunt
1229 1128 1306 1190 ab
1338 1144 1452 1189 una
1490 1142 1699 1198 uxore,
1732 1127 1919 1187 immo
1963 1126 2243 1189 luxuriae
2272 1127 2484 1199 dediti,
2516 1129 2717 1206 pejora
2749 1128 3135 1192 secularibus

569 1207 794 1268 scelera
838 1209 1262 1278 committunt,
1309 1215 1377 1267 ut
1421 1208 1621 1285 plures
1672 1221 1889 1267 uxores
1939 1206 2162 1268 habere
2214 1216 2622 1284 praesumant,
2664 1207 2891 1286 quibus
2929 1226 3135 1287 neque

571 1302 761 1347 unani
813 1301 1161 1347 concessum
1206 1294 1294 1348 est
1338 1294 1471 1364 post
1512 1293 1858 1361 susceptum
1901 1285 2314 1349 ministerium
2343 1292 2690 1350 attrectare.
2741 1286 2857 1348 Sed
2902 1300 2965 1349 et
3017 1292 3132 1352 ista

572 1365 1103 1444 parvipendenteS,
1134 1374 1312 1443 atque
1346 1366 1675 1427 Dominum
1707 1364 1779 1426 ad
1814 1366 2191 1426 iracundiam
2224 1375 2652 1443 provocanteS,
2701 1368 2927 1443 majora
2961 1385 3132 1431 com·

571 1446 829 1506 mittunt
858 1446 1146 1517 facinora,
1177 1446 1325 1506 dum
1354 1445 1615 1523 propriis
1645 1443 1927 1506 manibus
1956 1442 2332 1506 Christianos
2359 1452 2541 1524 atque
2570 1462 2832 1525 paganos
2878 1456 3132 1519 necant,

572 1530 633 1585 et
661 1525 750 1597 tit,
772 1525 959 1600 utqui
991 1525 1051 1585 in
1077 1525 1498 1587 remissionem
1522 1532 1910 1603 peccatorum
1935 1523 2279 1586 debuerunt
2302 1525 2611 1587 lavacrum
2637 1530 3138 1602 regenerationis

572 1604 951 1680 impendere,
996 1611 1057 1666 et
1101 1602 1325 1666 Christi
1353 1613 1724 1666 sacramenta
1769 1603 1997 1665 donare
2039 1604 2195 1673 aliis,
2231 1620 2308 1666 ne
2353 1606 2416 1666 in
2458 1611 2778 1668 aeternnm
2822 1607 3132 1684 perirent,

571 1683 929 1745 eorumdem
962 1684 1270 1761 sacrilegis
1312 1684 1593 1745 manibus
1631 1685 2093 1760 extinguantur.
2143 1684 2286 1757 Quis
2328 1684 2499 1746 enim
2540 1686 2777 1763 sapiens
2817 1701 2921 1746 eos
2951 1690 3135 1749 aesti-

572 1769 700 1823 met
732 1763 1092 1834 sacerdotes,
1124 1765 1229 1841 qui
1276 1780 1477 1840 neque
1517 1782 1548 1826 a
1594 1763 2096 1824 fornicationibus
2124 1763 2457 1838 abstinent,
2493 1779 2689 1841 neque
2719 1764 2795 1826 ab
2832 1765 3140 1829 effusione

574 1842 831 1904 humani
874 1844 1195 1920 sanguinis
1237 1859 1454 1905 manus
1494 1849 1744 1904 servant
1773 1843 2096 1904 innoxias?
2144 1841 2368 1914 Quisve
2410 1859 2626 1906 eorum
2663 1843 2981 1906 sacrificiis
3025 1847 3144 1907 Do-

571 1923 814 1983 minum
859 1938 986 1983 esse
1015 1922 1209 1983 credit
1250 1922 1571 2000 placatum,
1614 1923 1858 1984 dicente
1903 1921 2227 2000 Propheta:
2275 1924 2487 1984 Virum
2530 1924 2907 2002 sanquinum
2949 1932 3006 1985 et
3039 1926 3142 1987 do·

572 1999 767 2062 losum
786 1997 1239 2064 abominabitur
1265 2003 1601 2064 Dominus?
1620 2003 1750 2078 (Ps.
1771 2000 1850 2075 5).
1869 2000 2017 2062 lstos
2037 2017 2208 2075 erg0,
2235 2008 2302 2063 ιιι
2327 2004 2645 2079 praemisi,
2664 2018 2775 2065 nec
2795 2004 3141 2067 sacerdotio

478 2079 482 2096 ‘
572 2080 743 2155 fungi
792 2080 1060 2158 patiariS,
1092 2097 1289 2160 neque
1316 2082 1525 2144 divina
1570 2085 1928 2156 contingere
1958 2084 2266 2158 mysteria.
2299 2081 2592 2160 Quicquid
2632 2085 2776 2144 vero
2818 2082 2988 2146 aliud
3030 2103 3134 2146 eos

570 2167 778 2221 contra
824 2161 1297 2223 Ecclesiasticam
1330 2161 1600 2236 regulam
1635 2161 1960 2222 excessisse
2005 2162 2321 2238 repereriS,
2366 2161 2640 2224 Canones
2669 2162 2802 2223 sive
2848 2163 3129 2226 instituta

572 2247 809 2317 patrum
840 2256 981 2317 prae
1027 2241 1311 2303 manibus
1345 2241 1579 2313 habeto,
1611 2247 1673 2301 et
1700 2242 1857 2301 sicut
1891 2243 1954 2300 in
1983 2241 2070 2301 eis
2097 2241 2342 2302 edoctus
2383 2243 2595 2310 fueris,
2638 2240 2940 2304 discerne.

650 2317 817 2389 Quod
863 2326 1069 2382 autem
1114 2320 1221 2381 tibi
1264 2336 1674 2382 successorem
1720 2320 2088 2382 constituere
2132 2322 2360 2397 petisti,
2403 2328 2472 2382 ut
2515 2329 2567 2382 te
2614 2320 2869 2382 vivente
2915 2322 2982 2383 in
3027 2330 3132 2384 tuo

572 2396 701 2458 loco
745 2398 1005 2478 eligatur
1046 2398 1393 2478 Episcopus,
1440 2401 1552 2460 hoc
1598 2399 1762 2460 nulla
1809 2401 2046 2460 ratione
2088 2400 2333 2461 concedi
2386 2400 2691 2477 patimur,
2737 2402 2877 2479 quia
2922 2409 3129 2463 contra

570 2492 821 2540 omnem
866 2479 1339 2542 Ecclesiasticam
1387 2478 1665 2556 regulam
1708 2494 1834 2540 esse
1865 2485 2273 2542 monstratur:
2307 2479 2410 2542 sed
2445 2479 2746 2552 volumus,
2775 2489 2842 2542 ut
2875 2480 2987 2543 tibi
3022 2483 3137 2543 mi·

573 2557 814 2625 nistret,
848 2566 907 2621 et
949 2561 1027 2620 sit
1072 2563 1134 2620 in
1165 2558 1500 2636 Evangelio
1544 2558 1768 2619 Christi
1800 2559 2067 2635 adjutor,
2097 2559 2338 2622 dicente
2369 2560 2684 2639 Apostolo:
2721 2560 2788 2623 Si
2823 2561 2960 2638 quis
2990 2560 3134 2623 benc

570 2638 1037 2714 ministraverit,
1078 2638 1340 2719 pradum
1381 2637 1499 2699 sibi
1536 2635 1760 2699 bonum
1802 2638 2072 2716 acquiret
2100 2639 2182 2713 (Ξ.
2222 2640 2372 2702 Tim.
2420 2640 2535 2717 ιιι).
2582 2640 2776 2701 Nimis
2818 2641 2991 2702 enim
3038 2658 3131 2702 re-

570 2720 1090 2793 prehensibile-ac
1132 2717 1487 2780 detestabile
1515 2733 1642 2779 esse
1685 2717 2076 2778 manifestum
2106 2725 2218 2790 est,
2253 2726 2321 2780 ιιι
2367 2726 2426 2780 te
2464 2720 2731 2792 vivente,
2778 2718 2886 2782 tibi
2940 2719 3134 2781 alium

571 2798 1033 2859 substituamus.
1076 2798 1191 2859 Sed
1241 2799 1348 2859 hoc
1392 2798 1832 2868 admonemuS,
1877 2805 1946 2858 ut
2001 2798 2292 2875 quamdiu
2345 2805 2401 2860 te
2463 2798 2670 2860 diviua
2721 2799 2975 2876 iusserit
3017 2799 3138 2861 cle-

572 2877 803 2941 mentia
846 2892 1178 2955 superesse,
1209 2880 1342 2939 sine
1374 2878 1829 2940 intermissione
1860 2891 2035 2939 orare
2063 2877 2324 2951 studeaS,
2357 2885 2427 2938 ut
2458 2878 2564 2939 tibi
2601 2878 2761 2940 Deus
2793 2877 2969 2940 illum
3002 2895 3137 2940 suc·

572 2972 871 3018 cessorem
913 2957 1217 3029 concedat,
1248 2958 1352 3035 qui
1384 2957 1440 3019 ei
1474 2959 1656 3033 possit
1686 2972 1814 3018 esse
1838 2955 2166 3035 placabiliS,
2190 2964 2250 3017 et
2283 2957 2600 3035 populum,
2643 2973 2827 3036 quem
2857 2958 2931 3019 ad
2959 2974 3137 3020 suam

571 3036 831 3111 gratiam
876 3052 982 3113 per
1025 3044 1161 3098 tuae
1188 3036 1523 3099 sanctitatis
1566 3035 1934 3098 industriam
1982 3052 2196 3098 vocare
2239 3035 2458 3110 voluit,
2505 3037 3137 3115 irreprehensibiliter

574 3129 812 3191 regere,
844 3123 1025 3195 atque
1067 3117 1137 3178 ad
1172 3117 1335 3177 viam
1384 3117 1544 3178 vitae
1586 3114 1925 3193 perducere
1970 3114 2185 3178 valeat.
2243 3115 2395 3177 Nam
2439 3116 2747 3194 quomodo
2790 3116 2940 3178 haec
2985 3133 3143 3194 quae

575 3195 891 3271 poposcisti
919 3242 934 3269 ,
979 3197 1027 3256 si
1073 3196 1259 3258 etiam
1301 3195 1675 3257 voluerimus
1703 3241 1719 3266 ,
1761 3194 2092 3256 concedere
2135 3210 2491 3273 possumus,
2541 3196 2691 3257 dum
2732 3211 2838 3256 nos
2888 3196 3139 3272 fragiles

577 3272 881 3346 homines,
927 3275 1040 3336 sub
1081 3277 1427 3337 conditione
1470 3275 1688 3337 mortis
1719 3273 2054 3345 constituti,
2098 3277 2452 3352 ignoremus
2491 3275 2634 3354 quid
2681 3282 3139 3351 superventura

576 3355 773 3430 pariat
803 3355 952 3425 dies,
998 3363 1059 3417 et
1099 3355 1238 3431 quis
1279 3370 1313 3415 e
1357 3355 1531 3417 nobis
1560 3354 1726 3431 prior
1770 3354 1847 3416 de
1896 3355 2194 3432 praesenti
2246 3354 2486 3416 saeculo
2514 3355 2779 3431 migret?
2822 3353 2884 3414 Si
2928 3364 3142 3417 autem

576 3434 865 3496 eumdem
909 3435 1114 3496 divina
1160 3433 1429 3494 voluerit
1470 3432 1791 3495 clementia
1845 3441 1976 3510 post
2021 3435 2112 3495 tui
2160 3433 2442 3495 transitus
2485 3434 2643 3495 diem
2694 3449 3037 3511 superesse,
3088 3435 3140 3495 si

574 3527 723 3573 eum
764 3523 974 3592 aptum
1021 3513 1370 3590 agnoveris,
1400 3519 1462 3574 et
1507 3514 1570 3573 in
1616 3517 1717 3575 tua
1762 3512 2074 3576 voluntate
2101 3514 2286 3575 fuerit
2314 3512 2666 3587 definitum,
2711 3529 2780 3577 ea
2809 3514 2988 3587 hora,
3018 3529 3140 3592 qua

580 3600 636 3652 te
666 3592 740 3653 de
783 3594 1085 3671 praesenti
1130 3592 1367 3656 saeculo
1399 3594 1813 3668 migraturum
1858 3593 2240 3670 cognoveris,
2286 3592 2703 3671 praesentibus
2744 3593 2984 3655 cunctis
3025 3592 3140 3654 tibi

574 3687 981 3736 successorem
1026 3673 1299 3749 designa,
1346 3681 1414 3732 ut
1452 3672 1586 3733 ¹huc
1635 3673 1840 3734 veniat
1881 3671 2288 3735 ordinandus:
2336 3672 2492 3750 quod
2544 3670 2698 3733 nulli
2737 3671 2842 3735 alii
2886 3672 3143 3735 concedi

581 3752 875 3828 patimur.

657 3831 743 3891 De
786 3831 890 3894 illo
934 3847 1099 3905 vem,
1156 3833 1261 3909 qui
1311 3832 1559 3893 viduam
1602 3831 1894 3892 avunculi
1946 3831 2064 3902 sui,
2095 3846 2250 3907 quae
2291 3837 2355 3891 et
2398 3831 2521 3909 ipsa
2570 3832 2683 3892 suit
2730 3847 2884 3893 uxor
2933 3847 3146 3892 conso-

577 3909 742 3972 brini
786 3914 903 3985 sui,
949 3919 1008 3973 et
1036 3927 1275 3973 sacrum
1310 3911 1593 3972 velamen
1625 3910 1848 3972 habere
1893 3918 2219 3972 monstrata
2261 3917 2373 3980 est,
2397 3917 2459 3972 et
2486 3928 2516 3971 a
2549 3910 2759 3972 beatae
2802 3912 3146 3973 memoriae

581 3989 969 4053 Praecessore
1013 3998 1224 4052 nostro
1266 3990 1379 4052 sibi
1414 3989 1727 4052 licentiam
1756 4005 1885 4051 esse
1927 4004 2271 4052 concessam
2315 3989 2678 4067 divulgavit,
2710 3998 2780 4051 ut
2825 3990 2888 4051 in
2938 3993 3148 4067 perni-

575 4072 808 4131 ciosum
861 4072 1316 4133 matrimonium
1365 4085 1675 4132 assumere
1719 4068 2052 4131 debuisset:
2098 4067 2254 4131 absit
2296 4070 2442 4142 hoc,
2496 4076 2566 4130 ut
2606 4069 2882 4131 decessor
2933 4077 3147 4131 noster

576 4150 685 4211 ista
720 4153 1110 4227 praeciperet.
1162 4149 1285 4212 Nec
1325 4151 1496 4212 enim
1539 4147 1616 4211 ab
1659 4148 1771 4211 hac
1801 4147 2140 4226 Apostolica
2169 4146 2324 4210 Sede
2358 4146 2454 4210 illa
2484 4150 2954 4226 permittuntur,
2982 4165 3144 4227 quae

576 4233 880 4293 contraria
925 4246 1052 4294 esse
1098 4231 1343 4292 Patrum
1388 4231 1518 4290 sive
1560 4227 1877 4290 Canonum
1922 4226 2225 4291 institutis
2278 4228 2632 4306 probantur.
2680 4227 3034 4290 Admonere
3079 4237 3144 4289 et

576 4325 891 4389 increpare
933 4326 1056 4384 eoS,
1101 4311 1286 4372 frater
1315 4307 1692 4381 charissime,
1738 4323 1816 4369 ne
1844 4321 2058 4380 cesses,
2127 4314 2389 4368 uatenus
2430 4323 2462 4368 a
2506 4314 2627 4369 tam
2670 4306 2922 4368 scelesto
2972 4322 3145 4369 rece-

572 4389 718 4453 dant
759 4390 1171 4464 matrimonio,
1219 4405 1294 4451 ne
1337 4390 1400 4450 in
1432 4395 1754 4450 aeternum
1798 4392 2069 4466 pereant.
2151 4386 2598 4449 eminiscantur
2624 4401 2774 4463 ergo
2818 4401 2881 4448 se
2909 4383 3139 4449 Christi
