3357 4995
212 327 426 398 JUNII
471 330 557 395 29
1072 344 1150 389 οε
1196 343 1253 389 s.
1307 342 1508 391 rAnLo
1553 342 1868 391 Arosroto
2522 325 2650 391 649

211 434 529 523 desuper,
580 443 647 500 et
690 429 968 499 dicens:
1018 429 1250 508 Saule,
1285 430 1494 499 Saule
1522 482 1539 511 ,
1597 429 1764 520 quid
1790 450 1895 498 me
1919 429 2388 521 persequeris?
2415 427 2515 497 sic
2562 425 2744 517 oepit

214 522 404 594 hunc
435 539 765 610 magnum
817 518 1100 619 piscem.

296 613 336 699 ἓ
379 613 473 682 8.
524 607 691 692 Quis
729 627 914 677 enlm
965 605 1163 675 illum
1193 604 1543 676 crudelem
1573 617 1639 676 et
1687 604 2176 685 inhumanum,
2234 617 2299 675 et
2348 616 2743 694 persecuto-

210 721 382 781 rem,
434 710 501 767 et
530 696 1039 786 blasphemum,
1082 705 1149 763 et
1174 694 1544 764 Ecclesiam
1571 694 1671 765 sic
1704 706 2106 774 vastantem,
2145 708 2219 765 ut
2256 693 2460 764 etiam
2493 692 2736 763 domos

208 785 605 878 ingrediens
656 784 949 854 traheret
1000 782 1181 852 viros
1243 795 1308 851 et
1354 782 1724 865 foeminaS,
1768 796 1834 853 et
1878 782 2112 853 omnia
2174 780 2627 853 confunderet
2672 792 2739 851 et

208 874 660 968 perturbaret,
715 872 1193 951 sustinuisset,
1237 872 1296 941 si
1339 893 1472 942 non
1524 883 1800 974 repente
1849 893 2010 942 eum
2060 875 2198 941 Rex
2248 883 2477 942 noster
2515 884 2738 941 trans-

211 975 563 1044 mutasset,
600 973 667 1031 et
711 961 796 1031 ad
831 983 901 1032 se
950 960 1377 1032 reduxisset?
1425 965 1684 1030 Etenim
1728 959 2055 1050 discipuli
2087 981 2385 1048 quoque,
2423 958 2544 1029 ubi
2570 980 2733 1029 eum

208 1052 542 1123 vidissent
595 1049 896 1129 affuisse,
950 1049 1191 1120 timore
1244 1048 1463 1118 affecti
1535 1049 1927 1130 horrebant,
1978 1061 2046 1118 et
2105 1070 2190 1118 ne
2237 1070 2396 1118 eum
2446 1045 2733 1134 quidem

209 1141 554 1212 audebant
599 1162 677 1209 as
732 1139 905 1207 icere
933 1152 999 1209 et
1034 1137 1312 1227 quando
1353 1160 1596 1209 rursus
1641 1138 1773 1207 fuit
1798 1157 1878 1207 ex
1925 1137 2192 1217 amicis,
2230 1135 2549 1206 eumdem
2592 1155 2737 1205 me-

208 1241 355 1300 tum
397 1227 677 1300 ostende
728 1240 867 1297 ant.
909 1228 975 1297 Si
1024 1250 1180 1298 eum
1227 1248 1389 1318 ergo
1441 1226 1768 1297 timebant
1822 1226 2024 1297 etiam
2079 1224 2623 1304 reconciliatum,
2674 1222 2735 1293 si

212 1318 454 1389 fuisset
490 1316 819 1387 inimicus
865 1330 930 1385 et
976 1316 1214 1398 hostis,
1264 1314 1430 1402 quid
1486 1336 1617 1383 non
1667 1315 2032 1385 fecissent?
2080 1319 2217 1405 Ego
2272 1326 2500 1384 autem
2563 1310 2733 1399 quid

208 1408 460 1498 agam?
506 1411 788 1475 Necesse
817 1418 942 1484 est,
981 1417 1056 1474 ut
1088 1404 1385 1475 maxima
1418 1403 1681 1505 fugiam
1712 1403 2079 1484 celeritate,
2120 1424 2203 1472 ne
2242 1402 2300 1472 si
2338 1424 2443 1472 me
2486 1423 2731 1471 rursus

208 1493 737 1653 app‘rebenderit
766 1548 781 1572 ‚
833 1492 1131 1563 abducat
1161 1517 1201 1563 a
1254 1507 1622 1583 proposito.
1664 1493 1865 1563 Scitis
1894 1492 2078 1562 enim
2118 1491 2302 1578 quod
2334 1513 2495 1561 cum
2528 1511 2643 1560 sae
2694 1511 2735 1558 e

210 1584 301 1654 mi
360 1585 377 1653 i
428 1582 563 1653 alio
600 1582 816 1661 eunti,
872 1595 937 1651 et
981 1581 1063 1650 ad
1120 1581 1307 1652 aliud
1360 1602 1686 1652 converso
1723 1580 2157 1661 occurrisset,
2229 1601 2336 1648 me
2393 1580 2462 1647 in
2507 1600 2615 1648 me
2668 1578 2689 1649 i

207 1672 498 1774 detinuit
542 1671 869 1753 oratione,
919 1684 985 1740 et
1039 1670 1138 1742 sic
1195 1670 1418 1761 cepit,
1477 1683 1553 1740 ut
1621 1668 1690 1739 in
1741 1691 1819 1739 ea
1869 1669 2284 1760 persuaserit
2331 1667 2533 1737 finire
2583 1688 2737 1737 ora-

209 1774 489 1831 tionem.

293 1853 330 1937 §
377 1855 461 1924 4.
518 1847 638 1918 Hic
686 1868 846 1937 ergo
877 1847 1116 1918 beatus
1155 1847 1431 1927 Paulus,
1483 1847 1599 1934 qui
1650 1847 2048 1916 universum
2098 1846 2331 1916 orbem
2376 1856 2596 1915 terrae
2647 1843 2732 1912 il-

210 1938 594 2019 luminavit,
646 1936 716 2005 in
769 1949 1071 2025 tempore
1104 1936 1474 2007 vocationis
1522 1935 1897 2024 aliquando
1943 1946 2043 2005 est
2101 1948 2550 2004 excaecatus:
2614 1932 2730 2003 sed

206 2026 398 2096 illius
434 2025 811 2096 excaecatio
842 2022 1014 2095 facta
1048 2037 1147 2095 est
1184 2027 1387 2095 totius
1418 2025 1606 2094 orbis
1639 2038 1855 2094 terrae
1894 2023 2332 2093 illuminatio.
2388 2022 2730 2105 Quoniam

203 2115 385 2185 enim
419 2113 596 2184 male
646 2112 935 2195 videbat,
970 2136 1126 2184 eum
1180 2119 1354 2183 Deus
1387 2127 1562 2182 recte
1609 2112 2012 2192 excaecavit,
2049 2125 2124 2181 ut
2165 2111 2425 2182 utiliter
2462 2110 2731 2201 aspice-

205 2215 327 2273 ret.
395 2208 472 2273 Et
535 2202 857 2290 quoniam
913 2203 1025 2271 Dei
1074 2202 1444 2283 Ecclesiam
1519 2223 1792 2271 summe
1842 2201 2417 2291 persequebatur,
2475 2211 2540 2268 et
2585 2211 2732 2268 erat

203 2291 374 2362 adeo
422 2292 786 2361 vehemens
832 2302 896 2360 et
942 2290 1210 2360 alienus
1262 2314 1300 2359 a
1352 2290 1857 2380 congressione,
1911 2289 2163 2377 accipit
2207 2289 2476 2357 frenum
2529 2288 2732 2356 vehe-

206 2380 528 2460 mentius,
581 2401 665 2449 ne
705 2379 762 2447 si
810 2399 968 2448 eum
1016 2379 1387 2448 abduceret
1439 2379 1736 2468 impetus
1788 2377 1979 2447 illius
2031 2377 2247 2447 animi
2305 2375 2678 2445 alacritatis
2709 2429 2726 2456 ,

204 2490 338 2539 non
373 2468 674 2539 obediret
720 2468 805 2538 iis
850 2488 1027 2555 quae
1055 2467 1482 2547 dicebantur,
1542 2481 1607 2537 et
1647 2481 1723 2537 ut
1762 2467 2001 2547 sciret,
2057 2487 2218 2536 cum
2268 2486 2405 2553 quo
2469 2463 2730 2534 bellum

202 2572 493 2649 gereret:
591 2579 748 2627 uem
792 2577 925 2627 non
987 2555 1209 2626 solum
1264 2556 1688 2647 punientem,
1744 2555 1861 2626 sed
1919 2576 2137 2642 neque
2187 2554 2520 2625 beneficio
2581 2552 2728 2623 affi-

202 2648 490 2716 cientem
571 2667 719 2717 erre
770 2656 1007 2735 potest.
1060 2650 1288 2732 Neque
1349 2646 1536 2715 enim
1581 2668 1738 2714 eum
1785 2645 2325 2715 obcaecaverunt
2383 2643 2724 2723 tenebrae,

208 2734 323 2806 sed
369 2734 481 2806 lux
515 2735 797 2805 modum
828 2734 1184 2815 excedens,
1220 2734 1280 2804 ei
1316 2732 1562 2804 offudit
1610 2734 1947 2803 tenebras.

290 2827 328 2911 ξ
373 2828 460 2896 5.
515 2824 584 2892 Si
634 2845 757 2893 nos
795 2844 957 2913 ergo
1005 2821 1261 2893 bellum
1304 2823 1839 2893 circumsisteret
1869 2821 2334 2892 barbaricum.
2367 2832 2434 2890 et
2483 2819 2549 2887 in
2582 2818 2730 2889 acie

210 2912 438 2982 hostes
486 2911 856 2982 maximam
904 2910 1372 2982 exhibuissent
1422 2910 1827 2981 molestiam:
1880 2910 2130 2980 deinde
2178 2914 2557 2999 Imperator
2604 2908 2727 2976 bo·

204 3001 440 3081 stium,
496 3000 615 3087 qui
651 2998 1190 3070 innumerabiles
1236 2998 1639 3070 admovebat
1675 2999 2056 3078 machinas,
2098 3011 2164 3069 et
2212 3009 2442 3067 nostra
2491 2995 2729 3066 omnia

200 3088 685 3170 confundebat,
725 3086 1075 3175 multoque
1110 3087 1413 3158 tumultu
1459 3100 1526 3158 et
1573 3088 1773 3158 turba
1823 3088 2149 3177 replebat,
2202 3099 2265 3156 et
2314 3086 2535 3175 ipsam
2594 3084 2723 3153 mi-

205 3177 498 3248 nabatur
535 3198 606 3248 se
653 3177 892 3250 urbem
962 3175 1355 3246 diruturum
1387 3231 1403 3256 ,
1477 3179 1543 3245 et
1589 3177 1735 3267 igni
1787 3175 2272 3246 mandaturum
2303 3229 2318 3255 ,
2379 3188 2446 3244 et
2523 3172 2723 3244 nobis

200 3267 576 3336 intentabat
602 3265 1018 3345 servitutem,
1061 3276 1395 3356 repentea
1432 3277 1659 3335 nostro
1691 3269 1872 3356 Rege
1918 3265 2171 3356 ligatus
2215 3264 2284 3334 in
2317 3263 2559 3334 urbem
2593 3261 2725 3332 du-

199 3367 466 3425 ceretur
493 3356 828 3443 captivus;
882 3375 1014 3424 non
1047 3375 1288 3424 omnes
1337 3375 1495 3423 cum
1546 3352 1874 3424 foeminis
1928 3365 1994 3422 et
2040 3352 2422 3422 infantibus
2467 3350 2726 3420 exiliis-

200 3463 432 3514 semus
472 3442 552 3512 ad
606 3440 775 3512 illud
829 3442 1343 3531 spectaculum?
1389 3447 1556 3511 Cum
1606 3455 1834 3512 autem
1893 3464 2075 3512 nunc
2120 3463 2395 3529 quoque
2437 3452 2539 3510 est
2582 3438 2725 3510 bel-

199 3531 343 3600 lum
383 3531 780 3611 conflatum,
810 3531 861 3599 J
867 3529 1102 3601 udaeis
1156 3531 1389 3601 omnia
1430 3530 2014 3620 perturbantibus,
2057 3544 2124 3600 et
2166 3529 2252 3599 ad
2310 3549 2726 3630 oppugnan-

200 3619 356 3690 dam
409 3619 778 3691 Ecclesiam
846 3620 1201 3689 machinas
1267 3640 1508 3689 omnes
1577 3619 2116 3696 adhibentibus,
2199 3618 2495 3689 bostium
2568 3638 2725 3688 vero

197 3722 406 3799 caput
451 3722 553 3778 est
602 3707 894 3790 PauluS,
964 3707 1083 3795 qui
1143 3708 1379 3777 omnia
1454 3729 1704 3797 magna
1755 3706 1915 3776 facit
1959 3719 2026 3776 et
2071 3706 2262 3787 dicit,
2315 3706 2436 3794 qui
2488 3706 2727 3775 omnia

202 3797 563 3886 permiscet
606 3810 671 3867 et
702 3797 1071 3887 perturbat,
1107 3817 1268 3867 eum
1299 3808 1529 3866 autem
1561 3794 1866 3885 alligavit
1906 3796 2235 3866 Dominus
2269 3807 2495 3865 noster
2520 3799 2723 3865 Jesus

201 3885 506 3957 Christus
555 3890 691 3958 Rex
742 3897 990 3967 noster,
1039 3907 1171 3955 non
1222 3885 1656 3985 egrediemur
1684 3905 1926 3954 omnes
1948 3882 2029 3952 ad
2064 3884 2194 3953 hoc
2219 3882 2715 3973 spectaculum,

200 3984 276 4041 ut
313 3974 666 4047 videamus
703 3998 861 4046 eum
895 3974 1059 4044 duci
1106 3977 1506 4063 captivum?
1553 3972 1816 4043 Etenim
1855 3971 2093 4064 Angeli
2138 3994 2176 4042 e
2222 3972 2431 4043 coelis
2483 3971 2721 4040 viden-

202 4074 300 4130 tes
327 4083 486 4132 eum
524 4065 824 4134 vinctum
884 4062 1251 4143 introduci,
1310 4060 1741 4141 exultabant,
1815 4082 1951 4131 non
2007 4061 2334 4149 quoniam
2400 4059 2723 4129 videbant

197 4169 357 4219 eum
396 4152 727 4232 vinctum,
762 4150 878 4222 sed
918 4152 1248 4240 quoniam
1295 4163 1518 4220 mente
1547 4150 1926 4240 agitabant,
1956 4149 2139 4237 quod
2165 4149 2481 4220 homines
2507 4170 2545 4218 e
2575 4148 2721 4217 vin-

195 4236 376 4307 culis
405 4254 580 4310 esset
627 4241 1082 4312 liberaturus:
1138 4260 1274 4309 non
1299 4239 1627 4328 quoniam
1676 4259 1834 4309 eum
1873 4260 2083 4309 manu
2124 4238 2288 4309 duci
2319 4238 2715 4319 cernebant,

195 4325 312 4427 sed
341 4328 668 4414 quoniam
703 4326 1198 4420 intelligebant,
1232 4349 1439 4414 quam
1476 4327 1731 4398 multos
1771 4326 1886 4398 ille
1919 4328 2235 4397 homines
2262 4339 2441 4397 esset
2474 4347 2513 4395 e
2542 4340 2721 4397 terra

194 4435 267 4485 m
350 4414 614 4487 coelum
685 4416 1147 4489 deducturus:
1234 4437 1370 4487 non
1426 4416 1754 4505 quoniam
1823 4437 1984 4487 eum
2057 4416 2323 4486 lumine
2404 4415 2719 4487 orbatum
