3357 4995
662 260 793 328 448
1412 277 1491 324 nn
1551 280 1607 325 s.
1660 278 1868 344 niro,
1897 276 2292 326 rnnsnvrssno
2764 257 2987 323 JUNII
3038 257 3123 323 ⁴7

570 363 846 434 illorum
877 361 1222 452 precibus,
1259 383 1468 454 quam
1505 374 1786 451 paterna
1821 362 2067 453 pietate
2115 369 2497 452 permotuS,
2534 358 2606 430 in
2653 358 2894 430 oculos
2936 359 3128 430 caeci

574 450 772 544 pueri
819 448 1101 538 signum
1151 448 1819 541 salutisimpressit,
1872 463 1936 520 et
1981 451 2187 520 evesti
2242 450 2307 519 io
2357 447 2472 518 ille
2516 449 2949 549 praesentem
3001 455 3128 538 po-

572 540 702 626 tuit
739 560 1019 628 cernere
1058 539 1428 608 mundum.
1467 539 1659 624 Quod
1703 538 1981 628 quidem
2020 560 2144 608 nos
2176 561 2217 607 a
2310 538 2462 629 ejus
2512 537 2734 628 ipsius
2767 536 2980 617 caeci,
3005 536 3126 609 sed

573 649 762 700 nunc
794 628 997 714 clare·
1026 628 1359 718 videntis,
1390 650 1506 698 ore
1554 629 1977 719 accepimus,
2032 627 2249 699 Nimis
2282 648 2442 696 vero
2491 625 2740 716 prolixi
2773 625 3001 717 operis
3025 637 3132 696 est

569 729 820 790 cuncta
867 728 1240 798 annotare,
1292 738 1469 804 quae
1509 729 1653 786 tum
1713 716 2047 810 Aureliae,
2102 729 2253 786 tum
2287 715 2446 784 aliis
2479 714 2786 784 diversis
2833 714 2905 784 in
2955 713 3131 784 locis

571 808 677 876 vir
715 806 830 874 Dei
879 806 1124 875 effecit.
1181 810 1368 876 Certe
1414 806 1565 897 ejus
1613 806 1809 876 urbis
1849 803 2170 897 judicum
2224 804 2529 895 superba
2587 816 2907 895 potestas,
2960 803 3133 874 visis

571 896 727 984 ejus
776 894 1170 977 miraculiS,
1225 891 1395 964 adeo
1453 895 1515 964 ei
1564 894 1840 964 addicta
1886 893 2056 976 fuit,
2120 905 2199 966 ut
2261 904 2420 963 ante
2482 892 2716 963 omnia
2765 891 2998 973 vincti,
3050 913 3132 962 eo

573 1007 650 1055 ro
699 996 882 1065 ante,
940 983 1219 1053 relaxati
1256 975 1416 1051 sint.
1560 1033 1563 1034 f

653 1007 701 1161 ξ
750 1075 845 1141 9.
900 1075 1042 1142 Non
1093 1085 1194 1142 est
1242 1083 1470 1141 autem
1523 1070 1697 1142 illud
1751 1093 2024 1158 quoque
2058 1070 2331 1142 silentio
2382 1069 2957 1161 praetereundum
2996 1069 3131 1138 mi-

575 1162 918 1241 raculum,
972 1160 1158 1247 quod
1208 1159 1493 1247 quidam
1561 1159 2019 1230 Mictiacensis
2083 1159 2512 1240 monachUS,
2576 1181 2781 1245 quem
2847 1171 3132 1229 sanctus

573 1252 805 1330 Avitus
857 1248 1296 1339 peculiariter
1341 1249 1630 1318 charum
1665 1249 1932 1331 habuit,
1963 1249 2086 1337 qui
2134 1248 2340 1318 etiam
2377 1249 2446 1316 in
2480 1247 2933 1318 solitudinem
2965 1269 3129 1318 cum

577 1339 696 1409 illo
748 1337 1096 1429 profectus
1143 1336 1384 1417 fuerat,
1419 1360 1578 1406 cum
1606 1338 1756 1428 jam
1805 1359 2211 1438 supremum
2261 1337 2542 1407 ducerct
2589 1336 2938 1426 spiritum,
2992 1336 3133 1405 fra-

576 1433 713 1497 tres
762 1427 1047 1518 rogavit,
1105 1448 1189 1494 ne
1235 1426 1460 1517 ipsius
1499 1448 1755 1517 corpus
1804 1448 2000 1516 prius
2061 1426 2507 1505 tumularent,
2559 1447 2770 1512 quam
2819 1424 3132 1496 beatissi-

576 1540 734 1586 mus
773 1515 1004 1586 Avitus
1034 1536 1244 1606 super
1291 1537 1544 1605 corpus
1592 1515 1746 1603 ejus
1780 1528 2098 1605 precatus
2137 1526 2337 1585 esset.
2378 1519 2583 1583 Porro
2628 1515 2869 1583 beatus
2899 1513 3132 1583 Avitus

578 1627 767 1674 more
797 1627 924 1674 suo
962 1605 1223 1692 absque
1255 1603 1401 1673 ullo
1435 1603 1752 1674 vehiculo
1784 1605 1930 1695 jam
1971 1602 2211 1694 procul
2254 1613 2626 1673 secesserat
2663 1603 2734 1671 in
2785 1602 3164 1672 desertum.

578 1694 822 1763 itinere
874 1692 1100 1784 long0,
1153 1704 1219 1762 et
1266 1692 1350 1761 ad
1402 1692 1569 1763 solis
1616 1715 1941 1764 occasum
2000 1713 2218 1779 usque
2267 1691 2411 1761 illic
2481 1691 2918 1761 constiterat:
2970 1713 3130 1760 cum

583 1803 740 1851 ecce
788 1803 976 1851 unus
1015 1804 1051 1850 e
1107 1780 1438 1852 fratribus
1497 1781 1863 1872 derepente
1909 1781 1971 1851 ei
2036 1780 2320 1850 nunciat
2367 1779 2633 1849 obitum
2683 1779 2878 1850 illius
2924 1802 3130 1867 quem

577 1871 907 1940 diximus,
963 1870 1085 1940 Ille
1118 1893 1272 1941 vero
1320 1892 1399 1940 eo
1450 1871 1705 1940 nuncio
1745 1892 1882 1940 non
1935 1868 2370 1939 mediocriter
2417 1868 2713 1938 afflictus
2742 1925 2758 1949 ,
2813 1891 2950 1956 qua
3017 1891 3134 1959 po-

581 1961 712 2030 tuit
759 1959 1101 2030 celeritate
1165 1959 1251 2029 ad
1312 1961 1805 2029 monasterium
1879 1958 2290 2049 properavit.
2359 1962 2516 2027 Jam
2582 1959 2801 2027 noctis
2865 1957 3132 2027 mediae

581 2049 803 2139 spatia
853 2048 1187 2130 abierant,
1222 2060 1286 2118 et
1336 2048 1693 2137 ingressus
1741 2048 1844 2117 vir
1902 2047 2016 2117 Dei
2063 2048 2134 2116 in
2196 2047 2599 2127 oratorium,
2652 2047 2840 2116 circa
2887 2046 3132 2115 defun-

579 2152 765 2208 ctum
820 2136 967 2227 ipse
999 2159 1275 2224 quoque
1323 2136 1542 2206 instar
1590 2137 1884 2206 aliorum
1938 2137 2009 2204 in
2060 2135 2287 2206 medio
2328 2134 2566 2223 templi
2617 2157 2690 2204 se
2737 2134 3124 2226 prostravit.

577 2227 723 2296 Jam
777 2248 933 2295 vero
992 2225 1245 2316 vigiliis
1293 2224 1595 2296 defessos
1655 2224 2031 2295 monachos
2085 2246 2372 2295 somnus
2418 2224 2834 2294 obtinuerat.
2896 2223 3132 2294 Tacuit

579 2316 684 2384 vir
736 2315 872 2397 Dei,
928 2313 1286 2402 laetusque
1318 2314 1438 2384 illo
1468 2314 1763 2393 silenti0,
1822 2313 1907 2383 ad
1943 2312 2266 2383 feretrum
2319 2335 2392 2382 se
2442 2312 2781 2403 adjunxit,
2852 2334 3131 2382 conver-

580 2425 839 2490 susque
868 2403 953 2472 ad
1006 2403 1206 2472 solita
1254 2425 1536 2493 precum
1590 2426 1807 2485 arma,
1856 2424 2043 2472 more
2091 2424 2215 2471 suo
2251 2401 2450 2470 humi
2497 2423 2570 2470 se
2617 2401 2879 2492 abjicit,
2921 2400 3132 2469 multo

583 2492 1045 2581 lacrymarum
1097 2492 1319 2562 imbre
1368 2505 1763 2564 sanctorum
1800 2490 2168 2562 metuenda
2204 2490 2594 2582 pavimenta
2635 2490 3007 2581 perfundit,
3048 2488 3134 2559 ad

582 2583 1119 2671 omnipotentem
1157 2582 1523 2652 Dominum
1559 2581 2028 2651 indesinenter
2057 2602 2290 2671 preces
2320 2603 2450 2671 sup
2508 2579 2671 2650 lices
2707 2580 3130 2649 transmittit.

581 2670 924 2741 Absolutis
972 2671 1319 2761 precibus,
1377 2671 1597 2761 surgit
1644 2693 1686 2740 a
1720 2669 1886 2750 solo,
1944 2670 2149 2739 sentit
2181 2669 2417 2737 divina
2513 2668 2888 2758 enignitate
2924 2670 3132 2737 vitam

583 2759 908 2830 monachi
964 2759 1074 2829 sui
1122 2759 1254 2828 sibi
1304 2758 1666 2840 donatam,
1722 2759 2267 2845 defunctumque
2325 2759 2502 2827 inter
2565 2758 2718 2848 ipsa
2776 2756 2995 2824 noctis
3042 2757 3139 2825 si-

584 2848 794 2918 lentia
855 2849 949 2917 ita
998 2846 1408 2939 compellat:
1464 2854 1541 2917 In
1594 2848 1874 2917 nomine
1949 2846 2064 2917 Dei
2127 2847 2344 2917 Patris
2391 2844 2878 2934 omnipotentis
2927 2865 3139 2934 surge

585 2937 815 3019 frater,
869 2947 935 3005 et
983 2949 1121 3005 tam
1161 2938 1504 3027 repentini
1529 2937 1851 3007 decessus
1887 2936 1985 3006 tui
2039 2936 2372 3005 rationem
2414 2935 2615 3004 nobis
2646 2950 2925 3023 expone.
2965 2932 3139 3003 Ilico

585 3025 809 3115 surgit
839 3024 961 3112 qui
990 3024 1211 3095 fuerat
1245 3039 1582 3107 mortuuS‚
1620 3024 2004 3114 sedensque
2054 3026 2123 3093 in
2168 3023 2435 3105 feretr0,
2493 3023 2727 3094 omnia
2771 3043 2950 3109 quae
3000 3022 3143 3123 ipsi

583 3114 988 3193 evenissent,
1042 3126 1107 3182 et
1152 3113 1743 3201 quemadmodum
1795 3113 1945 3204 ejus
1993 3114 2299 3183 oratione
2347 3136 2388 3182 a
2437 3125 2640 3182 tetrae
2704 3112 2943 3181 mortis
2995 3134 3144 3181 vin-

585 3201 765 3271 culis
804 3202 890 3270 ad
928 3201 1149 3271 lucem
1186 3213 1363 3272 esset
1404 3215 1783 3283 revocatuS‚
1831 3202 2074 3272 ordine
2105 3202 2491 3292 explicavit.
2520 3201 2859 3283 Monachi,
2898 3223 3140 3271 eorum

587 3289 852 3361 mutuis
891 3289 1255 3378 colloquiis
1302 3291 1597 3374 excitati,
1637 3291 2137 3383 obstupescunt
2185 3290 2459 3361 coelesti
2522 3290 2858 3360 miraculo
2887 3344 2902 3369 ,
2958 3290 3144 3377 quod

589 3379 726 3449 vita
796 3378 1112 3449 functum
1168 3403 1326 3449 cum
1382 3385 1445 3450 S.
1500 3379 1686 3449 Avito
1741 3403 2092 3449 sermones
2146 3379 2457 3450 conferre
2504 3379 2838 3449 viderent.
2907 3383 3148 3466 Itaque

587 3490 827 3538 omnes
849 3466 1045 3537 humi
1084 3469 1431 3559 prostrati,
1466 3468 1838 3540 sacerdotis
1873 3468 2156 3559 vestigia
2182 3468 2524 3550 lambunt,
2575 3473 2706 3537 Deo
2742 3470 2813 3536 in
2852 3467 3142 3543 excelsis

589 3556 845 3647 gratias
893 3556 1286 3649 sublimiter
1332 3573 1571 3648 agunt,
1623 3558 1807 3646 quod
1888 3569 2077 3628 tanta
2126 3580 2247 3649 per
2305 3558 2569 3627 Avitum
2635 3557 2911 3627 virtutis
2979 3579 3147 3628 suae

589 3645 929 3714 miracula
976 3647 1048 3715 in
1080 3669 1159 3716 eo
1208 3648 1623 3717 monasterio
1663 3646 2052 3716 declararit.
2107 3650 2313 3717 Porro
2344 3647 2427 3728 is,
2481 3646 2601 3733 qui
2641 3647 2978 3715 excitatus
3014 3645 3143 3715 fuit

591 3756 630 3802 a
682 3746 920 3815 morte,
963 3735 1143 3804 beati
1175 3735 1302 3804 viri
1349 3735 1754 3826 complexus
1795 3736 2165 3816 dexteram,
2213 3735 2587 3806 incolumis
2625 3756 2664 3803 a
2702 3733 2951 3804 feretro
2989 3756 3144 3803 sur·-

590 3822 783 3903 rexit,
838 3836 1093 3894 etcum
1147 3824 1428 3914 hymnis
1455 3838 1521 3894 et
1548 3824 1836 3894 canticis
1886 3825 2318 3916 spiritalibus
2350 3825 2433 3894 ad
2482 3824 2778 3893 amicam
2823 3823 3148 3893 cellulam

590 3911 946 3999 abscessit,
988 3912 1360 4001 multisque
1402 3927 1630 4015 postea
1658 3914 1862 3985 annis
1912 3914 2312 4005 supervixit.
2350 3914 2504 3983 Fuit
2541 3914 2670 3983 hoc
2722 3912 3150 3982 miraculum

590 4021 631 4068 a
680 4013 918 4071 sancto
952 4001 1246 4070 Leobino
1292 4003 1327 4035 ⁴*
1357 4001 1816 4093 divulgatum,
1863 4004 1982 4090 qui
2018 4026 2090 4073 se
2124 4003 2209 4073 ab
2260 4004 2410 4093 ipso
2439 4002 2525 4072 ad
2576 4002 2784 4071 vitam
2838 4014 3149 4071 revocato

591 4087 799 4158 fratre
846 4089 916 4158 id
967 4089 1293 4162 didicisse
1353 4092 1749 4163 testabatur.
1806 4098 2061 4162 Sumus
2123 4103 2349 4162 autem
2404 4094 2474 4160 in
2518 4090 3148 4161 commemorandis

566 4177 978 4279 'beatissimi
1025 4179 1195 4249 Aviti
1232 4180 1616 4262 miraculis,
1671 4204 1970 4271 quorum
2020 4182 2167 4269 jam
2216 4181 2381 4251 olim
2422 4182 2705 4272 probata
2754 4180 3156 4249 testimonia

647 4391 673 4418 ¹⁸¹
703 4391 745 4431 Β.
764 4392 999 4433 Leobinus
1019 4392 1323 4472 cornotensis
1343 4393 1586 4442 (onorem)
1603 4394 1756 4443 Epioe.
1778 4394 1865 4434 ool.
1891 4403 1956 4433 xv
1981 4393 2102 4444 sept.
