3357 4995
673 283 757 348 72
1058 298 1075 309 ,‚
1137 296 1479 345 mansur.
1531 294 1624 343 ss.
1676 290 1796 341 Mn.
1851 294 2031 343 parm
2077 294 2154 342 m·
2200 266 2576 344 maenum
2819 280 3034 345 JUNH
3093 284 3133 347 2

586 409 626 456 a
659 381 1273 456 circumstantibus
1319 380 1616 461 sublata,
1668 392 1875 467 atque
1922 379 1992 448 in
2043 379 2352 449 medium
2401 380 2731 451 basilicae
2777 380 3161 473 deportata‘

585 488 711 545 est.
751 465 1058 560 Cumque
1095 483 1160 541 et
1223 469 1319 539 ibi
1366 468 1458 538 ali
1509 468 1781 538 uandiu
1832 467 2211 558 jacuisset,
2265 467 2449 539 velut
2507 469 2593 539 de
2640 472 2831 561 gravi
2883 494 3136 543 somno

583 574 976 654 experrecta
1010 557 1285 631 resedit:
1339 580 1420 628 ac
1508 556 1712 627 einde
1759 578 2011 627 manus
2059 557 2169 627 his
2198 558 2320 645 qui
2351 558 2710 630 astiterant
2742 560 3130 651 porrigens,

583 666 663 723 ut
707 652 780 721 in
827 649 1036 741 pedes
1082 647 1462 738 erigeretur
1507 645 1765 733 quibus
1815 657 2079 736 poterat
2126 646 2415 741 n‘utibus
2462 648 2705 719 oravit.
2759 654 2996 721 Erecta
3042 651 3154 719 ad·

584 741 799 812 altare
846 737 1263 808 deducitur:
1314 735 1441 805 ubi
1487 755 1651 805 cum
1708 734 2090 805 Ratleicum
2140 735 2321 805 inter
2366 734 2541 806 alios
2595 736 2904 818 clericos,
2958 760 3140 825 quae

575 832 775 921 juxta
840 828 1059 898 altare
1103 824 1598 904 constiterant,
1651 833 1945 894 stantem
1994 846 2074 894 ac
2124 846 2196 897 se
2242 824 2727 915 respicientem
2776 840 3128 907 cerneret,

584 917 901 1010 protinus
944 916 1016 984 in
1066 914 1235 984 haec
1263 914 1482 995 ‚verba
1530 912 1885 1013 prorupit:
1925 918 2025 983 Tu
2061 935 2178 994 es,
2234 913 2499 1001 inquit,
2576 915 2923 986 Ratleicus
2962 940 2975 983 :
3031 930 3131 995 tu,

586 1009 703 1088 ait,
758 1006 889 1076 hoc
939 1004 1221 1075 nomine
1268 1001 1619 1073 vocitaris:
1676 1012 1753 1071 tu
1783 1024 1856 1072 es
1895 1024 2135 1073 servus
2169 1002 2416 1073 horum
2452 1016 2875 1074 sanctorum.
2912 1009 3140 1087 Quam

585 1118 746 1166 cum
799 1094 915 1163 ille
965 1104 1484 1184 percontaretur
1514 1089 1701 1160 unde
1731 1090 1862 1160 hoc
1903 1091 2167 1173 scisset,
2206 1091 2309 1160 vel
2349 1091 2509 1179 quis
2540 1093 2602 1162 ei
2637 1110 2888 1163 nomen
2921 1116 3136 1163 suum

584 1184 982 1255 indicasset:
1020 1179 1275 1271 Sancti,
1329 1178 1577 1267 inquit,
1621 1179 1762 1260 isti,
1797 1181 1921 1268 qui
1968 1179 2082 1249 hic
2128 1180 2594 1268 requiescunt,
2631 1180 2911 1268 quando
2949 1181 3139 1253 velut

586 1273 939 1357 dormiens
981 1270 1194 1358 jacui,
1232 1280 1670 1338 accesserunt
1717 1268 1803 1337 ad
1855 1290 1964 1338 me
1995 1323 2010 1350 ,
2063 1282 2128 1338 ct
2167 1268 2507 1339 miserunt
2552 1269 2806 1360 digitos
2847 1291 3013 1341 suos
3062 1271 3140 1339 in

586 1360 938 1432 auriculas
989 1380 1198 1440 meas,
1253 1358 1709 1444 dixeruntque
1758 1357 1956 1427 mihi:
1997 1361 2166 1428 Cum
2216 1358 2616 1438 surrexeris,
2661 1372 2727 1428 et
2774 1358 2861 1428 ad
2914 1357 3135 1429 altare

587 1449 1007 1529 accesseriS,
1061 1445 1524 1517 clericus-ille
1578 1445 1858 1535 juvenis
1889 1501 1905 1528 ,
1959 1467 2167 1533 quem
2233 1468 2465 1516 coram
2520 1459 2579 1517 te
2627 1448 2945 1518 assistere
2984 1502 3000 1529 ,
3055 1470 3140 1517 ac

586 1553 651 1609 te
699 1537 1051 1607 intendere
1100 1535 1398 1616 vide‘riS,
1472 1534 1641 1604 scito
1702 1535 1888 1622 quod
1960 1534 2079 1604 ille
2140 1533 2488 1606 Ratleicus
2536 1549 2857 1617 vocatur,
2901 1549 2967 1605 et
3017 1536 3138 1606 ille

588 1650 829 1697 servus
862 1638 1092 1695 noster
1138 1637 1262 1696 est:
1311 1645 1471 1693 nam
1504 1623 1653 1714 ipse
1691 1636 1816 1704 est,
1854 1625 1975 1711 qui
2023 1624 2107 1693 ad
2159 1623 2348 1694 hunc
2399 1624 2625 1693 locum
2676 1646 2964 1715 corpora
3014 1647 3144 1695 no*-

588 1729 729 1788 stra
777 1713 1045 1784 detulit.
1097 1718 1175 1783 Et
1237 1734 1472 1782 revera
1514 1712 1609 1782 ita
1654 1723 1824 1782 erat.
1881 1712 2233 1800 Siquidem
2293 1713 2442 1804 ipse
2503 1726 2670 1795 erat,
2716 1729 2923 1871 guem
2975 1736 3142 1803 pro-

587 1818 739 1895 pter
788 1808 1192 1873 Sanctorum
1244 1800 1576 1890 reliquias
1622 1823 1664 1871 a
1710 1801 2013 1889 quodam
2062 1802 2360 1871 Diacono
2408 1802 2707 1892 recipien
2766 1824 2864 1884 aS‚
2905 1802 3145 1873 nobis-

588 1915 723 1981 que
755 1891 1161 1962 deserendas
1196 1896 1485 1960 Romam
1518 1911 1646 1961 nos
1685 1891 1962 1961 misisse
1991 1890 2061 1959 in
2096 1891 2321 1981 primo
2360 1891 2535 1960 libro
2570 1892 3137 1961 memoravimus,

588 1988 667 2053 Et
712 1982 882 2052 haec
928 1980 1210 2068 quidem
1254 1980 1383 2050 hoc
1416 1978 1622 2049 modo
1654 2000 1887 2049 coram
1929 1979 2128 2050 nobis
2177 2001 2297 2070 per
2344 1980 2660 2050 virtutem
2703 1980 3147 2050 beatissimo-

589 2093 745 2141 rum
799 2083 1187 2159 martyrum
1238 2067 1532 2158 depulso
1598 2067 2025 2138 infirmitatis
2064 2068 2315 2158 spiritu
2350 2122 2365 2149 ‚
2417 2068 2932 2159 integerrimam
2982 2090 3144 2138 cor—

588 2160 779 2260 poris
815 2158 1336 2228 sui'sanitatem
1384 2170 1487 2227 est
1526 2167 1922 2228 consecuta:
1973 2178 2184 2244 quam
2227 2168 2420 2247 pater
2464 2180 2544 2228 ac
2593 2154 2950 2245 frater‘qui
2984 2177 3142 2227 eam

586 2246 711 2318 1110
742 2247 1199 2328 deduxerunt,
1236 2269 1276 2315 a
1312 2259 1618 2336 tempore
1649 2245 2022 2316 nativitatis
2049 2267 2219 2316 suae
2250 2245 2532 2317 surdam
2560 2260 2624 2316 et
2656 2259 2919 2317 mutam
2956 2267 3145 2317 sem-

590 2359 714 2428 per
760 2336 977 2407 fuisse
1015 2336 1241 2406 testati
1278 2346 1464 2405 sunt.
1835 2408 1844 2417 ⁴

677 2428 714 2514 ξ
761 2429 847 2497 4.
906 2424 1315 2495 Miraculum
1365 2436 1622 2506 autem,
1676 2423 1860 2512 quod
1915 2444 2100 2494 nunc
2152 2435 2559 2495 narraturus
2607 2445 2792 2505 sum,
2825 2445 2952 2514 ego
2985 2424 3141 2515 ipse

591 2537 730 2585 non
782 2515 947 2595 vidi,
1003 2514 1121 2585 sed
1172 2513 1399 2584 verbis
1446 2535 1713 2593 eorum,
1753 2535 2051 2601 quorum
2087 2514 2215 2583 hoc
2252 2513 2578 2584 relatione
2612 2512 2783 2582 mihi
2801 2534 3148 2604 ,comper-

590 2617 737 2674 tum
787 2617 912 2684 est,
971 2626 1109 2673 non
1143 2604 1382 2672 minus
1412 2623 1631 2690 fluam
1683 2601 1986 2693 propriis
2031 2601 2252 2672 oculis
2298 2603 2575 2673 credere
2606 2623 2916 2693 possum.
2950 2602 3149 2672 Ideo-

589 2714 723 2779 que
767 2714 904 2764 non
953 2704 1032 2763 ut
1078 2691 1420 2773 auditum,
1479 2690 1599 2764 sed
1643 2692 1871 2781 potius
1924 2701 2002 2761 ut
2047 2714 2087 2760 a
2127 2691 2392 2782 meipso
2431 2693 2683 2771 visum,
2735 2691 3149 2760 incunctan-

591 2793 714 2862 ter,
752 2805 830 2851 ac
881 2783 1032 2851 sine
1070 2779 1215 2850 ulla
1247 2779 1677 2851 dubitatione
1776 2778 2031 2850 roferre
2079 2778 2372 2850 decrevi.
2409 2786 2813 2850 Mercatores
2844 2779 3142 2866 quidam

590 2870 675 2940 de
723 2871 993 2939 civitate
1044 2869 1499 2960 Moguntiaca,
1540 2869 1661 2957 qui
1749 2884 2147 2942 rumentum
2205 2869 2274 2937 in
2329 2868 2803 2959 superioribus
2864 2872 3149 2938 Germa-

593 2959 750 3027 niae
802 2958 1115 3048 partibus
1147 2979 1397 3039 emere,
1438 2980 1516 3028 ac
1562 2980 1686 3049 per
1718 2958 2010 3029 fluvium
2047 2962 2361 3028 Moenum
2398 2958 2486 3028 ad
2523 2956 2761 3027 urbem
2810 2955 3148 3027 devehere

590 3046 924 3124 solebant,
979 3068 1261 3116 caecum
1313 3046 1685 3135 quemdam
1742 3047 2016 3117 natione
2063 3047 2506 3134 Aquitanum,
2572 3047 2853 3115 nomine
2917 3045 3146 3116 Albri-

590 3156 779 3215 cum,
821 3133 1160 3204 mercedis
1202 3156 1243 3203 a
1294 3140 1426 3232 Deo
1470 3135 1973 3226 promerendae
2019 3135 2239 3226 gratia
2289 3135 2447 3206 navi
2497 3156 2662 3206 suae
2701 3134 3140 3224 impositum,

591 3223 772 3295 sicut
829 3223 978 3311 ipse
1026 3223 1398 3313 petiverat,
1461 3223 1545 3293 ad
1589 3224 1950 3294 basilicam
1998 3223 2356 3295 beatorum
2408 3236 2786 3314 martyrum
2839 3221 3147 3293 deduxe-

592 3325 781 3381 runt.
859 3312 987 3394 Qui
1054 3333 1215 3382 cum
1272 3313 1372 3382 ibi
1424 3334 1769 3404 egressus,
1823 3326 2027 3399 atque
2074 3313 2144 3381 in
2208 3312 2412 3382 domo
2459 3309 2768 3384 custodis
2811 3310 3148 3384 ecclesiae

590 3413 768 3472 esset
803 3400 1117 3490 hospitio
1158 3413 1499 3491 receptus,
1546 3414 1805 3492 septem
1858 3401 1960 3470 vel
2009 3422 2088 3470 eo
2136 3401 2444 3492 amplius
2494 3400 2642 3472 dies
2691 3399 2947 3470 ibidem
2997 3423 3147 3471 mo-

589 3500 785 3559 ratus
816 3502 941 3559 est.
982 3489 1290 3559 Habebat
1327 3491 1512 3559 enim
1555 3501 1824 3580 praeter
1863 3490 2285 3572 caecitatem,
2323 3489 2725 3561 horribilem
2759 3511 2837 3559 ac
2868 3488 3146 3558 foedam

591 3578 802 3648 totius
848 3579 1159 3668 corporis
1208 3578 1710 3648 infirmitatem.
1746 3584 1906 3650 Erat
1942 3580 2125 3649 enim
2160 3580 2478 3650 omnium
2514 3579 2988 3649 membrorum
3036 3577 3144 3646 in-

591 3687 761 3758 gens
812 3679 1090 3748 tremor,
1143 3689 1320 3754 quae
1367 3667 1690 3737 eumdem
1746 3681 1884 3738 tam
1931 3668 2126 3759 gravi
2149 3668 2504 3756 quatiebat
2550 3665 3014 3750 incommodo,
3067 3679 3149 3735 ut

592 3755 894 3846 propriis
944 3756 1271 3825 manibus
1319 3757 1554 3827 cibum
1595 3757 1700 3827 ori
1749 3778 1874 3827 suo
1925 3757 2276 3848 porrigere
2331 3757 2608 3846 penitus
2656 3777 2791 3825 non
2857 3753 3140 3823 valeret.

592 3849 659 3914 Is
706 3865 866 3913 cum
906 3844 1018 3914 die
1048 3843 1347 3933 quadarn
1404 3845 1589 3915 horis
1635 3846 2204 3916 antemeridianis
2264 3847 2337 3915 in
2388 3844 2686 3935 hospitio
2728 3844 2970 3932 ,iacens
3020 3844 3148 3913 ob-

590 3932 993 4016 dormisset,
1058 3932 1227 4002 vidit
1274 3955 1396 4024 per
1443 3955 1757 4024 soporem
1809 3934 2182 4021 quemdam
2233 3934 2369 4005 sibi
2427 3934 2894 4013 assistentem,
2933 3952 3150 4019 seque

591 4034 985 4092 monentem
1017 4033 1097 4092 ut
1134 4022 1271 4092 cito
1303 4036 1638 4113 surgeret,
1677 4036 1881 4111 atque
1921 4022 2008 4093 ad
2046 4022 2405 4097 eccle‘siam
2441 4022 2835 4092 festinaret:
2872 4034 3149 4111 tempus

594 4109 832 4180 dicens
880 4110 1295 4192 advenisse,
1351 4133 1489 4199 quo
1536 4111 1622 4181 de
1669 4112 1791 4182 illa
1839 4112 2221 4183 miserabili
2288 4111 2607 4204 passione
2656 4132 2777 4201 per
2822 4107 3147 4179 virtutem

594 4211 992 4270 sanctorum
1043 4199 1322 4269 liberari
1384 4201 1685 4271 deberet.
1749 4208 1840 4272 Ex
1893 4201 2327 4302 ergefactuS,
2382 4213 2588 4288 atque
2634 4198 2723 4269 ad
2780 4196 3148 4268 ecclesiam

592 4288 867 4368 ductuS,
922 4310 1046 4379 pro
1078 4287 1344 4373 foribus
1392 4290 1463 4359 in
1546 4290 1802 4362 uodam
1877 4312 1917 4361 a
1972 4290 2082 4360 lde
2119 4290 2454 4361 consedit.
2491 4287 2833 4378 Agebatur
2865 4297 3032 4356 tunc
3064 4286 3140 4354 in

594 4376 883 4448 ecclesia
931 4399 1122 4448 more
1169 4377 1463 4449 solemni
1554 4379 1818 4450 ivinum
1864 4312 2216 4460 officium,
2277 4391 2343 4450 et
2386 4376 2673 4469 expletis
2720 4374 3149 4447 orationibus

2250 4514 2259 4530 t
