3357 4995
222 325 441 389 JUNII
490 323 575 387 23
1013 342 1092 387 nn
1139 341 1195 388 s.
1249 340 1596 387 sparnone
1645 339 1986 387 AnnAnssA
2562 324 2692 388 493

223 449 426 517 saepe
463 426 878 495 mentionem
913 424 1229 504 fecimus,
1271 425 1395 493 viri
1431 425 1602 493 bene
1634 425 1962 515 religiosi,
2017 446 2096 493 ac
2131 445 2249 514 per
2282 424 2518 494 omnia
2552 436 2782 496 mente

224 530 288 585 et
313 537 519 606 opere
556 514 837 614 egregii:
883 536 1092 601 quam
1142 526 1206 582 et
1256 514 1425 582 alter
1467 527 1624 583 ante
1660 513 1861 583 illum
1917 513 2022 581 vir
2071 512 2406 583 habuerat
2454 535 2734 584 uxorem
2764 570 2779 595 ‚

223 606 548 697 princeps
573 602 882 672 videlicet
907 602 1328 673 Australium
1360 602 1746 671 Girviorum
1771 602 1901 691 (a),
1948 603 2281 672 vocabulo
2312 602 2631 672 Tonbert:
2665 602 2784 672 sed

230 695 351 764 illo
407 705 556 784 post
587 691 938 761 modicum
982 691 1334 781 temporiS,
1370 713 1450 760 ex
1500 713 1638 778 quo
1674 714 1827 760 eam
1879 692 2174 781 accepit,
2229 691 2573 772 defuncto,
2630 692 2788 761 data

231 797 334 854 est
376 780 880 871 regirpraefatO.
929 781 1138 870 Cujus
1197 781 1540 851 consortio
1584 802 1745 849 cum
1802 792 2104 849 uteretur
2150 780 2513 850 duodecim
2556 781 2782 862 anniS‚

284 884 567 962 erpetua
612 883 837 940 tamen
900 869 1157 938 mansit
1195 869 1612 960 virginitatis
1643 869 2034 959 integritate
2069 869 2389 959 gloriosa,
2446 868 2621 938 sicut
2661 869 2789 937 mi-

233 896 452 1031 Eiinet
500 959 883 1030 sciscitanti
935 959 1124 1047 (cum
1179 958 1329 1038 hoe,
1369 981 1452 1026 an
1506 959 1599 1027 ita
1646 971 1846 1036 esset,
1890 957 2309 1045 quibusdam
2367 958 2659 1027 venisset
2715 959 2784 1026 in

236 1049 563 1138 dubium)
612 1048 845 1117 beatae
905 1048 1278 1116 memoriae
1323 1046 1672 1116 Wilfridus
1723 1047 2103 1147 Episcopus
2146 1046 2507 1126 referebat,
2550 1047 2789 1116 dicens

228 1161 299 1208 se.
358 1151 595 1209 testem
648 1135 1066 1227 virginitatis
1115 1137 1265 1226 ejus
1310 1158 1460 1207 esse
1527 1137 1993 1205 certissimum
2030 1191 2044 1216 ,
2128 1136 2297 1205 adeo
2347 1149 2421 1205 ut
2469 1135 2790 1226 ngridus

228 1226 620 1318 promiserit
679 1249 751 1295 se
809 1226 871 1295 ei
921 1237 1137 1294 terras
1185 1247 1264 1293 ac
1315 1226 1647 1326 pecunias
1699 1224 1955 1296 multas
2001 1246 2150 1294 esse
2228 1225 2673 1303 donaturum,
2730 1224 2790 1292 si

229 1317 505 1406 reginae
540 1326 769 1404 posset
808 1314 1223 1404 persuadere
1272 1337 1421 1404 eJus
1480 1315 1581 1384 uti
1639 1313 2013 1391 connubiO,
2067 1314 2227 1400 quia
2290 1314 2547 1384 sciebat
2597 1313 2788 1382 illam

233 1405 508 1474 nullum
584 1404 888 1472 virorum
943 1402 1099 1492 plus
1150 1403 1271 1472 illo
1327 1402 1637 1493 diligere.
1678 1409 1809 1473 Nec
1854 1401 2309 1471 diffidendum
2361 1416 2502 1482 est,
2560 1415 2791 1470 nostra

227 1494 430 1563 etiam
469 1505 687 1561 aetate
737 1491 885 1561 fieri
937 1491 1238 1581 potuisse
1270 1547 1284 1572 ,
1338 1493 1516 1578 quod
1572 1514 1735 1561 aevo
1779 1491 2227 1581 praecedente
2279 1490 2642 1578 aliquoties
2691 1489 2793 1559 fa-

228 1595 416 1652 ctum
452 1580 689 1649 fideles
739 1580 1063 1650 historiae
1114 1594 1441 1661 narrant,
1504 1580 1804 1650 donante
1850 1603 1990 1649 uno
2038 1579 2418 1667 eodemque
2470 1580 2783 1661 DominO,

228 1672 350 1759 qui
384 1693 455 1739 se
496 1669 862 1739 nobiscum
905 1691 1126 1755 usque
1173 1670 1244 1736 in
1304 1669 1512 1738 finem
1574 1669 1792 1741 seculi
1845 1691 2121 1738 manere
2166 1669 2553 1759 pollicetur.
2620 1674 2789 1738 Nam

231 1761 438 1829 etiam
490 1759 770 1859 signum
798 1757 1016 1826 divini
1046 1758 1390 1838 miraculi,
1436 1780 1578 1845 quo
1615 1757 1926 1847 ejusdem
1957 1757 2297 1827 foeminae
2331 1756 2600 1847 sepulta
2633 1779 2794 1826 caro

228 1870 581 1937 corrumpi
635 1868 767 1915 non
823 1847 1065 1935 potuit,
1127 1846 1385 1916 indicio
1436 1859 1558 1928 est,
1613 1847 1801 1933 quod
1853 1869 1893 1915 a
1943 1846 2122 1915 virili
2191 1859 2514 1916 contactu
2565 1847 2793 1915 incor-

231 1951 437 2028 rupta
472 1934 964 2027 perduraverit.
1005 1941 1191 2018 Quae
1242 1935 1537 2005 multum
1590 1936 1714 2005 diu
1744 1958 1972 2026 regem
2027 1936 2413 2026 postulanS,
2454 1946 2531 2003 ut
2578 1934 2793 2003 seculi

232 2049 437 2097 curas
487 2024 897 2111 relinquere,
951 2036 1154 2111 atque
1204 2025 1275 2094 in
1338 2025 1750 2094 monasterio
1803 2038 2067 2094 tantum
2121 2046 2277 2093 vero
2326 2024 2477 2114 regi
2527 2023 2794 2093 Christo

232 2115 483 2185 servire
519 2113 1045 2203 permitteretur,
1086 2114 1204 2183 ubi
1242 2113 1347 2182 vix
1373 2113 1750 2200 aliquando
1777 2114 2192 2204 impetravit,
2239 2112 2522 2182 intravit
2552 2134 2790 2181 mona—

233 2204 518 2273 sterium
545 2207 609 2270 S.
652 2202 876 2271 Ebbae
901 2203 1317 2282 Abbatissae,
1345 2225 1522 2289 quae
1556 2215 1701 2271 erat
1742 2203 1954 2272 amita
1979 2201 2239 2291 Egsridi
2270 2201 2474 2292 regis,
2493 2201 2793 2291 positum

234 2293 304 2361 in
343 2292 514 2371 locO,
552 2312 756 2378 quem
811 2290 1048 2361 Coludi
1082 2292 1324 2360 urbem
1381 2291 1764 2369 nominant,
1819 2305 2097 2380 accepto
2151 2289 2491 2359 velamine
2539 2289 2797 2358 sancti-

239 2378 562 2449 monialis
598 2379 876 2449 habitus
925 2402 965 2448 a
1001 2379 1302 2470 praefato
1351 2381 1653 2450 antistite
1711 2379 2047 2450 wilfrido.

322 2471 358 2557 ξ
410 2474 497 2540 ⁷1.
575 2473 731 2539 Post
780 2490 1045 2538 annum
1127 2491 1279 2539 vero
1329 2468 1482 2559 ipsa
1542 2469 1722 2539 sacta
1781 2480 1883 2539 est
1954 2469 2311 2539 Abbatissa
2371 2466 2443 2535 in
2521 2466 2798 2558 regione

231 2580 408 2645 quae
440 2571 721 2628 vocatur
769 2558 931 2647 Elge
968 2581 981 2624 :
1022 2558 1143 2626 ubi
1193 2570 1586 2628 constructo
1632 2559 2070 2639 monasterio,
2112 2558 2460 2648 virginum
2503 2562 2636 2625 Deo
2676 2555 2798 2625 de-

233 2661 545 2729 votarum
591 2646 1023 2737 perplurium
1085 2660 1306 2716 mater
1355 2647 1545 2737 virgo
1594 2660 1659 2716 et
1689 2647 2023 2737 exemplis
2064 2646 2238 2716 vitae
2289 2643 2600 2716 coelestis
2648 2667 2798 2716 esse

238 2736 486 2826 coepit,
525 2747 591 2803 et
639 2736 945 2804 monitis.
1004 2740 1091 2803 De
1139 2759 1276 2822 qua
1315 2735 1567 2817 serunt,
1625 2737 1789 2823 quia
1830 2758 1910 2805 ex
1959 2755 2094 2823 quo
2135 2735 2630 2805 monasterium
2680 2756 2800 2824 pe-

238 2826 366 2905 tiit,
411 2846 773 2910 nunquam
825 2823 1049 2904 lineis,
1105 2825 1223 2893 sed
1281 2824 1505 2893 solum
1568 2824 1787 2895 laneis
1845 2825 2268 2894 vestimentis
2308 2823 2411 2892 uti
2463 2823 2793 2904 voluerit,

237 2936 528 3000 raroque
579 2915 646 2981 in
698 2912 943 2982 calidis
993 2913 1283 2994 balneis,
1348 2927 1613 3002 praeter
1661 2913 2194 2984 imminentibus
2243 2912 2601 2982 solemniis
2649 2934 2799 2981 ma-

226 3002 523 3092 joribu5‚
576 3002 765 3072 verbi
826 3002 1069 3092 gratia,
1137 3002 1477 3082 Paschae,
1541 3009 1996 3083 PentecosteS,
2059 3000 2514 3093 Epiphaniae,
2585 3000 2800 3070 lavari

236 3091 550 3174 voluerit,
604 3104 669 3160 et
718 3102 883 3159 tunc
928 3092 1306 3162 novissima
1343 3092 1685 3173 omnium,
1747 3092 1904 3162 lotis
1955 3091 2149 3181 prius
2197 3112 2325 3161 suo
2374 3111 2801 3178 suarumque

237 3181 723 3249 ministrarum
765 3180 1100 3267 obsequio
1149 3181 1457 3261 caeteris,
1512 3203 1688 3267 quae
1728 3181 1823 3251 ibi
1858 3194 2106 3262 essent,
2162 3178 2562 3249 famulabus
2611 3179 2801 3249 Chri-

239 3269 348 3338 sti.
403 3274 582 3339 Raro
631 3268 865 3349 etiam,
924 3283 1193 3358 praeter
1229 3271 1492 3360 majora
1540 3270 1879 3341 solemnia
1938 3269 2039 3339 vel
2090 3269 2450 3339 arctiorem
2503 3266 2800 3338 necessi-

240 3368 470 3438 tatem,
509 3357 668 3448 plus
700 3380 910 3445 quam
970 3358 1179 3427 semel
1230 3380 1348 3448 per
1399 3359 1583 3428 diem
1637 3359 2156 3429 manducaverit
2203 3379 2498 3448 semper,
2552 3357 2612 3428 si
2661 3378 2799 3425 non

236 3444 606 3515 infirmitas
645 3446 918 3537 gravior
969 3448 1455 3536 prohibuisset.
1524 3453 1617 3517 Ex
1669 3460 1973 3539 tempore
2023 3447 2404 3517 matutinae
2464 3467 2800 3535 synaxeos

237 3557 462 3621 usque
494 3535 580 3604 ad
611 3549 838 3605 ortum
879 3534 1040 3617 diei,
1095 3537 1162 3604 in
1218 3536 1507 3606 ecclesia
1542 3536 1864 3627 precibus
1901 3538 2162 3606 intenta
2195 3536 2585 3627 perstiterit.
2627 3539 2802 3605 Sunt

237 3624 469 3725 etiam,
524 3624 648 3711 qui
693 3625 1178 3725 dicunt,·quod
1230 3647 1349 3716 per
1448 3626 1804 3726 rophetiae
1848 3626 2274 3717 spiritum,et
2310 3624 2796 3716 pestilentiam,

236 3734 376 3800 qua
407 3734 562 3802 ipsa
588 3727 764 3782 esset
815 3724 1170 3795 moritura,
1225 3736 1389 3805 prae
1445 3715 1664 3796 ixerit,
1697 3727 1762 3785 et
1802 3736 2170 3785 numerum
2212 3735 2488 3802 quoque
2527 3735 2794 3793 eorum,

240 3802 361 3888 qui
392 3801 476 3870 de
525 3824 650 3871 suo
696 3804 1114 3872 monasterio
1148 3803 1276 3873 hoc
1309 3816 1538 3873 essent
1569 3803 1653 3872 de
1691 3803 1952 3873 mundo
1987 3802 2326 3894 rapiendi,
2373 3802 2601 3893 palam
2634 3824 2803 3872 cun-

241 3890 368 3960 ctis
417 3891 900 3980 praesentibus
961 3892 1398 3961 intimaverit.
1459 3897 1676 3983 Rapta
1724 3904 1825 3962 est
1873 3905 2100 3962 autem
2169 3892 2254 3961 ad
2307 3892 2674 3962 Dominum
2728 3891 2798 3959 in

243 3976 470 4048 medio
512 4001 795 4050 suorum
836 3993 986 4070 post
1035 4003 1253 4051 annos
1305 3992 1589 4071 septem,
1625 4004 1706 4051 ex
1747 4004 1883 4070 quo
1912 3976 2311 4053 Abb'atissae
2349 3982 2644 4073 gradum
2683 4002 2803 4049 su·

244 4081 573 4157 sceperat:
628 4080 693 4138 et
740 4091 818 4139 ae
870 4091 978 4150 ue,
1034 4082 1107 4139 ut
1156 4070 1307 4160 ipsa
1357 4071 1703 4161 jusserat,
1789 4092 1925 4140 non
1980 4070 2147 4141 alibi
2196 4092 2405 4159 quam
2450 4069 2519 4139 in
2575 4068 2803 4139 medio

240 4177 479 4227 eorum
504 4158 701 4248 juxta
749 4180 825 4227 or
880 4158 1086 4239 inem,
1122 4181 1258 4246 quo
1312 4160 1698 4241 transierat,
1748 4159 1978 4261 ligneo
2014 4160 2085 4228 in
2139 4158 2380 4230 locello
2414 4159 2706 4250 sepulta.

329 4248 367 4333 ξ
399 4248 492 4315 8.
520 4247 643 4316 Cui
666 4247 996 4320 successit
1017 4247 1087 4317 in
1112 4248 1576 4320 ministerium
1601 4250 2001 4320 Abbattssae
2025 4271 2219 4319 soror
2242 4250 2394 4340 ejus
2422 4249 2794 4338 sexburga,

293 4407 359 4461 (a)
376 4410 622 4468 ‘Austrum
645 4412 788 4451 Gir-vit
805 4413 1096 4463 occupabant
1113 4411 1316 4454 ditiones
1336 4414 1386 4455 tn
1410 4412 1819 4465 nuuungdonensi
1839 4415 1885 4455 et
1907 4413 2355 4466 northamptonam!
2376 4413 2621 4465 eunocum
2639 4412 2802 4454 Insul-

237 4463 326 4515 my
340 4463 468 4505 dioto
488 4463 547 4504 ab
566 4464 683 4516 stu,
704 4466 826 4516 angl.
853 4467 1063 4516 ‹tumamo-
