3357 4995
265 284 531 350 JUNII‘l
950 301 1009 350 n.
1063 301 1354 351 monnau
1404 302 1481 349 na
1529 300 1677 350 cmo
1724 302 2094 350 uanrvamu
2519 300 2558 335 -·
2660 290 2700 352 9

265 386 684 456 audientibus
708 386 986 475 saepius
1010 396 1357 475 repeteret,
1383 408 1561 474 quae
1582 386 1761 456 dicta
1788 386 2111 476 superius
2134 399 2318 457 sunt.
2363 388 2785 459 Medicorum

264 497 515 563 quoque
564 474 926 565 diligentia
965 473 1304 554 similiter,
1359 475 1501 544 imo
1546 475 1752 545 etiam
1814 476 2033 565 major
2072 474 2287 546 fuisse
2333 475 2610 548 dicitur.
2677 479 2788 547 vi-

263 565 503 633 cesima
555 564 752 633 tertia
803 563 915 633 die
970 562 1341 634 incolumis
1389 584 1741 650 sanusque
1798 585 1934 632 non
1988 564 2405 634 Medicorum
2455 578 2623 646 arte,
2667 567 2788 636 sed

256 651 430 722 1lius
465 652 676 743 primi
724 652 1072 741 martyris,
1123 665 1190 722 et
1230 652 1502 722 Domini
1559 652 1876 723 omnium
1916 658 2086 723 Jesu
2125 652 2371 723 Christi
2405 655 2787 743 productus

250 741 566 822 Andreas,
623 763 798 812 novo
855 762 1102 831 genere
1148 741 1497 811 cruciatus
1534 753 1858 811 vexatur:
1913 740 2241 825 humeros
2285 743 2617 813 carnibus
2664 766 2788 835 per

249 828 511 917 gladios
558 829 939 900 denudant:
992 829 1345 900 studentes
1375 851 1668 920 semper,
1710 851 1795 899 ne
1842 830 2132 901 celerior
2164 852 2353 899 mors
2401 831 2632 931 ipsum
2676 834 2786 901 in-

249 918 539 988 vaderet.
587 918 969 1009 Sperabant
1008 918 1218 1000 enim,
1266 919 1326 989 si
1365 940 1499 988 non
1547 919 1916 989 acerbitate
1948 941 2028 988 ac
2062 919 2544 1019 magnitudine
2592 921 2786 992 dolo-

246 1029 419 1088 rum,
479 1018 779 1077 attamen
829 1007 1281 1078 diuturnltate
1321 1029 1394 1078 se
1441 1007 1780 1088 victuros;
1833 1006 1953 1077 sed
1998 1007 2204 1078 derisi
2242 1008 2518 1078 tandem
2542 1010 2785 1101 jacue-

244 1109 423 1165 runt.
483 1096 831 1166 Declinato
879 1095 991 1165 die
1038 1096 1414 1175 reducitur,
1471 1097 1677 1167 sicuti
1728 1096 2222 1185 superioribus,
2257 1096 2524 1178 diebuS,
2582 1098 2785 1171 dictis

244 1183 576 1273 factisque
616 1184 1140 1259 medicamentis
1172 1207 1446 1272 quoque
1491 1208 1628 1256 non
1682 1185 1880 1255 aliter
1914 1207 2127 1272 quam
2182 1186 2380 1274 prius
2423 1186 2779 1258 adhibitis,

240 1273 353 1342 Die
400 1274 738 1364 vigesima
776 1286 1022 1361 quarta
1064 1273 1372 1363 ejusdem
1426 1275 1708 1356 mensis,
1764 1273 2004 1343 eodem
2040 1273 2274 1343 xmodo
2322 1275 2498 1345 fiunt
2549 1277 2787 1347 omnia

238 1362 616 1451 eodemque
649 1362 719 1431 in
774 1363 943 1444 loc0,
982 1384 1120 1450 quo
1169 1363 1238 1431 in
1287 1362 1399 1433 die
1447 1363 1689 1433 clunes
1722 1362 2054 1437 carnibus
2089 1363 2447 1434 novaculis
2480 1364 2785 1455 spolian-

240 1462 367 1533 tur,
414 1473 559 1520 non
598 1451 850 1533 subito,
889 1451 1007 1520 sed
1057 1474 1220 1521 cum
1270 1473 1486 1532 mora,-
1529 1464 1606 1521 ut
1643 1450 1904 1533 doloris
1933 1451 2272 1523 acerbitas
2313 1453 2537 1543 magis
2573 1455 2788 1525 senti-⁴

236 1554 450 1610 retur.
519 1544 792 1610 Caetera
849 1541 1081 1625 omnia
1129 1538 1451 1610 similiter
1497 1552 1690 1621 acta:
1726 1553 1804 1611 ut
1854 1542 1925 1611 in
1978 1539 2457 1629 superioribus
2505 1541 2776 1625 diebuS,
2824 1576 2832 1587 ·

235 1628 557 1716 dictaque
596 1630 838 1699 eodem
890 1629 1091 1699 modo
1130 1629 1339 1699 etiam
1380 1651 1426 1713 a
1464 1631 1920 1719 Trapezuntio
1970 1641 2272 1717 martyre
2304 1630 2541 1700 animo
2574 1644 2782 1718 atque

231 1717 609 1796 voluntate,
653 1719 774 1805 qui
825 1717 965 1787 illis
1006 1717 1276 1798 diebus,
1333 1717 1592 1804 quibus
1639 1717 1942 1791 Andreas
1992 1717 2405 1807 patiebatur,
2462 1719 2784 1790 similiter

233 1827 268 1875 e
312 1808 496 1875 turri
545 1806 968 1901 clamitabat.
1024 1806 1140 1876 Die
1185 1807 1521 1896 vigesima
1584 1808 1828 1893 quinta
1862 1863 1877 1889 ‚
1949 1820 2178 1895 partes
2237 1806 2538 1897 pedum,
2599 1831 2781 1895 quae

232 1895 408 1964 inter
442 1917 676 1985 genua
721 1895 1103 1982 clunesque
1150 1907 1333 1976 sunt,
1369 1895 1702 1965 carnibus
1751 1894 2069 1965 similiter
2106 1894 2577 1966 denudantur:
2631 1919 2783 1966 cae-

232 1997 370 2054 tera
430 1983 673 2054 eodem
742 1983 946 2054 modo
992 1983 1175 2053 dicta
1223 1997 1548 2074 gestaque
1606 1984 1908 2055 fuerunt.
1977 1984 2322 2075 Vigesima
2382 1997 2569 2055 sexta
2619 1985 2771 2065 die,

231 2095 459 2153 surae,
515 2073 586 2142 id
634 2084 758 2153 est,
811 2093 1140 2142 carnosae
1188 2085 1415 2162 partes
1464 2073 1745 2162 pedum,
1784 2096 1963 2160 quae
2010 2085 2174 2143 sunt
2212 2072 2397 2143 intra
2443 2095 2675 2164 genua
2712 2086 2779 2144 et

232 2162 557 2252 poplites,
614 2161 930 2233 similiter
975 2161 1304 2232 carnibus
1351 2160 1819 2231 denudantur.
1859 2168 2271 2248 Caeteraque
2320 2161 2523 2243 facta,
2563 2162 2771 2244 dicta,

228 2263 603 2340 procurata
650 2249 970 2321 similiter
1013 2248 1314 2320 fuerunt.
1369 2249 1715 2338 Vl’gesima
1762 2251 2058 2342 septima
2105 2250 2242 2331 die,
2278 2249 2528 2333 femur,
2564 2273 2776 2338 quae-

226 2362 359 2426 que
423 2339 615 2409 circa
675 2338 905 2428 ipsum
964 2352 1171 2421 sunt,
1226 2340 1825 2428 corporis-partes
1890 2338 2349 2433 excoriantur.
2430 2339 2776 2431 vigesima

226 2442 469 2497 octava
505 2427 642 2508 die,
695 2440 909 2499 totum
960 2449 1212 2522 corpus
1244 2450 1283 2496 a
1312 2427 1669 2519 capite-ad
1723 2427 1930 2518 pedes
1980 2428 2380 2500 verberibus
2428 2429 2766 2518 caeditur,

226 2530 301 2588 ut
348 2517 717 2587 doloribus
766 2518 1126 2597 renovatis,
1202 2517 1476 2587 tandem
1526 2528 1936 2588 moveretur.
1993 2516 2261 2587 Maxilla
2309 2538 2587 2604 quoque
2634 2541 2777 2587 una

225 2628 369 2675 uno
420 2607 565 2675 ictu
612 2604 957 2675 denudata
1003 2627 1211 2675 carne
1257 2605 1410 2689 fuit,
1462 2628 1670 2693 quam
1726 2607 2094 2677 Christiani
2146 2604 2491 2705 rapientes
2550 2628 2777 2676 serva·

224 2706 435 2774 runt,
490 2692 758 2781 fuitque
805 2694 875 2763 in
926 2695 1341 2766 monasterio
1404 2696 1581 2766 beati
1652 2695 2005 2766 Francisci
2066 2695 2394 2765 inusitato
2441 2694 2762 2786 fragrans

224 2783 436 2853 odore
485 2794 691 2870 atque
737 2783 1063 2854 mirabili.

308 2876 349 2960 ξ
398 2877 499 2942 θ.
551 2871 895 2962 vigesima
944 2894 1125 2941 nona
1171 2872 1481 2962 ejusdem
1535 2872 1794 2942 mensis
1841 2872 1975 2952 die,
2037 2894 2220 2962 anno
2261 2871 2488 2961 primo
2536 2872 2772 2942 Ponti-

229 2961 482 3031 ficatus
519 2966 742 3049 Papae
790 2959 985 3031 Pauli
1023 2961 1313 3032 secundi
1361 2960 1606 3031 ultimo
1655 2960 2068 3051 producitur
2114 2958 2419 3030 Andreas
2451 2960 2536 3030 de
2577 2962 2766 3042 Chi0‚

226 3063 495 3137 martyr
528 3049 776 3119 Christi
810 3050 1226 3140 praecipuus
1273 3051 1343 3118 in
1397 3050 1623 3119 locum
1667 3049 1976 3126 solitum,
2014 3049 2101 3118 ad
2136 3049 2541 3119 orientalem
2572 3051 2773 3119 urbis

227 3151 534 3226 partem,
588 3161 802 3237 prope
861 3160 1087 3215 mare,
1160 3160 1417 3218 sanuS,
1473 3138 1709 3217 vivax,
1766 3137 1963 3230 vultu
2010 3138 2211 3218 laeto,
2268 3137 2518 3207 decora
2565 3137 2765 3208 facie.

226 3227 751 3298 Mahumetlstae
801 3228 907 3298 his
973 3228 1181 3297 rebus
1248 3228 1450 3308 moti,
1506 3225 2472 3304 medicamentorum,virtute
2521 3227 2621 3315 sic
2667 3226 2772 3296 fa-

224 3328 413 3398 ctum
455 3316 873 3398 asserebant,
907 3329 974 3387 et
1010 3314 1581 3406 ingratitudinem
1629 3313 1822 3387 illius
1852 3326 2278 3391 accusantes:
2321 3340 2347 3380 ιι
2372 3319 2514 3385 Non
2552 3315 2766 3396 videS,

228 3403 649 3484 clamabant,
688 3405 984 3475 Andrea‘?
1015 3411 1197 3475 Tuae
1243 3405 1420 3474 vitae
1465 3426 1635 3475 cura
1683 3404 1884 3474 nobis
1924 3404 2158 3475 habita
2190 3416 2318 3483 est;
2357 3416 2590 3473 nostro
2624 3416 2773 3473 stu-

228 3491 367 3573 dio,
405 3493 548 3562 imo
596 3494 800 3584 Regis
845 3494 1093 3584 ipsius,
1134 3493 1507 3564 incolumis
1544 3514 1640 3571 es,
1684 3505 1750 3562 et
1790 3493 2037 3564 virtute
2070 3492 2766 3572 medicamentorum,

232 3594 299 3649 et
360 3581 733 3652 Mahumeti
782 3583 1004 3672 gratia
1037 3637 1055 3662 ,
1105 3582 1226 3670 qui
1276 3595 1338 3652 te
1384 3581 1532 3652 vult
1576 3581 2032 3652 deliramenta
2087 3580 2636 3653 Christianorum
2685 3579 2772 3649 de

235 3692 439 3740 cruce
484 3692 565 3739 ac
612 3672 932 3762 passione
974 3670 1152 3744 Jesu
1198 3671 1595 3760 despicere:
1660 3692 1841 3756 quae
1886 3671 2222 3742 beneficia
2267 3671 2599 3758 quoniam
2659 3669 2774 3738 in-

237 3773 474 3846 gratus
501 3779 637 3846 non
673 3761 906 3841 sentis,
944 3772 1162 3832 morte
1189 3760 1717 3829 morieris.»—-«
1736 3765 1880 3831 Non
1915 3773 2017 3831 est
2040 3781 2248 3839 morS,
2291 3759 2390 3830 sic
2419 3780 2629 3840 mors,
2651 3758 2769 3839 ait,

240 3846 352 3916 sed
404 3847 565 3917 vita.
606 3853 827 3930 Quare
873 3847 1084 3918 nolite
1122 3860 1387 3938 putare,
1424 3869 1533 3919 me
1566 3849 1791 3919 verbis
1825 3848 2067 3920 vestris
2103 3848 2341 3918 terreri
2380 3868 2607 3937 posse:
2645 3868 2772 3917 nec

237 3935 736 4007 medicamenta
783 3937 1210 4028 profuerunt,
1245 3937 1361 4024 qui
1422 3958 1504 4026 pe
1549 3957 1726 4024 quae
1756 3937 1859 4007 vel
1893 3937 1966 4006 in
2005 3936 2328 4006 minimis
2368 3935 2774 4007 vulneribus

237 4022 343 4093 vix
406 4038 559 4126 post
618 4025 875 4100 multos
939 4025 1087 4096 dies
1134 3958 1414 4113 aliquidj
1449 4025 1693 4096 afferre
1739 4038 2057 4116 possunt.
2128 4030 2231 4095 Me
2286 4037 2516 4095 autem
2589 4028 2767 4095 Crux

238 4114 505 4183 Domini
550 4114 771 4184 nostri
813 4115 990 4186 Jesu
1038 4115 1310 4197 Christi,
1361 4125 1427 4184 et
1475 4114 1676 4206 Virgo
1731 4115 1943 4186 Maria
1990 4114 2078 4184 ad
2126 4114 2319 4186 hunc
2368 4114 2554 4183 diem
2610 4134 2775 4183 con-

241 4203 523 4273 servavit
553 4217 759 4292 atque
804 4204 1196 4284 reservavit.
1226 4227 1264 4271 »
1312 4204 1435 4275 His
1482 4203 1684 4275 dictis
1732 4203 1959 4276 securi
2005 4216 2214 4294 caput
2263 4201 2658 4294 supposuit,
2702 4213 2769 4270 et

240 4288 322 4358 ad
366 4291 682 4363 coelestia
747 4313 971 4384 regna*
1009 4293 1321 4364 evolavit.

323 4380 358 4467 ξ
402 4385 558 4455 1⁰.
610 4387 802 4453 Tunc
836 4382 1078 4453 mortis
1124 4383 1276 4472 ejus
1326 4381 1649 4464 ministri,
1704 4394 1779 4453 ut
1822 4380 2045 4462 ,ludex
2095 4381 2427 4473 jusserat,
2463 4390 2771 4470 caputet
