3357 4995
688 310 775 374 70
1152 323 1492 397 mansur.
1547 322 1638 370 SS.
1693 322 1809 370 mr.
1863 321 2044 369 PETRI
2091 321 2166 368 ET
2213 317 2591 369 MARCELLINI
2844 303 2881 369 J
2889 301 3070 369 UNII
3122 303 3168 369 2

606 433 732 504 ego
765 433 799 482 s
889 411 1063 481 niter
1109 409 1182 478 in
1229 405 1714 477 hu‘uscemodi
1756 428 1840 475 ne
1890 406 2027 476 otio
2065 405 2325 493 aliquid
2369 406 2719 497 agendum
2753 401 3167 487 arbitratuS‚

608 500 748 570 imo
797 501 818 567 i
915 497 1098 587 quod
1138 497 1309 587 jube
1359 508 1540 577 atur,
1596 495 1747 566 sine
1794 518 1843 565 u
1898 517 1939 564 a
1977 516 2331 565 morarum
2363 495 2883 586 interpositione
2931 493 3174 564 adim-

608 588 943 680 plendum
992 609 1141 658 esse
1177 584 1530 676 judicans,
1587 585 1740 675 ipsa
1786 583 2067 671 quidem
2109 583 2245 665 die,
2289 604 2368 652 ea
2397 604 2576 671 quae
2621 583 2709 655 ad
2758 584 2888 653 hoc
2928 605 3176 654 neces-

608 678 790 747 saria
834 675 1267 756 videbantur,
1322 694 1732 765 praeparare
1760 672 1967 763 Jussi.
2024 673 2345 759 Sequenti
2390 694 2570 754 vem,
2602 694 2833 743 sacras
2865 671 3022 741 illas
3056 694 3177 743 re-

609 766 862 854 liquias
893 764 1187 855 corpori,
1242 761 1324 832 de
1420 786 1510 837 uo
1557 773 1875 852 sumptae
1922 761 2216 843 fuerant,
2260 783 2420 830 cum
2472 783 2758 831 summa
2803 760 3180 851 diligentia

609 855 873 925 sociare
920 853 1181 923 curavi.
1228 857 1375 934 Quo
1489 851 1747 921 factum
1795 871 2004 938 quam
2057 861 2326 941 gratum
2377 849 2797 920 beatissimis
2845 851 3181 939 martyri-

607 944 742 1014 bus
774 943 967 1023 soret,
1005 940 1433 1013 attestatione
1473 938 1794 1008 miraculi
1820 938 2303 1026 subsequentis
2337 938 2606 1026 liquido
2641 939 3172 1027 comprobatur.

608 1037 775 1102 Nam
815 1032 1127 1121 proxima
1176 1040 1372 1099 nocte
1419 1042 1581 1098 cum
1630 1027 1717 1098 ad
1767 1027 2186 1098 matutinum
2236 1026 2540 1097 officium
2591 1029 2661 1096 in
2712 1026 3004 1098 basilica
3059 1050 3179 1098 so-

610 1120 934 1190 lemniter
988 1119 1409 1196 sederemus,
1477 1138 1681 1187 senex
1719 1116 2004 1203 quidam
2069 1137 2434 1207 gressuum
2483 1116 2710 1186 officio
2756 1115 3173 1198 destitutuS,

608 1210 1046 1299 genibusque
1092 1230 1172 1278 ac
1220 1206 1546 1277 manibus
1595 1205 1844 1286 nitenS,
1899 1204 2233 1295 reptando
2265 1203 2352 1273 ad
2401 1205 2781 1275 orationem
2849 1204 3173 1274 intravit.

612 1303 679 1368 Is
725 1320 959 1369 coram
1009 1296 1335 1366 omnibus
1376 1295 1599 1376 nobiS‚
1656 1316 1776 1384 per
1825 1294 2144 1365 virtutem
2181 1295 2296 1362 Dei
2336 1304 2401 1362 et
2435 1294 2682 1364 merita
2729 1292 3178 1363 beatissimo—

608 1409 762 1457 rum
818 1383 1491 1475 martyrum,eadem
1539 1405 1678 1471 qua
1708 1384 2063 1473 ingressus
2110 1395 2212 1452 est
2259 1382 2430 1452 hora
2476 1382 2570 1451 ita
2621 1381 2913 1472 perfecte
2963 1403 3182 1452 cura-

611 1488 724 1545 tus
771 1487 894 1554 est,
949 1487 1027 1544 ut
1064 1473 1148 1543 ad
1201 1472 1664 1543 incedendum
1716 1492 1800 1540 ne
1846 1470 2080 1542 baculi
2117 1471 2399 1558 quidem
2438 1472 2938 1542 sustentatione
2986 1471 3177 1541 ulte-

612 1565 759 1633 rius
800 1563 1160 1653 indigeret.
1202 1563 1333 1645 Qui
1361 1561 1565 1645 etiam
1607 1572 1672 1630 et
1705 1559 1998 1630 surdum
2033 1582 2105 1629 se
2154 1582 2275 1649 per
2312 1560 2721 1630 continuum
2772 1560 3185 1646 quinquen·

613 1654 811 1721 nium
846 1651 1083 1732 fuisse,
1122 1649 1469 1738 simulque
1501 1671 1660 1720 cum
1698 1648 1921 1719 officio
1971 1648 2225 1738 pedum
2268 1647 2585 1718 auditum
2628 1648 2762 1718 sibi
2815 1647 3182 1719 redditum

612 1739 1026 1810 affirmabat.
1082 1740 1204 1810 His
1253 1739 1345 1809 ita
1393 1737 1690 1829 peractis
1720 1791 1740 1819 ,
1797 1737 1883 1806 ad
1932 1738 2374 1816 comitatum,
2431 1736 2612 1810 sicut
2659 1737 2987 1826 superius
3059 1759 3178 1806 me

616 1829 839 1899 facere
865 1829 1164 1899 voluisse
1193 1828 1417 1909 retuli,
1453 1826 1712 1897 ibidem
1743 1825 2194 1916 hyematurus
2225 1824 2447 1896 multa
2476 1847 2750 1897 mecum
2783 1831 3187 1916 reputando

617 1916 965 2009 profectus
1013 1938 1195 1987 sum.

708 2012 903 2076 Luma
952 2011 1071 2075 III.
1126 2009 1163 2093 ξ
1210 2011 1286 2078 1.
1341 2011 1709 2092 Postquam
1760 2025 1955 2073 sacra
1996 2003 2552 2074 beatissimorum
2598 2013 2984 2103 martyrum
3018 2026 3188 2073 cor-

616 2117 814 2253 pora,
854 2095 1035 2164 sicut
1064 2095 1211 2184 jam
1261 2094 1330 2162 in
1385 2093 1860 2183 superioribus
1907 2092 2453 2163 demonstratum
2492 2104 2617 2172 est,
2661 2093 2834 2183 ipsis
2857 2091 3192 2182 jubenti-

668 2206 752 2254 us
778 2197 843 2253 et
873 2184 1071 2253 nobis
1093 2204 1352 2252 morem
1381 2182 1801 2273 gerentibuS,
1828 2180 1913 2250 ad
1939 2179 2192 2261 locum,
2221 2181 2293 2249 in
2323 2202 2460 2269 quo
2487 2203 2674 2251 nunc
2707 2181 3186 2268 requiescunt,

621 2294 782 2343 cum
835 2272 1099 2363 ingenti
1131 2270 1443 2341 fidelium
1481 2270 1897 2360 populorum
1937 2271 2351 2339 exultatione
2391 2268 2675 2360 perlata,
2713 2282 2779 2339 et
2809 2268 3192 2340 celebratis

625 2362 697 2430 in
750 2383 997 2452 campo
1047 2361 1411 2430 Missarum
1461 2358 1841 2439 solemniis,
1878 2359 2205 2428 manibus
2242 2359 2701 2434 sacerdotum.
2741 2379 3048 2446 quorum
3089 2359 3194 2429 ibi

625 2462 790 2521 tunc
841 2471 978 2520 non
1078 2470 1285 2519 arvus
1332 2469 1667 2519 numerus
1714 2461 1858 2518 erat
1889 2460 2370 2548 congregatuS,
2416 2447 2484 2515 in
2528 2447 2888 2518 basilicam
2919 2446 3191 2537 depor-

621 2551 759 2609 tata
807 2553 992 2621 sunt,
1050 2550 1487 2626 eretrumque
1560 2559 1649 2606 uo
1696 2536 2335 2626 vehebanturjux-ta
2363 2536 2577 2606 altare
2606 2537 2910 2627 positum
2936 2549 3094 2616 est,
3122 2550 3192 2608 et

619 2629 868 2698 iterum
920 2627 1112 2698 aliud
1161 2626 1524 2696 officiumi
1578 2625 1761 2694 idem
1811 2624 2144 2695 celebrari
2199 2638 2556 2716 coeptum:
2613 2625 2840 2695 subito
2883 2624 3194 2711 quidam

619 2717 1020 2788 adolescens
1056 2737 1302 2786 renum
1350 2714 1804 2785 dissolutione
1843 2714 2152 2794 affectus,
2207 2726 2411 2801 atque
2458 2714 2611 2783 ideo
2644 2735 2902 2784 curvus
2936 2735 3020 2782 ac
3061 2715 3195 2784 ba-
3305 2699 3306 2780 J

621 2805 801 2877 culis
827 2804 1155 2884 innitens,
1183 2803 1269 2872 de
1295 2802 1521 2873 media
1546 2804 2064 2903 circumstantis
2087 2787 2327 2902 po‘puli
2354 2801 2803 2873 multitudine
2830 2805 3193 2894 prorupit,

618 2914 831 2980 wseque
873 2894 954 2962 ad
1014 2891 1447 2962 adorandum
1488 2890 1828 2962 inclinare
1871 2913 2183 2981 cupiens,
2220 2913 2290 2959 1n
2323 2912 2552 2981 genua
2583 2891 2953 2981 procubuit
2989 2915 3002 2958 :
3068 2893 3198 2964 sed
3305 2883 3306 2898 ¹

625 2983 883 3052 mirum
921 2981 992 3050 in
1029 2980 1311 3051 modum
1345 2980 1531 3051 velut
1560 2980 1794 3068 aliquo
1826 3002 1896 3051 se
1930 2980 2316 3060 revellente,
2357 2979 2461 3050 vel
2492 2980 2726 3083 potius
2756 2979 3195 3062 retrahente,

623 3070 922 3170 supinus
949 3069 1219 3152 cecidit,
1252 3069 1638 3158 similisque
1667 3068 2038 3139 dormienti
2064 3069 2457 3138 diutissime
2478 3069 2723 3156 Jacuit.
2764 3074 2933 3138 Tum
2972 3071 3201 3155 quasi

622 3158 980 3249 evigilans,
1010 3160 1105 3227 ·in
1154 3180 1423 3229 sessum
1473 3180 1546 3228 se
1592 3158 1840 3227 erexit:
1884 3179 1963 3228 ac
2016 3157 2265 3227 deinde
2324 3169 2474 3247 post
2524 3155 2916 3247 paululum,
2949 3159 3196 3229 -nullo

622 3247 1170 3318 adminiculante
1217 3247 1534 3324 surrexit,
1589 3258 1917 3332 stansque
1964 3246 2035 3315 in
2087 3246 2312 3315 medio
2352 3245 2819 3316 circumfusae
2859 3243 3200 3318 multitu-

623 3336 832 3417 dinis,
887 3359 1028 3406 una
1075 3359 1232 3407 cum
1284 3336 1571 3405 caeteris
1619 3333 1706 3403 dc
1754 3346 2024 3424 recepta
2072 3335 2361 3405 sanitate
2410 3335 2667 3425 gratias
2717 3333 3013 3425 agendo,
3064 3338 3199 3407 Dei

624 3425 1171 3496 misericordiam
1220 3423 1660 3494 collaudavit.
1715 3423 1839 3493 Hic
1895 3445 1968 3493 se
2015 3428 2101 3492 de
2165 3442 2342 3514 pago
2403 3424 2723 3493 Portiano
2795 3443 2958 3492 cum
3019 3423 3202 3496 aliis

623 3515 1050 3604 pauperibus
1098 3536 1177 3583 ac
1226 3512 1609 3602 peregrinis
1657 3493 1826 3581 illuc
1856 3512 2147 3592 venisse,
2190 3511 2677 3600 Danielemque
2709 3512 2937 3581 vocari
2976 3512 3204 3586 nobis

624 3602 1195 3692 percontantibus
1233 3600 1583 3671 indicavit.
1639 3600 1890 3670 Eadem
1941 3600 2080 3671 sere
2113 3602 2306 3681 hora,
2354 3600 2773 3702 eodemque,
2829 3612 2908 3669 ut
2945 3599 3050 3669 ita
3087 3602 3204 3672 di—
3281 3623 3290 3636 ·

626 3713 829 3773 cam,
878 3701 1248 3770 momento,
1301 3711 1439 3777 quo
1479 3690 1561 3771 is,
1615 3689 1701 3759 de
1746 3710 1884 3776 quo
1936 3711 2123 3760 nunc
2171 3689 2476 3759 diximus
2508 3744 2523 3771 ,
2578 3701 2759 3759 1ntra
2807 3686 3200 3760 ecclesiam

622 3792 689 3851 et
725 3803 954 3851 coram
1006 3780 1158 3869 ipso
1206 3778 1428 3859 altari,
1461 3800 1582 3868 per
1631 3779 1950 3848 virtutem
2002 3778 2251 3848 Christi
2281 3790 2345 3848 et
2392 3778 2959 3849 intercessionem
2997 3799 3205 3850 mar-

625 3883 883 3959 tyrum,
938 3869 1301 3938 sanitatem
1350 3878 1450 3937 est
1498 3879 1935 3949 consecutuS,
1983 3867 2238 3937 mulier
2269 3866 2626 3954 ,quaedam
2727 3865 3088 3954 aralytica,
3133 3881 3208 3938 et

625 3980 799 4057 pene
848 3957 1161 4027 omnium
1200 3956 1671 4026 membrorum
1721 3955 1947 4026 officio
1996 3955 2345 4036 destituta,
2386 3976 2510 4046 pro
2541 3955 2671 4025 sori
2724 3977 2808 4025 us
2839 3953 3205 4034 ecclesiae

619 4067 885 4136 JacenS‚
926 4044 996 4113 in
1046 4042 1381 4114 auxilium
1432 4046 1542 4117 sui
1590 4057 1865 4134 sanctos
1904 4057 2239 4133 martyres
2288 4045 2652 4125 invocavit,
2694 4056 2760 4114 et
2808 4065 2967 4112 mox
3007 4067 3209 4116 cun-

626 4135 756 4204 ctis
796 4133 1262 4215 cernentibus,
1315 4133 1437 4220 qui
1486 4133 1671 4203 circa
1722 4145 2069 4214 steterant,
2123 4133 2348 4222 coepit
2384 4133 2766 4204 commotis·
2800 4131 3210 4206 visceribus

626 4222 816 4293 velut
864 4222 1362 4293 nauseabunda
1409 4222 1709 4304 concuti,
1764 4245 1843 4292 ac
1891 4220 2142 4291 deinde
2190 4243 2516 4312 magnam
2569 4222 2704 4291 vim
2757 4219 3208 4311 phlegmatis

630 4334 710 4382 ac
761 4310 921 4382 bilis
970 4311 1304 4382 vomendo
1354 4312 1711 4403 projicere.
1767 4316 1913 4394 Quo
1962 4310 2161 4391 fact0‚
2207 4309 2576 4410 paululum
2614 4331 2835 4397 aquae
2882 4308 3209 4400 frigidae

630 4422 939 4483 sumens,
976 4400 1238 4472 deloco
1285 4402 1357 4471 in
1407 4423 1544 4490 quo
1581 4400 1859 4491 jacebat
1915 4421 1990 4470 se
2027 4399 2239 4469 levari
2269 4399 2554 4490 rogavit,
2585 4413 2651 4469 et
2676 4396 2923 4468 baculo
2948 4398 3206 4473 nitens
