3357 4995
243 246 604 315 JUNn-t7
861 263 941 310 nn
989 262 1083 311 ss.
1135 262 1251 309 mi.
1303 261 1582 320 amun,
1636 261 1832 308 sanan
1875 261 1952 310 nr
1999 262 2227 310 lsmnn
2592 246 2720 311 437

338 354 377 440 ξ
423 352 511 422 4.
565 348 728 419 Illos
766 368 927 418 cum
969 346 1106 417 huc
1134 346 1310 415 mitti
1351 345 1765 437 oportuisset
1796 347 1884 415 ab
1931 368 2009 416 eo
2057 347 2177 434 qui
2232 359 2393 418 tunc
2425 348 2494 416 in
2530 348 2810 439 regione

242 439 684 511 dominatum
712 434 1064 507 obtinebat
1099 434 1504 526 (vocabatur
1550 446 1778 505 autern
1826 435 2390 525 Alamundarus),
2443 449 2519 506 ut
2576 442 2806 528 Impe-

246 543 546 618 ratorem
600 525 1066 607 convenirent,
1131 524 1474 612 certisque
1523 524 1741 615 pactis
1799 546 1880 594 ac
1926 524 2446 598 conditionibus
2493 548 2657 596 cum
2720 550 2799 596 eo

302 640 494 688 acem
544 616 797 686 inirent
840 614 1012 706 (hoc
1049 613 1233 683 enim
1273 615 1421 704 Jam
1474 614 1666 703 prius
1697 623 1764 682 et
1812 611 2029 684 literis
2137 613 2399 695 ederat,
2454 626 2521 684 et
2570 615 2806 686 missis

280 706 496 798 egatis
541 702 1035 793 contenderat),
1089 723 1312 791 neque
1359 702 1666 773 virorum
1714 700 2037 773 virtutem
2086 636 2291 773 Romo
2336 702 2646 775 insolens
2693 726 2807 774 re-

252 796 532 877 verituS,
570 813 748 882 quae
794 805 938 863 erat
985 791 1154 861 adeo
1204 814 1457 883 magna
1504 804 1570 862 et
1599 791 2080 862 admirabilis:
2128 813 2350 880 neque
2399 791 2471 861 id
2526 805 2806 893 propter

251 883 438 973 quod
488 881 799 953 accersiti
849 892 1213 951 venerant:
1269 902 1491 969 neque
1537 880 1624 949 de
1671 879 1927 962 futuro,
1982 881 2042 950 si
2089 880 2174 950 de
2222 880 2417 950 nullo
2457 880 2633 963 alio,
2677 881 2806 951 du-

252 975 481 1045 bitans
519 1028 534 1055 ,
586 993 704 1043 eos
779 971 900 1058 qui
950 969 1368 1041 advenerant
1431 969 1885 1041 intolerandis
1960 970 2211 1061 excipit
2273 969 2639 1070 suppliciis
2670 1026 2686 1053 ,
2740 982 2806 1040 et

249 1062 526 1132 tandem
592 1072 809 1130 morte
855 1058 1349 1139 acerbissima,
1412 1058 1703 1149 pulchre
1761 1080 1915 1129 vero
1972 1081 2090 1128 eos
2152 1060 2299 1129 acci
2353 1080 2503 1128 tens
2535 1115 2550 1142 ,
2614 1070 2681 1128 et
2729 1071 2806 1130 ut

249 1162 594 1222 amentem
642 1149 793 1240 ejus
841 1148 1125 1218 decebat
1164 1148 1505 1217 animum.
1562 1147 1921 1217 Undenam
1971 1158 2200 1218 autem
2246 1171 2285 1217 a
2384 1147 2514 1217 hoc
2564 1148 2653 1219 sit
2701 1149 2807 1218 in-

247 1240 524 1319 citatuS,
568 1239 715 1328 jam
756 1236 937 1306 dicet
974 1234 1215 1306 oratio.
1269 1241 1634 1323 Postquam
1686 1258 1849 1327 ergo
1899 1236 1971 1305 hi
2020 1247 2187 1318 tres,
2241 1247 2319 1305 ut
2356 1236 2619 1306 dictum
2672 1250 2799 1318 est,

247 1340 588 1398 venerunt
634 1348 713 1397 ex
762 1325 1058 1407 Perside,
1111 1336 1177 1395 et
1229 1346 1309 1394 ea
1370 1325 1626 1415 scripta
1678 1346 1859 1412 quae
1905 1337 2314 1416 acceperant
2376 1326 2799 1408 attulerunt,

248 1417 662 1503 foederaque
693 1415 897 1486 certis
943 1412 1461 1485 conditionibus
1519 1413 1714 1494 inita,
1774 1419 2239 1484 Romanorum
2290 1415 2696 1516 Imperatori
2745 1428 2811 1485 et

248 1506 693 1596 Principibus
722 1503 1143 1585 obtulerunt,
1196 1503 1297 1573 eis
1328 1501 1609 1590 quidem
1659 1502 2160 1595 aliquantisper
2210 1525 2628 1593 permissum
2677 1517 2804 1586 est,

255 1607 335 1665 ut
366 1594 451 1664 de
485 1615 675 1663 more
721 1592 1023 1684 benigne
1055 1604 1533 1674 tractarentur,
1585 1602 1652 1661 et
1692 1606 2020 1664 consueto
2075 1593 2334 1662 honore
2386 1591 2804 1675 fruerentur,

250 1695 331 1753 ut
377 1682 499 1771 qui
561 1683 647 1753 de
703 1693 889 1752 tanta
938 1703 1033 1763 re,
1083 1702 1299 1769 quam
1345 1680 1766 1763 afferebant,
1820 1681 2048 1773 Legati
2109 1681 2584 1751 accessissent.
2639 1687 2808 1752 Cum

249 1777 670 1864 Imperatore
719 1770 948 1858 itaque
998 1769 1449 1840 versabantur
1493 1769 1796 1850 assidue,
1833 1782 2165 1858 erantque
2193 1770 2294 1839 eis
2324 1793 2485 1840 cum
2534 1793 2614 1840 eo
2654 1794 2807 1841 om-

252 1861 372 1931 nia
418 1860 843 1944 communia,
896 1859 1173 1941 domus,
1234 1859 1480 1941 victuS‚
1532 1870 1599 1928 et
1643 1880 2127 1948 quaecumque
2185 1870 2290 1928 est
2337 1858 2475 1928 alia
2525 1860 2593 1927 in
2645 1860 2808 1930 aula

251 1949 443 2042 regia
474 1949 891 2041 benignitas
939 1947 1192 2033 Quidni
1240 1948 1426 2018 enim
1475 1969 1556 2018 ea
1605 1948 1849 2038 partici
1903 1962 2136 2028 arent,
2189 1948 2311 2036 qui
2361 1947 2531 2018 tales
2577 1961 2798 2030 erant,

248 2052 316 2108 et
365 2059 636 2109 morum
686 2037 987 2108 bonitate
1033 2036 1477 2119 excellebant,
1520 2059 1690 2120 cum⁴
1719 2037 1858 2125 vel,
1914 2060 1994 2108 oc
2023 2037 2247 2107 solum
2298 2037 2482 2124 quod
2536 2049 2806 2108 tantum

250 2128 382 2197 iter
427 2126 771 2207 fecissent,
820 2126 1134 2197 sufficere
1189 2125 1466 2197 deberet
1512 2124 1598 2195 ad
1647 2125 1801 2208 hoc,
1862 2139 1941 2197 ut
1985 2126 2486 2227 benignissime
2534 2126 2809 2217 accipe·

251 2219 539 2285 rentur?
580 2215 707 2285 Sed
758 2216 925 2285 haec
971 2215 1253 2302 quidem
1317 2236 1752 2303 nequaquam
1805 2236 1957 2285 vere
2002 2237 2082 2284 ac
2136 2236 2401 2286 sincere
2456 2214 2714 2285 fiebant
2762 2238 2802 2284 a

252 2309 596 2390 Tyrann0,
651 2325 873 2393 neque
905 2304 1054 2394 ejus
1090 2315 1236 2374 erat
1265 2304 1434 2374 haec
1464 2303 1733 2374 facere:
1786 2303 1904 2373 sed
1950 2326 2109 2374 mox
2170 2303 2644 2394 deprehensus
2706 2314 2810 2374 est

252 2391 323 2461 id
360 2391 513 2462 ficte
546 2414 627 2462 ac
658 2392 979 2463 simulate
1009 2393 1376 2474 invenisse,
1408 2406 1485 2463 ut
1508 2392 1631 2480 qui
1656 2389 1855 2462 sactis
1877 2393 2049 2483 ipsis
2079 2392 2398 2474 effecerit,
2436 2413 2575 2481 quo
2600 2390 2804 2461 facile

252 2504 330 2552 ar
381 2493 682 2573 ueretur.

332 2505 378 2657 ξ
420 2576 513 2643 5.
566 2575 734 2642 Nam
767 2592 926 2641 cum
961 2571 1025 2641 ei
1064 2570 1439 2659 aliquando
1469 2570 1700 2642 visum
1721 2581 1898 2641 esset
1930 2571 2030 2640 ire
2063 2571 2132 2640 in
2169 2570 2540 2658 quemdam
2570 2570 2801 2640 locum

250 2658 784 2749 Bithynnorum,
840 2671 906 2729 et
952 2658 1201 2731 fretum
1253 2659 1752 2731 transmisisset
1791 2658 2394 2741 Chalcedonicum,
2447 2670 2513 2729 et
2559 2680 2801 2730 omnes

259 2748 393 2817 ’am
428 2749 548 2834 qui
579 2749 643 2818 ei
692 2749 1028 2839 parebant
1072 2760 1471 2830 accerseret,
1522 2761 1590 2819 et
1636 2769 1775 2820 non
1827 2749 2248 2839 permitteret
2293 2747 2670 2835 ut,aliquis
2718 2748 2805 2817 ab

303 2857 383 2906 oc
424 2849 663 2928 coepto
711 2837 1067 2908 desisteret
1105 2837 1390 2907 itinere:
1433 2848 1500 2908 et
1545 2851 1813 2928 praeter
1851 2849 2152 2908 caeteros
2189 2837 2318 2906 hos
2397 2859 2626 2924 uoque
2653 2837 2810 2927 pios

251 2926 438 2996 viros
472 2926 869 2997 adduceret.
931 2933 1120 2997 Tunc
1167 2926 1353 2996 enim
1402 2927 1464 2996 ei
1501 2926 1863 3018 publicum
1897 2926 2146 2997 festum
2195 2934 2369 2996 et'ce
2398 2926 2561 2995 ebre
2606 2925 2810 2996 adve-

254 3026 471 3097 nerat,
509 3016 851 3107 sanguine
896 3028 963 3085 et
1011 3015 1274 3097 nidore,
1328 3027 1392 3086 et
1439 3016 1726 3086 caeteris
1778 3013 2077 3106 piaculis
2124 3037 2287 3085 suos
2338 3014 2589 3085 colenti
2646 3015 2810 3084 dae-

228 3120 494 3174 ·mones
523 3104 699 3195 (erat
746 3116 975 3174 autem
1026 3125 1275 3175 nomen
1329 3104 1487 3188 loci,
1544 3104 1615 3174 in
1662 3125 1802 3193 quo
1852 3105 2018 3175 haec
2066 3103 2449 3174 execranda
2521 3126 2811 3195 perage-

252 3189 507 3263 bantur
525 3215 603 3263 or
654 3194 742 3274 ia,
773 3199 1040 3284 Trygon
1084 3192 1244 3263 ,ΑΙίἰ
1269 3194 1552 3281 quidem
1586 3214 1852 3276 omnes,
1881 3206 1960 3264 ut
1986 3194 2112 3282 qui
2149 3193 2386 3264 densis
2413 3205 2808 3263 tenerentur

255 3280 580 3363 tenebris,
642 3293 864 3352 estum
893 3281 1036 3352 cele
1090 3281 1514 3352 rabantcum
1548 3288 1993 3372 Imperatore,
2029 3295 2095 3352 et
2120 3285 2261 3352 una
2291 3282 2802 3362 sacrificabant,

253 3380 319 3438 et
349 3369 413 3439 ei
463 3371 795 3460 parebant
834 3371 905 3439 in
953 3370 1305 3454 omnibus,
1341 3384 1420 3441 ut
1445 3371 1566 3460 qui
1599 3392 1885 3473 corpore
1913 3384 1979 3441 et
2009 3371 2245 3441 animo
2284 3382 2514 3443 essent
2555 3370 2810 3441 imbuti

256 3457 633 3548 impietate.
667 3459 807 3530 Soli
839 3471 1067 3529 autem
1102 3460 1175 3543 ii,
1220 3481 1306 3530 ne
1329 3460 1585 3551 apertis
1615 3461 1899 3549 quidem
1930 3459 2153 3530 oculis
2185 3481 2287 3541 ea,
2312 3481 2491 3548 quae
2524 3459 2804 3541 fiebant,

252 3546 485 3618 videre
532 3548 975 3631 sustinenteS,
1032 3547 1412 3619 tolerabant
1451 3548 1581 3619 soli
1612 3549 1852 3640 procul
1903 3560 2082 3619 stare
2129 3549 2201 3617 in
2250 3548 2513 3639 angulo
2559 3548 2805 3619 moesti

250 3647 314 3705 et
364 3635 850 3727 lacrymantes,
888 3649 956 3708 et
988 3641 1199 3707 Deum
1238 3637 1652 3708 Salvatorem
1689 3638 2063 3729 placanteS,
2106 3651 2171 3707 et
2227 3651 2546 3728 rogantes
2593 3650 2669 3709 ut
2708 3639 2811 3707 eis

252 3724 656 3795 concederet
703 3725 1044 3818 integram
1072 3738 1142 3795 et
1188 3725 1500 3797 illaesam
1549 3748 1821 3796 servare
1853 3725 2281 3816 religionem,
2310 3738 2378 3796 et
2407 3748 2543 3797 non
2588 3726 2809 3818 pollui

256 3811 631 3913 impiorum
683 3814 1198 3897 communione,
1231 3835 1529 3902 quorum
1565 3814 1667 3884 vel
1706 3815 1924 3885 solam
1957 3814 2192 3885 leviter
2222 3815 2534 3905 attigisse
2567 3838 2810 3907 super-

254 3899 508 3984 ficiem,
561 3904 901 3994 putabant
929 3904 1379 3995 impietatem.
1427 3903 1661 3974 Potius
1700 3916 1929 3975 autem
1966 3904 2421 3975 obsecrabant
2456 3926 2642 3985 eum,
2682 3905 2805 3993 qui

254 3999 356 4057 est
386 3991 713 4080 optimus,
766 4005 842 4063 ut
888 4015 1027 4076 θος,
1073 3993 1194 4082 qui
1233 3993 1380 4084 jam
1442 3991 1683 4063 morbo
1731 3992 2186 4075 laborabant,
2240 4006 2685 4076 converteret,
2740 4006 2806 4064 et

255 4074 571 4161 efficeret,
624 4094 702 4152 ut
728 4081 1354 4152 animadverterent
1379 4081 1452 4150 in
1534 4094 1749 4152 uanto
1776 4094 2006 4155 essent
2051 4103 2304 4165 errore,
2339 4093 2406 4152 et
2436 4083 2537 4155 eis
2583 4083 2806 4175 signi-

255 4162 514 4266 ficaret,
566 4170 891 4257 quisnam
944 4170 1054 4252 sit,
1092 4171 1212 4259 qui
1244 4192 1361 4242 eos
1392 4170 1480 4240 ad
1541 4192 1669 4253 ioc,
1723 4183 1802 4241 ut
1832 4182 2084 4253 essent,
2143 4171 2538 4262 produxerit
2577 4170 2807 4242 etfor-

255 4267 508 4337 mar1t;
561 4268 627 4327 et
673 4281 961 4342 ται-5115,
1014 4281 1175 4330 cum
1225 4258 1676 4342 cecidissent,
1730 4258 1984 4330 melius
2030 4259 2442 4331 reformarit.
2498 4283 2534 4328 «
2563 4265 2656 4331 Ne
2704 4260 2805 4331 sic

253 4342 470 4426 enim,
507 4344 850 4431 dicebant,
885 4370 926 4419 o
953 4349 1261 4432 Domine,
1296 4348 1538 4422 siveris
1566 4370 1684 4419 eos
1701 4348 1934 4440 jacere
1958 4349 2029 4419 in
2063 4348 2408 4440 profundo
2429 4348 2800 4428 malorum,
