3357 4995
660 339 785 403 284
1185 355 1262 400 DE
1310 356 1364 402 s.
1419 353 1707 399 causano
1757 353 2052 401 uonacno
2101 346 2482 401 CLAHAVALL.
2757 338 2793 400 J
2806 338 2975 400 UNII
3030 338 3113 402 -13

514 429 517 434 ’
569 436 798 505 dilecti
847 457 1122 524 corpus,
1163 447 1410 502 terram
1463 455 1614 502 mox
1645 431 1978 502 futurum.
2017 435 2144 516 Qui
2179 455 2286 501 me
2313 433 2785 514 intuebantur,
2824 435 3108 515 flebant,

568 539 633 594 et
682 524 1112 592 mirabantur
1141 523 1326 610 quod
1378 543 1512 589 non
1555 523 1789 590 flerem
1842 523 2025 612 ipse:
2063 544 2219 591 cum
2256 544 2385 590 non
2419 522 2615 590 illum
2649 523 2956 609 quidem,
2995 526 3117 596 sed

566 636 677 683 me
751 613 978 703 potius
1037 612 1157 697 qui
1230 611 1450 692 illum·
1495 611 1931 692 amisissem,
2012 630 2250 678 omnes
2311 612 2824 682 miserarentur.
2904 616 3119 704 Cujus

565 704 748 792 enim
801 701 900 770 vel
950 700 1247 769 ferreum
1303 712 1540 787 pectus
1575 721 1785 788 super
1836 722 1941 767 me
1992 700 2087 768 ibi
2142 722 2273 767 non
2316 712 2721 778 moveretur,
2761 723 2966 788 quem
3012 706 3113 772 vi-

566 792 753 861 deret
802 789 1099 860 Gerardo
1154 789 1650 878 superstitem?
1700 792 2079 856 Commune
2134 788 2513 878 damnum:
2571 789 2688 856 sed
2765 814 2910 860 Jrae
2961 815 3115 862 meo

568 902 704 949 non
757 902 827 949 re
879 880 1203 948 utabatur
1234 876 1634 945 infortunio.
1692 882 1766 944 At
1813 897 1938 966 ego
1970 877 2228 964 quibus
2273 889 2572 966 poteram
2623 813 2883 949 viribus
2918 882 3107 962 fidei,

570 969 831 1038 relucta
884 991 961 1036 ar
1007 967 1305 1045 affectui,
1373 967 1598 1032 nitens
1659 965 1760 1032 vel
1831 966 2087 1034 invitus
2136 987 2268 1033 non
2313 966 2561 1034 moveri
2616 965 2869 1038 frustra
2918 971 3119 1038 addi-

572 1058 795 1128 ctione
825 1070 1134 1132 naturae,
1162 1054 1628 1123 universitatis
1659 1054 1911 1130 debito,
1951 1054 2368 1123 conditionis
2398 1077 2555 1134 usu,
2594 1059 2887 1143 potentis
2909 1061 3126 1147 jussu

564 1146 1083 1237 judiciojusti,0
1107 1143 1382 1234 flagello
1417 1142 1764 1221 terribilis,
1822 1144 2109 1211 Domini:
2145 1142 2510 1211 voluntate.
2558 1149 2680 1212 Pro
2712 1146 3121 1236 hujusmodi

576 1258 847 1325 semper
875 1248 1121 1304 extunc
1148 1247 1213 1301 et
1243 1232 1567 1320 deinceps
1600 1231 1795 1321 exegi
1824 1255 1861 1299 a
1896 1233 2298 1322 memetipso
2334 1254 2466 1300 non
2507 1232 2866 1323 indulgere
2900 1237 3121 1305 multo

573 1325 790 1402 fletui,
851 1322 1144 1391 multum
1183 1334 1435 1408 ,tamen
1487 1319 1801 1389 turbatus
1852 1333 1914 1388 et
1964 1335 2290 1389 moestus.
2354 1327 2482 1390 Nec
2536 1324 2725 1410 potui
2776 1325 3121 1413 imperare

575 1413 910 1490 tristitiae,
956 1412 1073 1497 qui
1103 1410 1320 1498 potuit
1371 1408 1755 1497 lacrymae:
1793 1409 1909 1477 sed
1945 1421 2020 1478 ut
2053 1410 2387 1499 scriptum
2420 1424 2542 1490 est,
2590 1415 2911 1482 Turbatus
2936 1437 3113 1491 sum,

575 1512 636 1569 et
666 1525 794 1570 non
840 1521 987 1568 sum
1023 1503 1280 1567 locutus
1323 1499 1460 1585 (Ps.
1521 1498 1652 1584 76).
1696 1503 1769 1565 At
1802 1519 2221 1587 suppressus
2252 1498 2447 1566 dolor
2495 1499 2702 1569 altius
2734 1502 3119 1571 introrsum

575 1589 927 1668 radicavit,
972 1609 1050 1656 eo
1095 1587 1202 1675 (ut
1258 1586 1507 1673 sentio)
1553 1586 1862 1680 acerbior
1892 1585 2134 1667 factm,
2189 1587 2369 1673 quod
2426 1609 2559 1656 non
2602 1602 2702 1659 est
2735 1592 2915 1660 exire
2967 1614 3118 1681 per-

575 1678 853 1747 missus.
913 1682 1163 1755 Fateor,
1226 1676 1441 1743 victus
1490 1695 1669 1743 sum.
1718 1679 1918 1743 Exeat
1969 1697 2240 1746 necesse
2288 1689 2389 1744 est
2439 1676 2638 1757 foras,
2683 1680 2864 1765 quod
2926 1680 3117 1749 intus

576 1767 816 1855 patior.
873 1771 1073 1834 Exeat
1107 1786 1270 1833 sane
1304 1764 1387 1832 ad
1425 1764 1661 1833 oculos
1697 1763 2024 1844 filiorum,
2065 1765 2183 1850 qui
2217 1766 2506 1834 scientes
2558 1767 3106 1849 incommodum,

576 1854 927 1944 planctum
979 1853 1357 1922 humanius
1405 1853 1786 1932 aestiment,
1841 1852 2119 1922 dulcius
2150 1853 2612 1924 consolentur.

666 1951 702 2023 ἓ
756 1948 844 2015 2.
900 1943 1121 2022 Scitis,
1166 1964 1204 2011 o
1255 1941 1400 2021 filii,
1440 1942 1905 2030 quamjustus
1955 1942 2283 2011 sit·dolor
2311 1964 2528 2024 meuS,
2574 1966 2783 2030 quam
2817 1946 3114 2014 dolenda

623 2031 776 2122 laga
817 2053 991 2099 mea.
1049 2031 1334 2098 Cernitis
1371 2052 1616 2118 nempe
1652 2052 1861 2116 quam
1896 2030 2079 2100 fidus
2118 2053 2346 2099 comes
2394 2031 2696 2101 deseruit
2746 2055 2853 2101 me
2888 2035 2957 2102 in
3009 2036 3119 2102 via

571 2053 698 2189 liae
747 2143 884 2207 qua
923 2115 1392 2198 ambulabam,
1447 2141 1656 2205 quam
1708 2118 1868 2207 vigil
1898 2118 2291 2217 ,ad.curam,
2333 2143 2539 2206 quam
2586 2144 2720 2190 non
2758 2123 2990 2213 segnis
3021 2123 3124 2191 ad>

573 2231 773 2299 opuS,
826 2230 1033 2295 quarn
1082 2207 1315 2277 suavis
1363 2207 1448 2276 ad
1493 2228 1737 2276 mores.
1785 2213 1951 2288 Quis
2002 2220 2093 2276 tta
2144 2209 2311 2276 milii
2349 2213 2944 2298 pernecessarius?
2994 2211 3112 2280 cui

573 2307 792 2384 aeque
834 2297 1127 2367 dilectus
1156 2300 1322 2386 ego‘?
1364 2302 1590 2364 Frater
1636 2305 1778 2363 erat
1826 2317 2095 2385 genere,
2144 2297 2258 2364 sed
2315 2298 2642 2386 religione
2689 2300 3105 2388 germanior.

574 2386 821 2465 Dolete,
859 2406 1136 2473 quaes0,
1190 2387 1403 2454 vicem
1445 2405 1668 2452 meam
1697 2405 1834 2464 vos,
1873 2385 2129 2470 quibus
2162 2386 2326 2454 haec
2379 2400 2533 2454 nota
2566 2401 2747 2456 sunt.
2784 2388 3112 2457 Infirmus

571 2497 856 2566 corpore
903 2497 1116 2555 eram,
1170 2486 1235 2543 et
1268 2472 1381 2543 ille
1429 2472 1742 2564 portabat
1789 2494 1918 2542 me.
1968 2473 2269 2543 Pusillus
2302 2475 2507 2544 corde
2539 2499 2751 2557 eram,
2809 2491 2873 2546 et
2940 2497 3104 2547 con-

571 2565 865 2634 fortabat
914 2586 1042 2633 me.
1101 2564 1296 2653 Piger
1343 2574 1407 2630 et
1441 2562 1820 2652 negligenS‚
1875 2575 1938 2630 et
1985 2563 2321 2633 excitabat
2370 2586 2499 2632 me.
2559 2566 2995 2655 Improvidus
3043 2580 3111 2636 et

568 2654 968 2733 obliviosuS,
1021 2665 1085 2721 et
1134 2653 1610 2720 commonebat
1661 2673 1793 2719 me.
1841 2656 1986 2732 Quo
2038 2651 2209 2720 mihi
2258 2651 2543 2722 avulsus
2589 2658 2713 2723 es?
2752 2659 2897 2736 Quo
2935 2655 3109 2723 mihi

569 2752 816 2832 raptus
853 2764 889 2810 e
938 2740 1262 2810 manibus
1312 2741 1515 2809 homo
1570 2741 1950 2820 unanimis,
2008 2740 2211 2809 homo
2247 2743 2629 2810 secundum
2663 2766 2781 2812 cor
2833 2748 3107 2826 meum?

566 2832 963 2900 Amavimus
996 2851 1120 2898 nos
1155 2829 1220 2896 in
1259 2830 1412 2908 vita,
1457 2828 1803 2914 quomodo
1854 2829 1921 2896 in
1975 2842 2189 2897 morte
2238 2852 2485 2899 sumus
2534 2832 2879 2920 separati?
2910 2836 3114 2900 Ama-

571 2920 847 2989 rissima
892 2919 1253 3006 separatiO,
1292 2930 1356 2985 et
1402 2938 1610 3002 quam
1664 2938 1798 2985 non
1845 2929 2070 3005 posset
2109 2920 2391 2986 omnino
2422 2918 2689 2988 efficere
2727 2921 2858 2989 nisi
2894 2942 3104 2989 mors,

568 3007 855 3089 Quando
907 3007 1090 3074 enim
1148 3028 1252 3073 me
1300 3006 1494 3076 vivus
1543 3007 1771 3073 vivum
1824 3007 2220 3075 desereres?
2265 3009 2562 3076 Omnino
2620 3031 2795 3099 opus
2847 3011 3113 3087 morti3‚

567 3095 988 3164 horrendum
1042 3094 1435 3164 divortium.
1477 3094 1643 3175 Quis
1669 3093 1852 3161 enim
1885 3108 2021 3163 tam
2074 3097 2267 3164 suavi
2319 3097 2593 3165 vinculo
2637 3098 2859 3168 mutui
2894 3098 3115 3167 nostri

567 3205 705 3252 non
744 3184 1156 3273 pepercisset
1194 3182 1474 3260 amoriS,
1521 3182 1653 3250 nisi
1690 3182 1897 3252 totius
1946 3184 2303 3253 suavitatis
2337 3185 2618 3253 inimica
2652 3186 2884 3255 mors?
2934 3191 3112 3255 Bene

567 3294 752 3341 mors
799 3292 975 3358 quae
1013 3293 1236 3340 unum
1288 3270 1638 3359 rapiendO,
1688 3270 1863 3340 duos
1897 3271 2157 3340 furiosa
2215 3275 2523 3362 peremit.
2580 3281 2675 3341 An
2730 3295 2864 3343 non
2922 3296 3110 3344 mors

566 3361 770 3430 etiam
814 3360 1035 3428 mihi?
1084 3365 1301 3428 Immo
1351 3358 1508 3448 plus
1561 3359 1755 3437 mihi,
1816 3361 1931 3429 cui
1978 3361 2216 3447 utique
2264 3364 2455 3430 omni
2508 3375 2721 3431 morte
2765 3362 3108 3431 infelicior

565 3450 701 3518 vita
740 3459 1002 3517 servata
1048 3458 1171 3517 est.
1227 3448 1409 3528 Vivo,
1464 3459 1540 3515 ut
1590 3448 1819 3516 vivens
1872 3449 2162 3518 moriar:
2225 3464 2288 3517 et
2340 3450 2464 3520 hoc
2514 3451 2804 3520 dixerim
2843 3452 3047 3520 vitam
3078 3455 3109 3518 ²?

564 3538 738 3620 Quia
785 3538 1022 3606 mitius
1057 3559 1164 3605 me
1201 3536 1525 3630 privareS,
1579 3558 1618 3604 o
1659 3550 1929 3605 austera
1982 3560 2188 3620 mors,
2239 3539 2411 3607 vitae
2437 3562 2569 3610 usu
2595 3561 2807 3626 quam
2843 3539 3098 3609 fructu.

560 3631 729 3696 Nam
779 3626 911 3694 vita
961 3626 1109 3694 sine
1147 3624 1376 3694 fructu
1423 3626 1697 3715 gravior
1729 3647 1935 3694 mors,
1993 3627 2295 3713 Denique
2326 3628 2581 3729 duplex
2618 3628 2880 3697 malum
2917 3629 3108 3718 ligno

565 3714 847 3803 paratur
897 3714 1346 3795 infructuoso,
1388 3714 1675 3794 securis,
1707 3727 1771 3782 et
1825 3715 2027 3819 ignis.
2084 3720 2257 3807 Ergo
2309 3738 2478 3788 meis
2529 3716 2883 3787 laboribus
2932 3716 3110 3785 invi—

564 3802 757 3881 dens,
810 3802 1146 3893 elongasti
1194 3826 1235 3872 a
1275 3825 1383 3871 me
1431 3803 1762 3883 amicum,
1822 3817 1887 3872 et
1922 3804 2352 3893 proximum:
2394 3827 2515 3896 per
2562 3806 2763 3896 cujus
2814 3806 3113 3875 maxime

563 3891 871 3961 studium
921 3905 1114 3960 erant
1145 3892 1234 3976 (si
1273 3890 1553 3979 quando
1602 3891 1830 3981 erant)
1880 3892 2219 3962 fructuosi
2253 3898 2304 3960 *.

649 3982 686 4067 ξ
732 3984 820 4052 8.
878 3981 1106 4050 Satius
1139 3980 1430 4071 proinde
1460 3979 1628 4048 mihi
1666 3980 1907 4050 suisset
1948 3980 2321 4070 periclitari
2357 3983 2512 4062 vita,
2557 4003 2764 4070 quam
2810 3996 2948 4063 tua,
2988 3987 3119 4051 Ge-

563 4068 783 4151 rarde‚
835 4069 1251 4158 praesentia,
1309 4069 1430 4155 qui
1464 4090 1777 4139 meorum
1812 4071 1879 4138 in
1925 4071 2209 4138 Domino
2244 4071 2633 4140 studiorum
2684 4093 2836 4141 eras
2888 4070 3117 4142 solici-

561 4168 671 4226 tus
705 4158 1047 4237 incitator,
1102 4156 1330 4228 fidelis
1380 4156 1676 4248 adjutor,
1719 4171 1964 4229 cautus
1996 4159 2441 4229 examinator.
2480 4165 2633 4241 Cur,
2679 4182 2934 4246 quaeso
2991 4173 3116 4230 aut

613 4356 638 4381 ¹¹¹
668 4356 815 4404 Quam
842 4354 1088 4397 humiliter
1115 4357 1174 4397 de
1203 4366 1254 4397 se
1284 4358 1494 4397 sentiens
1522 4355 2149 4408 venerabilem,germanum
2180 4359 2356 4404 laudat,
2385 4369 2619 4408 quamque
2651 4359 2861 4398 suaviter
2893 4359 3120 4406 lacryma·

557 4408 705 4449 bilem
732 4411 789 4450 de
819 4412 922 4459 ejus
950 4410 1080 4450 obitu
1110 4415 1332 4459 questum
1361 4411 1581 4460 exprimit
1610 4412 1653 4453 S.
1685 4411 2045 4452 clarevallensis
2075 4411 2225 4451 Abbas
2258 4416 2305 4452 et
2334 4414 2524 4458 Doctor.
2544 4410 2747 4462 eleganti
2770 4422 2884 4452 usus
2904 4413 2954 4453 in
2976 4409 3119 4452 inum

559 4464 607 4504 ct
625 4464 676 4504 in
696 4466 897 4505 mortem
917 4464 1224 4513 apostrophe!
