3357 4995
656 324 785 387 550
1259 340 1335 385 ne
1385 340 1438 385 s.
1494 337 1807 385 nonomen
1855 335 2020 384 vine.
2078 335 2152 382 ET
2199 335 2390 382 uAnr.
2752 311 2966 381 JUNII
3016 317 3107 380 25

571 422 894 494 cubiculo
919 423 1279 504 conclusit,
1310 436 1373 491 et
1401 423 1772 493 Febroniae
1806 433 2089 490 mortem
2118 420 2419 509 lugebat.
2453 418 2736 488 Selenus
2761 441 2919 488 vero
2954 417 3112 508 ejus

622 527 862 582 atruus
894 534 1054 581 cum
1098 512 1581 601 Lysimachum
1618 513 1882 580 tristem
1916 531 2066 581 esse
2097 510 2495 610 accepisset,
2532 529 2754 595 neque
2809 509 2954 597 ipse
3009 508 3115 575 ci-

570 536 737 672 ssum
780 602 1119 691 sumpsit:
1176 601 1292 670 sed
1345 623 1506 670 cum
1555 600 1964 670 surrexisset
1994 622 2030 667 e
2069 598 2216 668 loco
2264 620 2333 667 m
2383 619 2521 684 quo
2553 608 2721 676 erat,
2775 595 3115 666 deambu-

571 691 713 759 lare
737 691 991 779 coepit:
1031 712 1329 777 cumque
1358 689 1572 759 multo
1612 709 1919 758 moerore
1956 702 2021 756 et
2051 688 2324 757 tristitia
2354 684 2797 766 detineretur,
2830 696 3114 777 repente

572 792 781 869 caput
842 780 910 846 in
962 779 1231 849 coelum
1282 780 1552 868 erigens
1600 791 1805 865 atque
1864 777 2161 856 intuens,
2215 776 2479 845 diutius
2528 775 2627 844 sic
2672 788 2908 844 mutus
2956 796 3117 864 per-

574 869 869 938 mansit:
923 867 1172 936 deinde
1229 889 1384 937 vero
1435 881 1763 954 tanquam
1814 880 2052 935 taurus
2092 864 2345 952 aliquis
2397 864 2738 953 mugiens,
2794 864 2863 931 in
2894 885 3114 933 unam

572 980 652 1025 ex
713 958 798 1026 iis
859 956 1204 1027 columnis
1252 978 1430 1043 quae
1475 969 1671 1025 erant
1719 956 1789 1022 in
1841 955 2200 1044 praetorio,
2265 953 2606 1032 insilienS,
2663 974 2744 1021 ca
2799 966 2872 1022 ut
2901 973 3112 1022 suum

572 1045 929 1135 confregit,
983 1056 1047 1114 et
1099 1046 1165 1114 in
1219 1057 1464 1114 terram
1519 1056 1923 1133 prostratuS,
1979 1042 2283 1111 animam
2311 1041 2582 1110 efflavit.
2639 1046 2752 1111 Mu
2782 1053 2847 1111 to
2878 1053 3113 1110 autem

572 1134 871 1203 clamore
919 1148 983 1202 et
1014 1133 1318 1203 tumultu
1363 1133 1673 1212 excitam,
1711 1133 2009 1202 accurrit
2048 1131 2521 1220 LysimachuS,
2577 1143 2642 1199 et
2690 1129 2834 1198 viso
2885 1129 3117 1229 patrui

572 1224 922 1302 cadavere,
979 1223 1337 1309 quaesivit,
1389 1244 1729 1309 quaenam
1763 1242 1869 1288 res
1901 1220 2019 1289 illa
2043 1233 2240 1290 esset.
2288 1224 2454 1288 Cum
2505 1232 2732 1288 autem
2783 1231 3113 1305 quiasta-

572 1312 761 1393 bant,
807 1312 988 1398 quod
1041 1310 1292 1379 factum
1332 1311 1572 1388 fuerat,
1615 1309 2021 1397 Lysimacho
2059 1308 2556 1397 exposuissent,
2595 1306 2712 1376 ille
2752 1306 2873 1376 diu
2903 1321 3117 1396 caput

570 1422 945 1488 quassans:
984 1405 1349 1489 «Magnus,
1397 1399 1640 1486 inquit,
1695 1408 1796 1467 est
1847 1403 2018 1468 Deus
2061 1398 2641 1468 Christianorum:
2706 1394 3113 1465 benedictus

572 1505 673 1558 est
708 1495 884 1558 Deus
926 1489 1330 1557 Febroniae:
1385 1488 1574 1557 ultus
1622 1499 1723 1556 est
1758 1491 1931 1556 Deus
1979 1487 2389 1576 sanguinem
2425 1486 2679 1575 injuria
2728 1484 3113 1555 effusum.»

574 1579 695 1646 His
738 1578 962 1659 dictis,
998 1577 1210 1664 jussit
1263 1577 1486 1646 Seleni
1546 1577 1836 1646 cadaver
1873 1575 2122 1644 efferri.
2176 1581 2322 1657 Quo
2374 1574 2574 1652 elato,
2630 1572 3106 1663 Lysimachus,

575 1669 907 1736 accersito
957 1665 1211 1735 Comite
1266 1666 1532 1744 Prim0,
1599 1667 1694 1734 ita
1740 1664 1867 1733 fari
1927 1665 2180 1754 coepit:
2229 1664 2581 1733 «Obtestor
2623 1676 2683 1731 te
2731 1684 2851 1751 per
2901 1667 3111 1731 Deum

576 1755 1145 1835 Christianorum,
1187 1776 1271 1823 ne
1306 1755 1707 1822 mandatum
1745 1775 1974 1823 meum
2014 1752 2242 1833 violes,
2284 1753 2398 1820 sed
2449 1752 2970 1841 quamprimum
2991 1751 3110 1841 ju-

574 1846 736 1913 beas
789 1843 1156 1912 Febroniae
1190 1865 1417 1912 arcam
1470 1843 1793 1932 componi
1823 1863 1903 1911 ex
1937 1842 2146 1932 lignis
2175 1863 2353 1928 quae
2386 1840 2734 1931 putrefieri
2784 1861 2920 1908 non
2957 1861 3114 1929 pos-

578 1934 738 2011 sint,
792 1945 856 2000 et
910 1932 1138 2002 mittas
1190 1934 1583 2021 praecones,
1636 1933 1754 2018 qui
1806 1930 2066 2018 ubique
2108 1929 2525 2019 praedicent,
2570 1942 2646 1997 ut
2686 1930 3115 2015 quicumque

576 2021 941 2089 Christiani
964 2019 1048 2089 ad
1087 2021 1457 2089 Febroniae
1477 2021 1798 2109 martyris
1837 2021 2155 2107 exequias
2176 2018 2498 2087 accedere
2519 2017 2880 2097 voluerint,
2906 2016 3118 2086 libere

576 2123 782 2195 atque
806 2110 1092 2199 impune
1112 2110 1435 2178 accedere
1457 2109 1747 2188 valeant,
1781 2109 2176 2208 praesertim
2219 2129 2376 2176 cum
2415 2119 2704 2196 patruus
2750 2127 2946 2176 meus
2967 2106 3113 2195 jam

575 2211 894 2267 mortuus
943 2198 1051 2266 sit.
1110 2199 1315 2277 Nosti,
1356 2200 1578 2267 Prime
1627 2198 1796 2266 mihi
1848 2197 2296 2287 optatissime,
2353 2196 2537 2282 quod
2575 2195 2662 2264 sit
2709 2195 2930 2263 animi
2980 2194 3117 2261 mei

575 2286 1022 2355 desiderium.
1076 2288 1321 2376 Accipe
1363 2288 1572 2377 igitur
1628 2287 2002 2365 cohortem,
2042 2309 2120 2355 ac
2157 2285 2525 2354 Febroniae
2572 2305 2830 2373 corpus
2881 2282 3119 2351 afferri

565 2377 814 2465 jubeas
842 2375 923 2443 ad
954 2375 1445 2445 monasterium
1480 2375 1847 2443 Briennae:
1881 2394 2102 2461 neque
2127 2374 2495 2461 quisquam
2531 2395 2567 2441 e
2600 2374 2803 2442 turba
2831 2371 3114 2457 aliquod

574 2464 723 2553 ejus
763 2465 1072 2554 corporis
1124 2464 1514 2534 membrum
1567 2463 1949 2543 abscindat,
1998 2462 2100 2532 vel
2148 2462 2534 2534 abscissum
2587 2483 2627 2531 a
2673 2482 2791 2532 cor
2841 2481 2959 2529 ore
2993 2482 3116 2529 au-

578 2555 785 2624 ferat:
843 2576 1062 2639 neque
1099 2555 1530 2644 permittatur
1576 2555 1756 2633 cani,
1798 2551 1897 2621 vel
1949 2553 2246 2642 impuris
2293 2551 2449 2620 aliis
2496 2550 2779 2619 animali
2835 2572 2921 2620 us
2952 2571 3114 2617 san-

577 2644 860 2733 guinem
896 2642 982 2711 ab
1029 2665 1106 2711 ea
1138 2643 1434 2712 effusum
1483 2641 1779 2732 lingere:
1817 2641 2207 2728 quinimmo
2257 2653 2506 2710 terram
2542 2639 2758 2718 illam,
2804 2641 2874 2707 in
2907 2658 3118 2724 quam

580 2730 951 2832 Febroniae
1002 2732 1288 2830 sanguis
1335 2731 1598 2802 effusus
1651 2743 1774 2810 est,
1828 2729 2033 2800 effodi
2074 2742 2275 2816 atque
2323 2731 2394 2797 in
2466 2729 2959 2798 monasterium
3003 2748 3121 2795 ex-

577 2833 834 2910 portari
886 2821 1339 2910 praecipias.»

662 2913 697 2996 ξ
737 2913 909 2981 31).
967 2908 1146 2977 Fecit
1194 2909 1465 2978 Primus
1518 2906 1849 2995 quicquid
1895 2907 2344 2997 Lysimachus
2380 2904 2845 2984 mandaverat,
2882 2915 2950 2972 et
3001 2907 3120 2970 Fe-

576 2999 855 3068 broniae
911 3019 1164 3087 corpus
1190 2998 1402 3097 jussit
1433 2998 1683 3066 milites
1733 2996 2071 3087 bajulare:
2127 2997 2275 3085 ipse
2323 3017 2501 3074 ver0,
2540 3006 2817 3083 sumpto
2867 2991 3122 3061 Febro-

576 3088 731 3155 niae
770 3087 1015 3175 capite,
1063 3087 1358 3176 pedibus
1391 3099 1456 3153 et
1503 3085 1851 3166 manibuS,
1919 3098 1984 3156 et
2043 3085 2372 3154 omnibus
2422 3084 2509 3151 iis
2564 3080 2896 3152 membris
2942 3101 3123 3167 quac

574 3176 847 3244 fuerant
874 3175 960 3244 ab
1005 3176 1155 3265 ejus
1188 3196 1471 3263 corpore
1520 3176 1850 3253 abscissa,
1882 3172 2249 3261 chlamyde
2279 3195 2404 3241 sua
2443 3170 2560 3240 illa
2588 3171 2906 3251 involvit,
2958 3170 3119 3238 etin

576 3263 1076 3335 monasterium
1115 3264 1514 3353 exportavit.
1543 3267 1711 3332 Cum
1746 3276 1976 3332 autem
2006 3283 2303 3351 magnus
2330 3260 2690 3330 turbarum
2732 3279 3123 3328 concursus

579 3353 800 3422 factus
824 3366 1022 3432 esset,
1060 3352 1640 3442 aggrediebantur
1690 3352 1847 3420 illae
1896 3352 2087 3441 ipsae
2137 3351 2378 3420 turbae
2402 3346 2682 3436 aliquod
2721 3346 3120 3417 membrum

579 3440 870 3523 auferre,
928 3442 1019 3509 ita
1068 3455 1144 3510 ut
1193 3445 1430 3510 Comes
1478 3441 1753 3509 Primus
1788 3441 1852 3508 in
1892 3461 2225 3529 magnum
2279 3438 2666 3529 periculum
2717 3436 3002 3515 venerit,
3036 3456 3124 3504 ne

577 3553 615 3597 a
666 3533 1028 3600 turbarum
1079 3530 1398 3599 violentia
1466 3528 1733 3616 aliquid
1808 3541 2175 3619 pateretur.
2235 3533 2440 3598 Porro
2507 3524 2806 3603 milites,
2861 3524 3124 3595 strictis

575 3618 849 3708 gladiiS,
905 3618 1012 3688 vix
1061 3619 1298 3689 turbas
1332 3619 1519 3709 ipsas
1553 3617 1956 3708 propulsare
1988 3628 2382 3706 potuerunt.
2421 3621 2656 3685 Postea
2686 3634 2868 3693 ver0,
2903 3633 3118 3700 quam

577 3707 662 3775 ad
714 3707 1205 3778 monasterium
1259 3707 1475 3777 multo
1524 3705 1756 3775 labore
1794 3719 1859 3774 et
1897 3706 1959 3774 vi
1993 3727 2065 3775 se
2090 3705 2553 3784 contulerunt,
2593 3701 2925 3789 reliquias
2957 3722 3121 3772 san-

576 3808 723 3864 ctae
773 3797 1060 3887 virginis
1102 3796 1471 3865 Febroniae
1519 3797 1589 3863 in
1641 3795 2138 3864 monasterium
2174 3794 2658 3863 immiserunt:
2713 3812 2840 3861 nec
2874 3811 3122 3877 quem-

574 3906 809 3971 quam,
863 3898 1141 3974 excepta
1188 3883 1559 3954 Thomaide
1580 3895 1646 3953 et
1686 3884 1937 3964 Hieria,
1986 3882 2256 3974 ingredi
2308 3881 2765 3973 patiebantur.
2820 3879 3124 3948 Brienna

574 3995 733 4041 cum
786 3974 1154 4044 Febroniae
1187 3994 1439 4063 corpus
1469 3973 1562 4042 ita
1588 3972 2078 4043 obmutilatum
2108 3970 2408 4050 vidisset,
2450 3970 2519 4038 in
2564 3981 2817 4040 terram
2867 3967 3127 4065 cecidit

578 4063 810 4131 animo
871 4063 1217 4132 destituta.
1273 4062 1546 4130 Primus
1595 4073 1824 4131 autem
1876 4065 2137 4139 Comes,
2193 4059 2656 4131 militibus-in
2715 4068 3124 4126 monasterii

577 4152 890 4221 custodia
936 4150 1348 4231 constitutiS,
1406 4149 1608 4220 rediit
1656 4150 1726 4218 in
1783 4149 2200 4239 praetorium
2251 4147 2337 4217 ad
2374 4145 2893 4236 Lysimachum.

665 4244 701 4329 ἓ
748 4245 895 4315 81.
952 4241 1116 4310 Dein
1166 4240 1458 4309 Brienna
1506 4251 1659 4328 post
1710 4238 1964 4308 multas
2014 4239 2218 4309 horas
2265 4236 2583 4315 surrexit,
2636 4247 2701 4305 et
2749 4233 3127 4302 Febroniae

576 4352 830 4420 corpus
862 4328 1199 4420 amplexa,
1246 4328 1557 4397 clamans
1596 4327 1901 4396 dicebat:
1938 4332 2131 4397 «Heu
2158 4324 2303 4395 fllia
2335 4346 2489 4395 mea
2524 4322 2878 4403 Febronia,
2918 4320 3127 4391 hodie

576 4439 655 4487 ex
687 4418 909 4489 oculis
943 4417 1184 4488 matris
1234 4430 1390 4487 tuae
1418 4416 1754 4485 Briennae
1801 4414 2030 4485 ablata
2076 4437 2171 4489 es.
2239 4413 2575 4497 Quisnam
2623 4412 2857 4483 literas
2885 4409 3124 4480 divino
