3357 4995
660 313 786 379 364
1121 380 1126 387 ,
1235 331 1311 377 nr.
1362 330 1452 376 ss.
1508 327 1765 385 omnmo
1814 331 1889 377 m
1938 330 2196 376 summ
2247 329 2436 376 MART.
2768 311 2991 376 JUNII
3041 313 3132 376 ⁴6

655 419 692 504 ξ
738 420 819 485 2.
875 414 1268 504 Dirigamus
1313 435 1475 503 ergo
1515 435 1633 482 cor
1681 426 1993 483 nostrum
2028 413 2114 482 ad
2155 436 2341 494 eum,
2374 413 2497 501 qui
2549 424 2651 483 est
2700 425 2952 485 rectus.
2994 418 3130 483 Bo-

537 526 730 574 ›nam
762 502 1137 573 reddamus
1167 514 1465 572 mentem
1521 503 1588 570 in
1620 523 1807 583 eum,
1845 503 1970 589 qui
2008 515 2111 572 est
2138 502 2388 574 bonus.
2435 506 2724 572 Omnem
2759 502 3125 589 obliquam

567 605 632 661 et
680 613 1069 682 perversam
1118 591 1626 681 cogitationem,
1678 613 1885 661 omne
1933 592 2172 661 vitium
2232 615 2271 660 a
2323 591 2578 661 nostris
2625 592 2881 661 animis
2928 591 3133 661 aufe-

567 702 807 752 ramus
854 681 920 751 e't
966 680 1405 769 abjiciamus:
1441 694 1516 750 ut
1551 694 1835 750 sanctus
1873 682 1984 749 Dei
2018 681 2329 770 spirituS,
2366 681 2485 768 qui
2534 692 2636 750 est
2684 681 2913 751 bonus
2939 735 2954 758 ‚
3018 703 3134 749 re-

568 782 723 840 ctus
769 783 834 840 et
883 768 1314 859 principalis,
1356 770 1426 836 in
1475 770 1656 839 bono
1705 782 1936 839 nostro
1988 769 2357 859 principali
2404 784 2469 838 et
2502 781 2709 849 recto,
2764 783 3130 855 tamquam

569 858 796 929 simile
846 857 1060 927 simili
1108 857 1508 938 collocatus,
1543 871 1609 926 et
1656 870 2046 936 renovatus,
2086 880 2248 928 eum
2286 881 2410 928 sua
2443 858 2801 928 sanctitate
2848 871 2914 926 et
2944 857 3132 927 divi.-

569 949 781 1018 nitate
821 969 892 1017 re
948 947 1100 1016 leat.
1159 951 1234 1015 Et
1282 946 1438 1015 licet
1487 947 1710 1016 simus
1759 951 2019 1016 statura
2066 948 2376 1036 corporis
2426 947 2799 1024 imbecilla,
2855 968 2974 1015 cor
3025 969 3133 1016 re-

569 1051 758 1106 ctum
796 1050 860 1106 et
957 1056 1167 1105 onum
1225 1035 1496 1123 adepti,
1551 1035 2012 1105 nihilominus
2068 1037 2467 1127 operabitur
2534 1037 2598 1103 in
2655 1036 2855 1104 nobis
2907 1036 3133 1104 virtus

571 1126 890 1216 Spiritus:
946 1137 1023 1193 ut
1053 1145 1178 1193 nos
1225 1124 1508 1210 quidem
1561 1124 1626 1192 in
1684 1125 1832 1214 ipso
1885 1125 2218 1194 beneficio
2268 1124 2697 1204 afficiamur,
2752 1125 2919 1192 dum
2974 1146 3132 1213 per-

568 1214 850 1284 ficimur
882 1227 947 1283 et
993 1212 1209 1282 divini
1260 1212 1640 1283 reddimur:
1682 1213 2106 1302 glorificetur
2139 1227 2368 1283 autem
2420 1225 2484 1282 et
2524 1212 2886 1282 extollatur
2938 1213 3134 1282 Chri-

571 1318 722 1374 stus
777 1303 842 1370 in
896 1302 1118 1371 nobis.

659 1395 695 1479 ἓ
741 1395 832 1463 3.
891 1391 999 1460 Sic
1037 1389 1236 1460 multi
1287 1411 1569 1480 corpore
1616 1389 1913 1460 infantes
1952 1404 2018 1459 et
2063 1391 2470 1481 imperfecti,
2528 1391 2819 1459 maxima
2876 1390 3130 1459 virtute

573 1481 973 1549 restiterunt
1021 1479 1279 1568 impiiS‚
1314 1491 1380 1547 et
1435 1500 1593 1547 cum
1644 1501 1760 1548 eos
1809 1480 2057 1549 mentis
2110 1481 2517 1549 rectitudine
2565 1480 2965 1549 evertissent
3004 1501 3133 1568 per

573 1569 821 1637 Christi
857 1568 1255 1656 potentiam,
1310 1567 1506 1658 digni
1536 1582 1702 1637 sunt
1747 1568 1987 1648 habiti,
2033 1570 2156 1655 qui
2209 1569 2704 1658 perfectissimo
2757 1569 3129 1658 praeconio

573 1657 1149 1727 renunciarentur
1196 1657 1504 1726 victores.
1553 1657 1661 1725 Sic
1700 1658 1908 1727 etiam
1950 1659 2275 1727 mulieres
2322 1659 2555 1726 anima
2608 1669 2829 1727 rectae
2883 1670 2947 1725 et
2994 1656 3147 1725 ho-‘

573 1759 826 1827 nestae‚
879 1767 1039 1815 cum
1083 1767 1333 1814 manus
1381 1746 1894 1816 conseruissent
1941 1769 2099 1815 cum
2153 1746 2373 1816 saevis
2423 1747 2786 1835 TyranniS,
2840 1759 2905 1815 et
2949 1767 3131 1831 quo-

571 1857 735 1904 rum
786 1833 1058 1904 tolerari
1110 1855 1242 1902 non
1300 1848 1559 1924 poterat
1592 1835 1916 1922 potentia,
1950 1835 2280 1907 adversus
2329 1858 2445 1906 eos
2480 1834 3120 1925 praeclarissimum

572 1924 645 1992 in
677 1924 942 1993 Christo
988 1944 1259 1992 erexere
1307 1923 1738 2013 trophaeum.
1796 1925 1903 1993 Sic
1950 1925 2273 2007 Quiricus
2321 1926 2538 1996 scitus
2585 1929 2737 2005 Deo,
2794 1945 3129 2010 sacerque

573 2024 639 2081 et
690 2012 1203 2103 pulcherrimus
1251 2034 1462 2112 puer:
1519 2013 1618 2081 sic
1663 2012 1913 2082 Julitta
1960 2034 2256 2099 quoque,
2315 2034 2493 2101 quae
2546 2013 2778 2103 ipsum
2837 2011 3131 2102 pulchre

568 2102 884 2202 concepit
920 2113 986 2169 et
1035 2115 1318 2191 peperit,
1389 2115 1455 2170 et
1502 2100 1888 2181 ablactavit,
1927 2124 2088 2171 cum
2139 2103 2366 2172 statim
2420 2102 2678 2189 donum
2730 2122 2941 2188 quam
2968 2101 3124 2191 pul-

573 2189 999 2259 cherrimum
1049 2203 1114 2257 et
1182 2189 1656 2279 gratissimum
1712 2196 1843 2259 Deo
1890 2190 2309 2270 dedicasset,
2369 2190 2484 2260 ille
2530 2189 2812 2277 quidem
2878 2190 2947 2257 in
3000 2190 3125 2258 ad-

574 2279 861 2348 modum
913 2277 1161 2347 bumili
1212 2291 1276 2348 et
1326 2278 1624 2347 infantili
1673 2301 1980 2369 corpore,
2028 2280 2194 2348 haec
2243 2293 2470 2350 autem
2521 2279 2586 2346 in
2633 2278 3012 2347 foeminina
3063 2292 3127 2347 ct

573 2366 924 2436 imbecilla
975 2378 1242 2448 natura,
1295 2389 1454 2436 cum
1490 2367 1803 2457 principe
1844 2368 2279 2438 tenebrarum
2334 2369 2539 2456 hujus
2589 2368 2830 2446 seculi,
2866 2378 3121 2437 etcum

570 2457 723 2545 eius
755 2454 999 2525 validis
1048 2457 1402 2548 congressi
1456 2455 1981 2538 defensoribuS,
2040 2479 2158 2547 per
2207 2457 2456 2529 mentis
2520 2457 2999 2526 rectitudinem
3064 2470 3129 2525 et

572 2546 734 2615 fidei
766 2551 1207 2645 superarunt,
1246 2558 1312 2615 et
1360 2545 1635 2615 tandem
1662 2558 2070 2627 everterunt,
2116 2560 2180 2615 et
2216 2558 2728 2636 prostraverunt
2765 2568 2972 2616 suum
3005 2546 3127 2614 ad-

577 2656 981 2704 versarium.

659 2726 696 2810 §
743 2728 830 2795 4.
888 2722 1014 2792 Sed
1066 2722 1396 2808 quoniam
1447 2722 1710 2804 Quirici
1763 2735 1827 2792 et
1873 2724 2154 2793 Julittae
2204 2724 2695 2802 meminimuS,
2752 2723 3126 2814 pulchrum

573 2811 781 2881 fuerit
828 2813 915 2881 ab
951 2810 1147 2880 initio
1179 2833 1417 2880 eorum
1455 2812 1741 2901 repetita
1791 2812 2099 2892 historia,
2154 2812 2469 2882 divinum
2521 2835 2854 2893 amorem,
2893 2824 2958 2881 et
3005 2835 3129 2903 pro

574 2900 842 2970 Christo
891 2899 1300 2989 martyrium
1333 2913 1398 2968 et
1441 2900 1927 2988 perfectionem
1979 2900 2260 2971 illorum
2312 2901 2595 2971 laudare
2648 2924 2769 2992 pro
2811 2901 3122 2971 viribus:

572 3001 639 3058 et
686 3011 809 3089 per
835 3011 914 3057 ea
947 2988 1262 3079 gloriam,
1306 2989 1633 3057 honorem
1666 3002 1732 3058 et
1763 2988 2040 3059 laudem
2074 2992 2133 3059 ei
2165 2990 2578 3071 sacrificare,
2615 2991 2737 3077 qui
2778 2991 2847 3059 in
2879 2990 3128 3058 horum

572 3078 735 3146 vicit
765 3076 1254 3146 imbecillitate:
1308 3092 1678 3157 eteorum,
1717 3079 1834 3165 qui
1893 3091 2060 3147 sunt
2108 3092 2494 3168 martyrum
2563 3092 2926 3159 amatoreS,
2979 3079 3131 3146 ani-

576 3188 726 3236 mos
778 3187 1093 3255 pascere,
1159 3177 1224 3234 et
1271 3166 1356 3233 ad
1409 3165 1752 3237 Christum
1816 3166 2344 3247 aedificare.,Hi
2422 3168 2601 3237 horti
2647 3167 2928 3266 quidem
2980 3187 3132 3235 esse

574 3254 908 3324 dicuntur
953 3276 1035 3323 ex
1087 3254 1463 3343 Lycaonia,
1523 3255 1793 3324 civitate
1833 3270 2060 3325 autem
2134 3256 2418 3335 Iconio,
2472 3278 2720 3346 genere
2781 3277 2937 3324 vero
2991 3277 3129 3323 non

579 3343 884 3423 obscuri,
931 3365 1056 3413 nec
1106 3342 1353 3434 plebei,
1394 3365 1517 3413 nec
1549 3343 1911 3434 ignobiles:
1953 3344 2069 3413 sed
2115 3344 2380 3417 nobiles
2415 3357 2480 3415 et
2530 3345 2766 3435 magni
2798 3343 3126 3413 nominis:

575 3432 634 3502 si
680 3432 840 3520 quis
890 3431 1046 3509 velit
1096 3453 1335 3502 vocare
1365 3431 1821 3514 nobilitatem,
1876 3445 2103 3504 ortum
2154 3456 2306 3504 esse
2365 3456 2447 3503 ex
2502 3434 2844 3524 sanguine
2910 3433 3124 3522 regio,

577 3533 698 3591 aut
745 3542 966 3610 genus
1015 3519 1265 3591 referre
1290 3520 1376 3590 ad
1428 3526 1696 3611 Reges:
1754 3544 1932 3609 quae
1979 3523 2258 3610 quidem
2316 3523 2435 3610 qui
2488 3545 2699 3613 parva
2746 3522 3127 3601 intuentur,

567 3608 886 3699 judicant
934 3623 1265 3697 tanquam
1321 3610 1659 3679 maxima:
1723 3612 1908 3680 sicut
1935 3612 2139 3681 etiam
2203 3623 2508 3681 terrenas
2560 3611 2943 3689 facultates,
2981 3609 3133 3678 feli-

576 3701 847 3768 citatem
882 3698 1412 3768 nominaverunt
1439 3713 1505 3767 et
1550 3699 1826 3768 divitias
1857 3722 1870 3765 :
1913 3699 2366 3780 verissimam,
2397 3722 2575 3787 quae
2605 3714 2707 3769 est
2739 3722 2820 3769 ex
2845 3700 3123 3777 virtute,

578 3787 1029 3867 nobilitatem,
1071 3801 1138 3857 et
1185 3808 1377 3856 veras
1424 3786 1739 3867 divitias,
1792 3810 1933 3866 eas,
1978 3808 2155 3874 quae
2214 3803 2375 3857 sunt
2422 3811 2501 3858 ex
2562 3789 2765 3858 donis
2813 3789 3129 3875 spiritus,
3200 3800 3203 3803 ’

577 3874 860 3947 fortasse
911 3878 1326 3966 ignorantes,
1379 3888 1444 3945 et
1503 3876 1709 3946 rebus
1766 3877 2144 3947 fluentibus
2210 3890 2536 3965 tanquam
2592 3877 2964 3948 stabilibus
3015 3877 3136 3945 ad-

579 3964 962 4035 haerentes:

665 4056 702 4142 ἓ
748 4059 835 4125 ὅ.
892 4053 1020 4123 Sed
1071 4053 1141 4122 hi
1185 4053 1251 4122 in
1306 4063 1486 4122 terra
1532 4053 1817 4139 quidem
1873 4054 2079 4135 clari,
2132 4067 2210 4124 ut
2256 4054 2520 4124 dictum
2580 4068 2728 4134 est,
2782 4053 2969 4145 apud
3024 4078 3138 4123 su-

627 4164 779 4212 eros
807 4155 1037 4213 autem
1089 4142 1292 4233 longe
1317 4141 1669 4224 clarioreS,
1714 4155 1790 4212 ut
1835 4144 1956 4231 qui
1989 4142 2164 4213 vitae
2203 4164 2407 4214 suum
2454 4143 2843 4214 institutum
2880 4144 2950 4216 in
2979 4164 3134 4213 coe-

578 4165 666 4301 fis
714 4247 1142 4322 reponerent,
1197 4230 1319 4301 ubi
1359 4230 1564 4301 etiam
1615 4253 1856 4301 eorum
1916 4232 2196 4302 nomina
2252 4254 2371 4322 per
2406 4254 2727 4322 magnam
2787 4231 2899 4300 Dei
2935 4253 3136 4321 prae·

581 4320 944 4391 scientiam
995 4320 1230 4390 omnia
1288 4320 2031 4409 comprehendentem,
2086 4335 2151 4390 et
2218 4320 2678 4407 justissimam
2759 4320 3131 4411 dignorum

579 4409 1300 4501 praedestinationem,
1335 4429 1487 4478 vere
1514 4408 1733 4498 digito
1770 4410 1883 4479 Dei
1908 4408 2102 4499 prius
2128 4411 2385 4500 scripta
2409 4423 2593 4491 sunt.
2628 4415 3135 4496 consequenter
