3357 4995
238 341 423 410 mxu
464 341 505 405 4
907 353 986 401 nr:
1033 353 1090 401 S.
1142 349 1407 410 omme
1454 350 1654 401 muse.
1706 353 1785 401 131·
1832 353 2022 401 mar.
2529 339 2655 405 403

245 438 612 509 sententiam
647 432 975 525 excipias.
1029 439 1203 524 Ergo
1252 433 1338 503 ab
1380 432 1673 504 stultitia
1721 444 1841 503 tua
1888 454 2223 514 reversus,
2278 437 2662 523 acquiesce.
2707 463 2743 504 »

243 528 537 612 Quirinus
567 524 948 615 Episcopus
973 522 1359 613 respondit:
1399 526 1607 591 «Vere
1641 521 1846 592 modo
1876 522 2258 593 sacerdotio
2288 522 2561 614 fungor:
2595 549 2749 596 vere

240 615 412 686 modo
459 612 778 686 sacerdos
833 611 1112 681 effectus
1162 631 1343 690 sum,
1411 610 1471 679 si
1520 609 1866 700 meipsum
1932 615 2065 680 Deo
2113 633 2270 681 vero
2320 614 2745 685 sacrificium

238 705 540 775 obtulero.
591 708 670 771 Et
716 701 867 781 hoc,
919 698 1105 786 quod
1150 717 1407 789 corpus
1456 719 1688 768 meum
1725 720 2003 769 caesum
2055 715 2178 780 est,
2233 700 2556 784 delector,
2595 704 2749 774 nul-

235 793 357 863 lum
420 792 725 862 sentiens
772 788 1103 859 dolorem.
1158 787 1455 875 Ideoque
1501 787 1711 858 offero
1762 808 1871 857 me
1920 788 2303 878 majoribus
2353 812 2434 862 su
2491 791 2745 881 pliciis,

228 896 290 951 ut
333 904 437 952 me
481 879 741 968 quibus
775 877 1208 967 praepositus
1248 875 1347 946 sui
1385 876 1455 947 in
1507 875 1636 946 hac
1674 875 1835 957 vita,
1876 890 2256 966 sequantur
2295 878 2382 948 ad
2414 813 2604 949 illam
2641 902 2751 950 ae-

227 982 467 1041 ternam
517 969 766 1038 vitam:
819 967 903 1036 ad
953 987 1163 1053 quam
1190 987 1338 1122 (per
1382 963 1788 1055 hujusmodi
1837 965 1962 1035 iter
2019 965 2217 1036 facile
2257 969 2678 1058 pervenitur.
2712 994 2748 1036 »

299 1067 334 1141 ἓ
377 1064 463 1132 4.
502 1056 843 1127 Maximus
873 1060 1152 1125 Praeses
1241 1054 1400 1124 ixit:
1434 1053 1853 1123 «Claudatur
1891 1054 1958 1123 in
1989 1076 2285 1136 carcere,
2330 1068 2395 1126 et
2428 1071 2750 1148 gravetur

218 1149 482 1228 catenis,
514 1146 731 1215 donec
759 1156 1123 1234 superatus
1144 1143 1555 1213 efficiatur.»
1591 1142 1925 1226 Quirinus
1954 1145 2335 1235 Episcopus
2369 1147 2745 1237 respondit:

224 1261 248 1300 e
287 1242 418 1306 Non
454 1243 831 1325 expavesco
878 1254 1248 1313 carcerem,
1294 1231 1581 1302 credens
1620 1237 1845 1302 Deum
1897 1254 2128 1303 meum
2174 1254 2445 1304 mecum
2495 1256 2647 1305 esse
2677 1236 2748 1304 in

218 1347 492 1406 carcere,
546 1323 667 1412 qui
715 1343 987 1412 semper
1033 1334 1136 1392 est
1182 1344 1345 1391 cum
1394 1321 1541 1391 suis
1586 1320 1998 1390 cultoribus.
2041 1345 2076 1388 »
2136 1327 2444 1410 Cumque
2494 1323 2748 1413 ligatus

221 1413 461 1492 suisset,
502 1410 994 1483 recluditurin
1042 1431 1389 1480 carcerem
1430 1410 1765 1492 Quirinus
1798 1409 2202 1500 Episcopus,
2256 1424 2321 1480 et
2357 1412 2639 1484 mittens
2679 1435 2753 1482 se

218 1504 275 1572 in
300 1505 696 1582 orationem,
736 1500 929 1569 dixit:
966 1498 1275 1569 «Gratias
1317 1498 1440 1569 tibi
1482 1499 1790 1579 Domine,
1829 1499 1993 1586 quia
2026 1512 2389 1591 propterte
2419 1501 2547 1570 hae
2576 1501 2750 1570 mihi

214 1591 425 1662 illatae
473 1602 639 1663 sunt
684 1588 1186 1659 contumeliae:
1240 1599 1305 1657 et
1353 1608 1541 1678 rog0,
1613 1599 1691 1657 ut
1752 1588 1874 1674 qui
1936 1589 2007 1656 in
2059 1589 2187 1658 hoc
2252 1611 2525 1660 carcere
2574 1589 2749 1659 deti-

217 1695 473 1760 nentur,
528 1678 827 1748 sentiant
854 1699 963 1747 me
991 1676 1325 1747 cultorem
1375 1677 1512 1746 veri
1563 1676 1681 1745 Dei
1728 1698 1901 1758 esse,
1953 1687 2019 1746 et
2065 1677 2372 1759 credant,
2417 1678 2744 1765 quianon

214 1781 301 1841 est
347 1769 527 1838 alius
558 1773 760 1847 Deus,
794 1766 930 1837 nisi
960 1778 1106 1836 tu.»
1141 1764 1362 1835 Media
1387 1777 1616 1834 autem
1646 1779 1865 1848 nocte,
1893 1787 1980 1855 ap
2034 1766 2216 1836 aruit
2246 1766 2575 1856 splendor
2607 1790 2750 1837 ma-

215 1878 380 1947 gnus
428 1859 499 1926 in
550 1877 863 1925 carcere:
917 1877 1120 1942 quem
1172 1875 1334 1924 cum
1401 1853 1684 1924 vidisset
1734 1855 1976 1923 Marcel
2013 1878 2095 1925 ns
2142 1868 2374 1926 custos
2423 1877 2750 1947 persona·

215 1968 380 2027 rum,
434 1945 709 2037 aperuit
754 1965 1125 2026 carcerem,
1177 1954 1242 2012 et
1305 1943 1670 2032 prostravit
1720 1964 1791 2013 se
1839 1943 1925 2011 ad
1977 1943 2184 2033 pedes
2232 1945 2414 2014 beati
2479 1946 2752 2027 Quirini

214 2035 564 2125 Episcopi,
616 2033 858 2102 dicens
915 2054 1078 2103 cum
1122 2030 1490 2120 lacrymis:
1547 2054 1583 2096 «
1616 2035 1750 2101 Ora
1799 2051 1922 2120 pro
1972 2053 2082 2101 me
2138 2034 2434 2102 Dominu
2517 2090 2533 2114 ,
2587 2035 2752 2122 quia

212 2124 402 2193 credo
436 2145 576 2192 non
626 2143 777 2192 esse
822 2119 1039 2192 alium
1076 2126 1317 2199 Deum,
1356 2119 1493 2188 nisi
1540 2140 1750 2207 quem
1785 2133 1859 2188 tu
1893 2119 2136 2190 colis»
2190 2122 2405 2192 Multu
2521 2138 2750 2193 autem

216 2211 515 2283 hortatus
563 2223 666 2281 est
696 2230 855 2279 eum
892 2210 1132 2280 beatus
1166 2209 1571 2298 Episcopus,
1610 2219 1677 2278 et
1710 2209 2143 2299 consignavit
2173 2232 2333 2281 eum
2367 2212 2434 2279 in
2474 2213 2754 2281 nomine

214 2302 469 2371 Domini
520 2299 739 2370 nostri
784 2303 952 2368 Jesu
999 2297 1272 2369 Christi.
1342 2303 1498 2366 Post
1545 2296 1857 2367 triduum
1906 2310 2137 2368 autem
2187 2299 2523 2370 Maximus
2590 2302 2754 2383 Qui-

211 2390 431 2460 rinum
508 2389 927 2480 Episcopum
985 2387 1198 2476 jussit
1244 2385 1329 2455 ad
1389 2385 1784 2455 Amantium
1835 2386 2223 2457 Praesidem
2293 2386 2378 2456 ad
2450 2388 2751 2477 primam

215 2481 635 2550 Pannoniam
682 2474 957 2556 deduci,
1011 2488 1088 2547 ut
1135 2496 1259 2567 pro
1306 2474 1771 2557 contumacia,
1807 2497 2020 2563 quam
2052 2477 2123 2546 in
2160 2475 2344 2568 leges
2376 2480 2754 2568 Imperato-

216 2588 360 2637 rum
394 2568 827 2647 exhibuerat,
858 2565 1176 2636 ultimam
1227 2564 1638 2634 sententiam
1689 2565 2081 2636 sustineret.

294 2659 330 2745 ἓ
374 2662 462 2729 5.
520 2661 833 2742 Cumque
893 2654 1237 2724 deductus
1296 2652 1541 2724 fuisset
1602 2654 1847 2724 beatus
1911 2654 2244 2736 Quirinus
2300 2654 2386 2722 ad
2455 2655 2753 2744 primam

213 2746 657 2826 Pannoniam,
698 2756 764 2813 et
795 2765 915 2835 per
948 2743 1053 2814 sin
1111 2741 1265 2813 ulas
1311 2741 1618 2813 civitates
1666 2743 1941 2812 vinctus
1971 2741 2234 2812 catenis
2273 2742 2356 2811 ad
2410 2742 2754 2813 Praesidis

215 2835 499 2905 Amantii
562 2832 916 2922 Judicium
983 2845 1085 2902 tra
1137 2843 1366 2902 eretur
1422 2829 1817 2921 (siquidem
1884 2831 1970 2900 ad
2025 2832 2247 2921 ripam
2302 2832 2595 2902 Danubii
2664 2832 2750 2902 ad

216 2921 518 3013 singulas
568 2922 875 2991 civitates
921 2920 1303 2991 ducebatur
1323 2920 1372 3008 ):
1426 2920 1740 2989 Amantio
1787 2920 2028 2990 eodem
2079 2921 2190 2990 die
2247 2933 2623 2991 revertente
2671 2920 2756 2991 de

216 3010 471 3082 civitate
504 3010 1005 3091 Scarabetensi,
1043 3010 1327 3079 offertur
1355 3008 1419 3078 ei
1450 3010 1692 3080 beatus
1725 3008 2058 3091 Quirinus
2088 3009 2507 3099 Episcopus:
2544 3032 2755 3098 quem

216 3101 482 3170 Praeses
532 3099 620 3168 ad
667 3100 911 3169 urbem
964 3098 1442 3168 Sabariensem
1492 3097 1576 3166 ad
1626 3097 2056 3168 audiendum
2092 3099 2362 3168 censuit
2407 3099 2748 3190 repedari.

218 3190 390 3258 Tunc
437 3186 909 3289 ingredientes
955 3186 1039 3257 ad
1112 3192 1176 3258 S.
1230 3186 1595 3265 Quirinum
1646 3186 2061 3277 Episcopum
2113 3187 2538 3258 Christianae
2604 3210 2758 3258 mu-

218 3272 429 3359 liereS,
484 3278 726 3347 cibum
788 3287 1167 3368 potumque
1228 3275 1631 3347 obtulerunt
1692 3275 1778 3345 ei.
1834 3281 2137 3359 Quarum
2211 3275 2420 3346 fidem
2470 3277 2754 3346 intuens

217 3362 447 3437 beatus
478 3366 887 3456 EpiscopuS,
925 3364 1097 3435 dum
1130 3385 1212 3434 ea
1248 3385 1427 3452 quae
1455 3364 1752 3433 offerunt
1780 3364 2149 3446 benedicit,
2186 3377 2467 3435 catenae
2496 3366 2757 3453 quibus

221 3449 457 3543 ligatae
508 3475 761 3524 manus
801 3454 953 3542 ejus
1012 3466 1076 3523 et
1171 3453 1334 3524 edes
1380 3451 1677 3533 fuerant,
1731 3453 2150 3524 ceciderunt.
2207 3458 2497 3544 Accepta
2542 3453 2758 3543 igitur

221 3546 383 3625 esce,
445 3543 781 3632 regressis
844 3475 1283 3624 mulierissuS,
1345 3541 1419 3611 hi
1462 3541 1583 3630 qui
1630 3563 1790 3611 eum
1841 3542 2342 3625 custodiebant,
2399 3543 2755 3613 Sabariam

224 3628 581 3727 duxerunt.
636 3636 1172 3713 Quem'Praeses
1219 3631 1579 3701 Amantius
1611 3651 1736 3722 per
1762 3631 2069 3701 officium
2119 3653 2325 3701 suum
2368 3630 2598 3700 offerri
2624 3630 2757 3701 sibi

213 3720 410 3805 jussit
447 3721 543 3809 in,
572 3719 855 3789 theatro.
894 3720 1212 3802 Quicum
1239 3720 1510 3789 oblatus
1551 3719 1816 3803 fuisset,
1857 3720 2214 3791 Amantius
2253 3726 2531 3790 Praeses
2556 3719 2750 3788 dixit:

221 3811 552 3896 «Requiro
583 3820 669 3890 te,
709 3809 768 3877 si
796 3830 877 3879 ea
909 3808 1184 3896 quaein
1219 3820 1338 3879 tua
1368 3808 1695 3899 superbia
1729 3809 1913 3899 apud
1940 3808 2340 3898 juredicum
2382 3809 2754 3878 Maximum

222 3909 397 3983 gesta
440 3908 918 3968 monstrantur
948 3952 964 3978 ‚
1015 3918 1174 3968 vera
1233 3910 1419 3969 sunt.
1465 3920 1503 3964 »
1553 3897 1888 3979 Quirinus
1937 3898 2319 3988 Episcopus
2359 3896 2749 3987 respondit:

224 3986 463 4080 quud
495 3986 820 4056 Scisciam
854 4007 1092 4056 verum
1120 3991 1336 4057 Deum
1362 3985 1723 4057 consessus
1749 4007 1929 4057 sum.
1967 3992 2207 4076 Ipsum
2235 4007 2510 4075 semper
2540 3985 2749 4066 colui,

222 4091 439 4160 ipsum
500 4073 707 4145 corde
754 4086 995 4145 teneo:
1039 4097 1166 4146 nec
1213 4095 1323 4144 me
1368 4075 1457 4146 ab
1488 4074 1752 4157 eodem,
1806 4076 1928 4162 qui
1975 4097 2162 4145 unus
2211 4079 2390 4145 Deus
2435 4087 2502 4145 et
2547 4095 2757 4144 verus

221 4171 334 4241 est,
356 4162 562 4234 homo
582 4164 829 4255 poterit
855 4184 1242 4255 separare.»
1265 4163 1621 4233 Amantius
1651 4168 1930 4235 Praeses
1963 4164 2157 4233 dixit:
2196 4168 2535 4234 «Aetatem
2565 4175 2756 4233 tuam

223 4245 526 4323 dolemus
546 4253 896 4323 maculare
920 4253 1323 4324 verberibus
1350 4275 1364 4320 :
1397 4264 1624 4322 tamen
1644 4274 1928 4323 sensum
1957 4265 2157 4324 tuum
2175 4260 2498 4354 opmmus
2523 4271 2756 4320 emen-

225 4334 376 4408 dare
408 4342 869 4425 sermonibus,
921 4355 986 4412 et
1036 4342 1344 4433 praemio
1393 4342 1778 4432 promissae
1823 4341 2001 4412 vitae
2046 4362 2414 4432 corrlgere,
2472 4351 2550 4409 ut
2596 4340 2757 4408 reli-

226 4442 430 4511 quum
456 4429 1010 4503 senectutis-tuae
1032 4443 1306 4523 tempus
1326 4430 1522 4521 juxta
1551 4429 1784 4521 legum
1820 4435 1921 4501 Im
1933 4430 2298 4521 perialium
2326 4428 2752 4499 sanctionem
