3357 4995
685 394 811 458 6¹¹2
2783 391 3004 455 JUNII
3064 392 3151 456 26

1752 533 1998 609 VITA

849 777 930 877 S.
1014 776 1363 878 VlGlLIl
1432 776 1739 878 MART.
1824 776 1945 877 ET
2014 773 2321 875 EPISC.
2394 772 2875 875 TRlDENT.

591 1036 669 1081 UT
718 1036 1002 1082 HABETUR
1067 1036 1130 1081 IN
1194 1036 1433 1082 FRONTE
1495 1035 1746 1081 OPERUM
1821 1034 1970 1080 EJUS
2035 1016 2296 1081 CONTRA
2341 1032 2668 1080 EUTYCHEN
2707 1030 2873 1079 ΤΟΠΟ
2908 1031 3151 1088 QUINTO

678 1142 1127 1189 BIBLIOTHECAE
1176 1143 1266 1188 SS.
1322 1141 1593 1197 PATRUM,
1651 1139 2002 1187 MARGARINI
2051 1141 2128 1186 DE
2191 1141 2268 1185 LA
2331 1139 2515 1187 BIGNE
2563 1137 2863 1187 DOCTORIS
2912 1138 3148 1185 THEOL.

681 1250 1091 1297 PARISIENSIS.

1452 1441 1592 1496 Sub
1632 1440 1905 1497 initium
1947 1442 2131 1498 Saee.
2177 1442 2254 1494 V.

682 1642 972 1732 vigilius
1032 1643 1254 1731 patria
1298 1647 1669 1722 RomanuS,
1713 1642 2105 1712 illustribus
2152 1654 2344 1712 ortus
2380 1642 2804 1731 parentibuS,
2862 1643 3153 1713 Athenis

596 1731 916 1801 liberales
973 1745 1152 1799 artes
1186 1787 1200 1808 ‚
1265 1745 1331 1800 et
1408 1754 1638 1801 sacras
1692 1732 1918 1801 literas
1966 1732 2256 1810 didicit,
2310 1732 2635 1818 brevique
2686 1742 2956 1800 tantum
3007 1733 3154 1801 sibi

596 1821 867 1911 pietatis
916 1832 980 1887 et
1013 1820 1419 1890 eruditionis
1446 1821 1848 1890 thesaurum
1902 1844 2022 1911 per
2057 1821 2167 1889 Dei
2220 1820 2512 1910 gratiam
2562 1822 3012 1910 comparavit,
3072 1834 3154 1890 ut

593 1932 817 1978 annos
870 1920 1074 1977 natus
1124 1909 1413 1997 viginti,
1472 1910 1557 1978 ab
1611 1909 2025 1997 Aquilejensi
2092 1911 2451 1998 Episcopo,
2515 1909 2598 1977 ad
2657 1930 2863 1995 quem
2904 1908 3150 1978 divina

592 1998 861 2066 delatus
891 1996 1021 2065 suit
1072 1998 1522 2086 providentia,
1578 2012 1810 2098 pastor
1855 1998 2292 2067 ordinaretur
2333 1998 2919 2077 Tridentinorum,
2982 2000 3151 2084 qui-

599 2088 730 2155 bus
764 2086 939 2154 mira
982 2086 1117 2155 fide
1151 2100 1216 2155 et
1263 2091 1647 2156 constantia
1687 2086 2133 2175 Evangelium
2184 2087 2344 2157 Jesu
2393 2087 2641 2157 Christi
2689 2086 3144 2176 praedicavit,

592 2189 656 2242 et
696 2175 1068 2264 potentiam
1121 2175 1671 2260 beneficiumque
1710 2176 1882 2263 ejus,
1923 2175 2276 2243 miraculis
2317 2175 2386 2243 in
2419 2176 2666 2244 Christi
2703 2175 2986 2244 nomine
3019 2175 3149 2243 de-

593 2265 882 2353 signatis
930 2263 1457 2333 commendavit.
1500 2264 1737 2334 ‚Caenis
1775 2264 1958 2332 enim
1997 2264 2220 2332 visum
2252 2275 2319 2333 et
2347 2263 2579 2332 surdis
2627 2264 2948 2332 auditum
2990 2264 3150 2332 red-

591 2353 787 2433 didit,
831 2367 1180 2422 mutorum
1235 2353 1509 2439 linguas
1549 2352 1770 2431 solvit,
1811 2366 1874 2420 et
1904 2352 2385 2421 daemoniacos
2423 2408 2437 2433 ‚
2491 2364 2555 2421 et
2614 2353 2822 2421 variis
2874 2353 3146 2423 morbis

592 2455 861 2511 vexatos
910 2442 1197 2511 sanavit.
1256 2447 1603 2511 Praeterea
1644 2441 1902 2530 stylum
1954 2441 2020 2509 in
2069 2441 2727 2522 haeresesstrinxit,
2785 2452 2850 2510 et
2897 2442 3143 2511 haere-

592 2533 786 2610 ticos,
836 2545 911 2600 ut
970 2531 1431 2600 sinceritatem
1490 2531 1840 2618 doctrinae
1889 2529 2308 2620 Apostolicae
2359 2531 2555 2620 plene
2631 2541 2990 2611 assereret,
3081 2544 3146 2599 et

594 2634 958 2710 purgatam
1013 2621 1354 2688 Ecclesiae
1408 2620 1671 2688 Christo
1736 2619 2187 2688 contraderet.
2239 2625 2484 2688 Extant
2545 2619 2749 2688 hodie
2823 2620 3144 2706 quinque

592 2710 747 2796 ejus
796 2709 955 2777 libri
1006 2722 1238 2778 contra
1282 2708 1672 2797 Eutychen:
1730 2730 1863 2776 non
1899 2720 2146 2788 extant,
2201 2729 2494 2793 quorum
2552 2709 2619 2775 in
2669 2708 2913 2794 quinto
2963 2709 3146 2777 libro

593 2798 931 2866 meminit.
1005 2799 1108 2866 Ait
1155 2798 1338 2866 enim
1392 2819 1464 2865 se
1513 2797 1726 2866 libros
1754 2796 2014 2883 aliquot
2042 2797 2515 2887 composuisse
2549 2796 2634 2864 de
2675 2796 3147 2866 conciliorum

594 2886 909 2963 ‹l‹.›creti5,
952 2901 1015 2954 et
1066 2887 1429 2954 nominum
1472 2885 1790 2976 religiosa
1836 2887 2151 2963 novitate,
2213 2898 2452 2954 contra
2508 2885 2909 2966 Sabellium,
2968 2886 3150 2955 Foti-

597 2997 792 3054 num‚
848 2988 911 3042 et
943 2979 1239 3044 Arrium.
1288 2980 1491 3043 Porro
1546 2997 1706 3043 curn
1739 2975 2012 3043 divinae
2062 2974 2348 3044 bonitati
2387 2974 2532 3064 jam
2571 2974 2800 3044 visum
2848 2987 3030 3045 esset
3060 2975 3148 3042 fl-

594 3063 813 3132 delem
868 3086 1141 3132 servum
1196 3064 1262 3131 in
1297 3063 1630 3153 gaudium
1664 3064 1932 3131 Domini
1965 3063 2073 3133 sui
2117 3063 2573 3144 introducere,
2612 3062 2872 3153 placuit
2901 3064 3147 3153 ipsum

594 3152 792 3240 prius
840 3153 1151 3240 martyrii
1198 3174 1473 3239 quoque
1520 3155 1773 3221 corona
1820 3152 2164 3221 decorare.
2235 3150 2833 3233 Quemadmodum
2908 3151 3148 3241 itaque

589 3241 904 3309 haereses
952 3252 1343 3310 constanter
1396 3242 1864 3330 impugnarat,
1935 3242 2028 3309 ita
2075 3238 2535 3310 idololatriam
2587 3239 2918 3309 nefariam
2981 3239 3147 3310 fun-

589 3329 776 3398 ditus
850 3330 1253 3419 extirpatam
1319 3329 1662 3420 cupiebat.
1739 3330 2088 3399 Prostabat
2157 3340 2388 3398 autem
2437 3329 2508 3397 in
2560 3328 2735 3398 valle
2782 3328 2902 3398 illa
2958 3350 3146 3417 quae

590 3420 847 3486 flumen
907 3419 1231 3487 Sarcham
1292 3417 1540 3498 fundit,
1597 3419 1872 3488 Saturni
1930 3439 2204 3488 aereum
2257 3417 2741 3499 simulacrum,
2787 3416 2975 3506 quod
3036 3419 3148 3486 in-

590 3507 778 3575 colae
827 3507 1146 3577 homines
1180 3507 1399 3575 feriet
1444 3518 1769 3597 agresteS,
1825 3528 2077 3598 magna
2108 3505 2443 3596 religione
2489 3506 3018 3577 venerabantur.
3061 3511 3142 3575 In

587 3594 767 3665 hanc
815 3596 1045 3682 itaque
1086 3594 1349 3664 ferendi
1393 3595 1780 3685 Evangelici
1830 3595 2118 3666 seminis
2165 3595 2391 3686 gratia
2436 3595 2784 3685 profectus
2837 3595 2915 3663 Vi
2968 3594 3143 3666 ilius

588 3685 1017 3765 Raudenam,
1058 3684 1389 3755 fratribus
1483 3683 1787 3754 ermanis
1835 3683 2212 3754 Claudiano
2275 3695 2341 3754 et
2400 3684 2780 3773 Majorano,
2839 3683 2942 3754 Ju
2973 3684 3140 3753 iano

588 3774 751 3842 item
786 3773 1186 3873 presbytero
1217 3774 1449 3842 comiti
1505 3796 1613 3854 us,
1646 3773 1977 3863 pervenit,
2018 3795 2097 3843 ac
2128 3772 2446 3863 protinus
2487 3772 2559 3842 in
2594 3774 2829 3864 ipsum
2864 3771 3137 3842 idolum

586 3862 852 3931 incidit.
900 3862 1050 3931 Zelo
1099 3863 1327 3949 itaque
1378 3862 1494 3932 Dei
1520 3874 1952 3939 exaestuans,
2005 3862 2256 3951 spiritu
2309 3861 2531 3932 laetus
2578 3884 2658 3932 ac
2706 3861 2958 3944 alacer,
3016 3865 3141 3931 Sa-

588 3963 869 4020 turnum
921 3950 1363 4040 aggreditur,
1416 3974 1497 4020 ac
1553 3971 1888 4041 spurcum
1936 3950 2202 4022 idolum
2269 3949 2529 4040 dejicit,
2583 3950 2884 4042 frangit,
2945 3962 3017 4020 et
3068 3951 3136 4018 in

588 4040 1185 4129 praeterfluentem
1238 4039 1552 4129 conJ'icit,
1606 4051 1685 4109 ut
1732 4039 2178 4131 turpissimae
2238 4040 2337 4110 rei
2401 4039 2503 4109 vel
2553 4038 2893 4110 memoria
2939 4038 3138 4130 apud

589 4141 894 4218 posteros
936 4128 1263 4208 interiret,
1302 4128 1516 4199 sollus
1562 4139 1791 4198 autem
1845 4128 2115 4198 Domini
2171 4150 2421 4199 nomen
2473 4127 3029 4198 sanctificaretur
3072 4137 3138 4196 et

586 4229 927 4308 regnaret.
972 4222 1118 4286 Mox
1165 4237 1321 4285 vero
1371 4217 1438 4284 in
1502 4216 1727 4286 basim
1778 4238 1903 4285 seu
1954 4216 2257 4288 fulcrum
2306 4217 2549 4307 dejecti
2597 4215 2768 4287 idoli
2817 4215 3138 4288 residens

586 4308 692 4375 vir
743 4307 880 4385 Dei,
930 4306 1211 4375 verbum
1249 4305 1518 4374 Domini
1575 4305 1737 4388 illis,
1790 4307 1912 4393 qui
1958 4306 2111 4397 ejus
2158 4305 2484 4378 facinoris
2516 4316 2935 4396 spectatores
2984 4302 3137 4374 fue·

588 4408 765 4476 rant,
822 4394 1220 4486 praedicare
1272 4395 1516 4483 coepit,
1574 4395 1952 4466 testificans
2009 4394 2302 4465 salutern
2349 4414 2581 4464 veram
2644 4415 2783 4464 non
2841 4391 3135 4464 aliunde

589 4482 689 4552 vel
740 4483 1151 4575 sperandam
1203 4482 1303 4552 vel
1356 4482 1716 4574 petendam
1776 4505 1962 4564 esse,
2015 4504 2224 4572 quam
2269 4503 2310 4553 a
2353 4487 2519 4554 Jesu
2559 4482 2847 4566 Christe,
2902 4482 3022 4551 Dei
3060 4493 3133 4552 et
