3357 4995
637 274 763 340 6⁴4
1330 291 1411 339 na
1461 290 1518 340 s.
1572 290 1895 341 sAursoun
1942 288 2316 340 nmonocao
2743 272 2784 337 J
2789 270 2966 338 UNII
3012 270 3100 337 27

549 376 805 448 amoris
834 375 1338 467 magnitudine,
1394 399 1555 446 cum
1604 398 1858 468 corpus
1906 376 2088 446 beati
2125 374 2288 446 Zoili
2334 374 2758 447 demulceret
2807 373 3093 458 osculis,

552 478 757 553 atque
788 464 1155 556 indignum
1190 487 1264 535 se
1291 464 1654 555 judicans,
1700 477 1778 537 ut
1826 466 2151 536 manibus
2200 464 2348 536 suis
2385 465 2559 535 tanti
2610 465 2743 534 viri
2792 474 3104 555 tangeret

552 555 905 642 reliquias,
958 554 1210 637 subito,
1265 553 1647 624 osculando
1696 554 2032 638 crebrius,
2076 554 2300 625 caruit
2347 553 2733 645 primorum
2785 552 3103 624 dentium

554 643 921 734 adjutorio.
977 649 1159 726 Quos
1207 643 1294 713 ad
1362 644 1502 715 oris
1548 642 1817 726 offici0,
1871 654 1949 714 ut
2021 643 2326 714 minutos
2373 664 2526 715 esse
2581 640 2961 733 conspexit,
3028 641 3103 710 in

555 733 1003 833 sarcophagO,
1059 732 1183 803 ubi
1228 732 1359 801 viri
1406 754 1661 823 corpus
1711 733 2076 802 humatum
2126 732 2387 813 fuerat,
2462 731 2771 822 projecit.
2825 736 3106 801 Peracto

553 822 968 892 inventionis
1002 821 1353 909 obsequi0,
1407 821 1722 908 sequenti
1771 834 1967 892 nocte
2064 842 2138 891 er
2187 821 2414 892 visum
2465 824 2531 890 S.
2585 819 2814 891 Zoilus
2856 820 2951 891 ita
2999 818 3106 888 af-

551 910 732 981 fatus
768 922 870 980 est
915 911 1011 980 ei:
1052 915 1184 981 Cur
1223 932 1332 979 me
1381 911 1658 1001 saepius
1709 911 1996 981 osculan
2050 932 2090 979 o
2148 910 2572 983 verberasti?
2611 909 2762 997 jam
2814 928 2941 1000 pro
3000 908 3106 978 eis

548 1021 724 1087 quae
771 1022 810 1069 a
841 1021 951 1069 me
1000 1020 1411 1090 poposceras
1461 999 1890 1070 intercedens
1928 1021 1969 1069 a
2020 998 2304 1068 Domino
2335 1004 2506 1069 Jesu
2555 999 2825 1069 Christo
2874 998 3103 1088 impe-

548 1087 762 1171 trasti,
814 1099 879 1159 et
928 1110 1113 1158 nunc
1162 1098 1388 1160 certus
1426 1099 1591 1171 esto,
1626 1089 1792 1176 quia
1838 1088 2130 1159 dimissa
2176 1088 2299 1157 tibi
2341 1099 2507 1159 sunt
2537 1100 2842 1178 peccata.

1130 1331 1215 1431 S.
1285 1329 1778 1432 SAMSONlS
1846 1330 2499 1433 PRESBYTERI

705 1571 1124 1637 HOSPITUM
1175 1572 1677 1639 EXCEPTORIS
1730 1573 1909 1639 SIVE
1957 1572 2428 1639 XENODOCHI
2476 1571 2940 1640 NUNCUPATI

1693 1785 1941 1862 VITA

1334 2038 1619 2086 AUCTORE
1667 2040 1798 2086 snt.
1866 2038 2316 2087 METAPHRASTE

1018 2235 1288 2293 Floruit
1331 2237 1514 2292 saec.
1560 2237 1640 2291 V.
1684 2231 1912 2292 Patri&
1952 2233 2608 2304 commntinopout.

634 2421 671 2506 ἓ
716 2424 794 2491 1.
848 2418 973 2487 Hie
1003 2440 1324 2510 magnus,
1362 2430 1427 2488 et
1451 2419 1655 2508 cujus
1689 2440 1966 2487 omnem
2009 2419 2243 2487 orbem
2278 2429 2497 2487 terrae
2546 2416 2843 2508 pervasit
2877 2417 3095 2502 fama,

558 2513 841 2578 Samson
871 2530 1093 2599 genus
1123 2507 1402 2595 quidem
1438 2508 1632 2578 duxit
1657 2531 1736 2578 ex
1764 2508 1883 2577 illa
1921 2506 2172 2578 celebri
2195 2519 2260 2576 et
2297 2505 2555 2607 inclyta
2591 2505 2825 2596 (nova)
2853 2512 3098 2578 Roma.

548 2602 751 2667 Ortus
798 2609 899 2667 est
946 2609 1175 2666 autem
1223 2619 1304 2667 ex
1352 2619 1489 2667 non
1539 2597 1967 2689 ignobilibus
2029 2618 2152 2665 nec
2200 2595 2607 2686 vulgaribus
2657 2596 3092 2686 parentibus,

551 2685 669 2755 sed
711 2686 915 2756 etiam
948 2685 1145 2754 valde
1176 2685 1483 2756 honestis
1515 2699 1580 2756 et
1627 2685 1875 2755 claris:
1915 2695 2211 2773 quorum
2245 2706 2536 2775 magnae
2582 2683 2865 2772 quidem
2902 2697 3106 2755 erant

548 2798 752 2865 opes:
806 2775 1284 2865 gloriabantur
1331 2787 1557 2844 autem
1593 2796 1666 2845 se
1714 2796 1936 2865 genus
1982 2774 2232 2843 ducere
2284 2795 2364 2842 ex
2404 2775 2745 2863 sanguine
2786 2778 3106 2865 Impera-

553 2864 743 2933 toris.
785 2864 912 2932 Sed
963 2885 1122 2933 cum
1177 2863 1300 2932 viri
1352 2863 1563 2954 hujus
1613 2863 1898 2933 maximi
1949 2885 2055 2933 res
2102 2874 2416 2932 externae
2465 2863 2558 2932 ita
2619 2884 2688 2933 se
2737 2862 3101 2946 haberent,

554 2974 776 3039 neque
825 2975 933 3022 res
979 2974 1253 3040 quoque
1287 2974 1450 3022 suas
1498 2952 1845 3023 habebant
1892 2952 2342 3051 contemptui.
2397 2951 2798 3034 Quomodo?
2826 2957 2993 3021 Nam
3036 2965 3109 3022 et

551 3041 827 3110 virtutis
878 3062 1199 3132 magnam
1272 3063 1510 3110 curam
1565 3043 1881 3132 gerebat,
1934 3054 1998 3110 et
2043 3039 2316 3109 divinae
2366 3040 2498 3111 scri
2555 3050 2748 3110 turae
2818 3040 3105 3110 lectioni

547 3141 692 3198 erat
737 3130 1079 3199 intentus:
1133 3141 1198 3199 et
1233 3142 1558 3217 tanquam
1599 3129 2122 3221 jucundissimo
2146 3129 2301 3199 cibo
2347 3129 2411 3198 ei
2441 3128 2511 3198 di
2545 3130 2807 3219 igenter
2838 3128 3106 3199 adhae-

549 3218 778 3288 rebat:
833 3230 898 3287 et
945 3218 1134 3289 brevi
1184 3231 1486 3308 tempore
1514 3219 1701 3289 venit
1725 3219 1810 3288 ad
1838 3240 2112 3288 omnem
2140 3218 2291 3309 ejus
2321 3218 2813 3308 cognitionem.
2842 3223 3106 3288 Verum

546 3323 705 3374 cum
750 3328 972 3393 neque
1021 3307 1408 3376 medicinae
1444 3329 1621 3394 quae
1669 3320 1814 3377 erat
1860 3329 1973 3376 ars
2006 3306 2202 3377 valde
2234 3307 2565 3387 humana,
2598 3306 2702 3375 vir
2734 3307 2843 3375 lon
2898 3329 2934 3375 e
2965 3307 3106 3376 hu-

550 3395 1003 3467 manissimus
1053 3396 1360 3467 studium
1410 3397 1797 3485 abjecisset,
1835 3396 1952 3466 sed
1995 3419 2065 3466 se
2103 3396 2309 3465 etiam
2350 3396 2413 3464 ei
2447 3395 2816 3485 diligenter
2908 3395 3103 3465 edis-

548 3496 668 3564 set,
713 3483 918 3553 etiam
960 3484 1019 3554 si
1060 3497 1202 3554 arte
1245 3507 1488 3575 parum
1524 3485 1899 3555 admodum
1952 3485 2036 3554 ad
2068 3496 2432 3572 quaestum
2465 3484 2554 3553 sit
2582 3506 2778 3567 usuS,
2813 3483 2886 3553 in
2913 3506 3098 3575 pau-

551 3573 834 3671 peribus
870 3586 1093 3642 tamen
1145 3575 1350 3644 cessit
1396 3574 1671 3644 divinae
1731 3573 2010 3666 gratiae·
2041 3573 2447 3654 ministeriO,
2512 3574 2788 3644 morbos
2834 3594 3102 3642 curans

545 3660 1117 3742 immedicabiles‚
1154 3677 1218 3732 et
1253 3676 1580 3751 tanquam
1632 3664 1892 3755 gratiae
1940 3663 2323 3733 velamento
2367 3676 2512 3732 arte
2556 3672 2760 3732 utens
2816 3673 3102 3753 propter

546 3772 892 3819 summam
946 3750 1433 3821 humilitatem.

632 3841 668 3925 ξ
721 3843 808 3908 2.
863 3844 1230 3927 Postquam
1304 3852 1532 3911 autem
1582 3841 1735 3931 ejus
1797 3851 2111 3931 parentes
2149 3861 2186 3909 e
2236 3839 2373 3908 vita
2418 3838 2894 3919 excessissent,
2952 3860 3100 3908 non

545 3925 851 4016 amplius
900 3929 1379 4010 cunctabatur,
1434 3951 1558 3999 nec
1605 3929 2005 3999 differebat:
2045 3927 2165 3998 sed
2201 3940 2362 4019 apta
2393 3940 2673 4019 accepta
2703 3927 3096 4009 occasione,

542 4027 777 4104 utpote
824 4015 1009 4103 quod
1060 4017 1299 4087 nullus
1346 4030 1524 4089 esset
1567 4018 2071 4109 prohibitur-m,
2127 4039 2208 4087 ea
2246 4017 2538 4087 faciebat
2584 4038 2761 4105 quae
2808 4015 2942 4086 sibi
2993 4016 3102 4084 vi-

545 4102 914 4187 debantur,
968 4118 1033 4174 et
1088 4105 1195 4186 iis,
1253 4107 1321 4175 in
1372 4129 1549 4194 quas
1595 4107 1781 4177 cadit
1845 4107 2186 4187 interitus,
2241 4106 2521 4187 divitiis,
2592 4119 2659 4174 et
2702 4127 2881 4193 quae
2931 4117 3103 4176 sunt

543 4193 631 4262 ad
680 4193 883 4263 breve
935 4208 1206 4283 tempus
1253 4194 1528 4265 divitias
1576 4197 2049 4267 commutabat
2087 4208 2421 4276 aeternas,
2474 4194 2961 4264 convenienter
2987 4192 3102 4262 di-

540 4282 740 4353 vinae
786 4283 934 4353 voci
986 4284 1258 4353 Domini
1307 4306 1443 4372 quo
1484 4284 1682 4372 jubet
1729 4284 2019 4354 vendere
2047 4306 2126 4354 ea
2155 4306 2333 4372 quae
2372 4284 2598 4366 habet,
2652 4294 2718 4352 et
2756 4282 3096 4372 praebere

540 4370 1075 4462 eleemosynam,
1113 4383 1178 4443 et
1207 4372 1371 4443 hinc
1407 4396 1649 4464 parare
1683 4375 2053 4445 crumenas
2091 4395 2269 4461 quae
2293 4372 2581 4442 minime
2618 4382 3086 4443 veterascunt.
