3357 4995
230 325 411 392 JlJNII
458 324 498 390 2
859 343 937 390 ni:
984 343 1178 392 xivin
1228 343 1627 391 LUGDUNENS.
1682 341 2083 394 nanrvninus
2574 329 2661 395 43

227 429 397 498 vitam
447 428 740 509 reducti,
797 427 1046 498 iterum
1097 428 1398 517 denique
1447 428 1533 498 ad
1574 426 1785 499 fidem
1826 451 2027 500 suam
2071 429 2539 502 confitendam
2589 452 2747 523 per-

231 516 401 587 docti.
454 523 671 605 Atque
717 537 876 587 cum
910 516 997 586 ad
1028 516 1236 586 vitam
1285 529 1516 588 essent
1563 517 1885 600 restituti,
1926 531 1992 588 et
2021 518 2286 589 viribus
2318 520 2740 602 confirmati,

225 607 599 676 suavitatem
651 604 767 675 Dei
816 607 987 693 (qui
1046 627 1186 675 non
1236 605 1383 676 vult
1429 616 1721 675 mortem
1775 607 2196 696 peccatoris,
2253 607 2372 678 sed
2424 631 2548 699 pro
2622 632 2752 680 sua

221 694 615 786 benignitate
660 715 821 763 eum
873 693 957 777 ad
1009 694 1501 784 poenitentiam
1562 694 1836 783 invitat)
1882 694 2139 765 animis
2185 696 2606 779 haurienteS,
2663 698 2752 768 ad

218 783 490 863 tribunal
542 794 790 873 sponte
850 782 1211 866 accedunt,
1264 796 1341 854 ut
1397 784 1649 854 iterum
1698 805 1739 852 a
1805 784 2123 855 Praeside
2167 783 2254 854 de
2311 784 2448 856 fide
2517 786 2747 858 denuo

208 893 272 941 ro
358 884 624 943 rentur.

352 966 503 1034 18.
557 964 727 1031 Nam
777 981 939 1030 cum
980 965 1223 1031 Caesar
1272 981 1687 1052 responsum
1740 982 1861 1051 per
1912 960 2145 1032 literas
2180 962 2505 1043 misisset,
2561 962 2745 1044 illos,

201 1051 308 1135 qui
360 1050 573 1120 fidem
624 1048 874 1119 Christi
919 1049 1435 1130 confiterentur,
1495 1048 1852 1140 tympanis
1900 1072 2051 1121 esse
2101 1051 2565 1138 torquendos:
2621 1051 2749 1121 hos
2847 1070 2850 1075 ·

200 1151 439 1220 autem,
480 1138 599 1226 qui
648 1137 963 1208 eamdem
1013 1138 1518 1219 inficiat-entur,
1564 1139 1635 1208 in
1670 1138 2017 1229 principio
2068 1152 2412 1210 mercatus
2437 1139 2590 1231 (qui
2638 1140 2751 1209 hic

200 1226 524 1298 celebrari
589 1226 782 1308 solet,
834 1227 1092 1327 quique
1146 1240 1284 1309 est,
1341 1238 1620 1328 propter
1686 1225 2140 1315 frequentiam
2204 1227 2613 1308 hominum,
2669 1249 2751 1298 ex

200 1316 517 1386 omnibus
569 1336 649 1385 eo
697 1315 1021 1406 gentibus
1068 1328 1637 1397 commeantium,
1693 1316 2073 1387 multorum
2123 1337 2443 1387 sermone
2494 1316 2751 1387 nobili-

200 1405 398 1493 tatus)
431 1404 690 1475 liberos
723 1404 1194 1487 dimittendos,
1240 1410 1529 1475 Praeses
1551 1406 1786 1476 beatos
1824 1417 2187 1494 martyres,
2227 1418 2560 1493 tanquam
2590 1427 2750 1497 spe-

199 1493 539 1564 ctaculum
570 1504 637 1564 et
668 1492 1039 1583 gloriosam
1085 1514 1411 1584 pompam
1462 1494 1548 1563 de
1580 1492 1724 1562 illis
1758 1493 2194 1563 multitudini
2241 1507 2743 1583 praestaturuS,

197 1581 274 1651 ad
321 1582 629 1653 tribunal
681 1581 933 1652 deduci
972 1582 1195 1672 jubet,
1265 1583 1513 1652 iterum
1565 1582 1634 1650 in
1684 1584 2161 1670 quaestionem
2211 1596 2429 1664 vocat,
2494 1583 2749 1670 datque

197 1671 624 1752 sententiam,
676 1682 758 1739 ut
802 1670 924 1758 qui
973 1670 1363 1761 municipes
1412 1671 1705 1741 Romani
1752 1684 2004 1752 essent,
2047 1672 2276 1741 securi
2308 1685 2749 1762 percuteren-

197 1771 332 1837 tur;
376 1759 631 1847 reliqui
681 1771 911 1829 autem
963 1759 1508 1830 amandarentur
1555 1758 1641 1828 ad
1695 1759 1973 1831 bestias.
2019 1759 2268 1829 Christi
2320 1780 2476 1831 vero
2524 1755 2746 1861 glori'a

194 1848 258 1916 in
305 1848 441 1929 his,
498 1850 622 1935 qui
668 1859 870 1918 antea
904 1847 1111 1919 fidem
1145 1849 1555 1927 abnuerant,
1597 1861 1763 1918 tunc
1803 1859 2030 1918 tamen
2062 1861 2332 1938 praeter
2366 1848 2742 1919 Gentilium

193 1938 612 2028 opinionem,
667 1936 981 2007 eamdem
1035 1938 1335 2027 ingenue
1380 1937 1913 2015 confitebantur,
1954 1959 2065 2006 ma
2119 1959 2371 2028 nopere
2406 1937 2750 2009 illustrata

192 2024 336 2095 fuit.
388 2026 663 2096 Etenim
712 2024 816 2095 illi
864 2048 1026 2095 cum
1069 2027 1390 2114 privatim
1441 2026 1509 2095 in
1558 2026 2032 2113 quaestionem
2117 2027 2209 2096 ati
2257 2039 2508 2107 essent,
2544 2027 2748 2114 quasi

194 2136 309 2204 pro
338 2127 527 2185 certo
574 2114 999 2193 absolvendi,
1042 2127 1270 2189 tamen
1307 2137 1379 2186 se
1419 2114 1842 2184 Christianos
1892 2136 2046 2184 vere
2092 2115 2519 2195 confitentes,
2559 2138 2747 2184 mar-

197 2215 419 2291 tyrum
483 2202 694 2272 choro
757 2202 1286 2293 adjiciebantur.
1354 2204 1483 2273 Alii
1531 2218 1763 2273 autem
1826 2203 1983 2274 falsi
2052 2204 2444 2284 Christiani,
2501 2227 2536 2272 a
2607 2204 2746 2274 fide

198 2292 472 2381 penitus
514 2291 720 2382 lapsi,
773 2291 896 2379 qui
958 2313 1180 2379 neque
1228 2292 1596 2382 vestigium
1645 2291 2025 2380 aliquando
2071 2291 2258 2372 fidei,
2319 2315 2540 2380 neque
2589 2314 2747 2362 sen-

197 2402 344 2449 sum
395 2394 465 2451 et
516 2379 1109 2471 significationem
1148 2380 1352 2450 vestis
1410 2403 1442 2450 s
1496 2380 1779 2463 onsalis,
1835 2402 2056 2469 neque
2103 2382 2586 2472 cogitationem
2662 2381 2747 2449 ti-

200 2470 406 2540 moris
455 2470 578 2539 Dei
610 2470 679 2538 in
713 2468 968 2539 animis
999 2469 1412 2540 insidentem
1504 2469 1825 2549 abebant‚
1864 2469 1981 2541 sed
2063 2491 2139 2540 er
2168 2491 2466 2557 nequam
2502 2491 2745 2540 eorum

195 2558 823 2639 conversationem,
876 2558 1057 2627 viam
1116 2558 1419 2628 veritatis
1478 2559 1922 2629 contumeliis
1970 2582 2007 2628 a
2064 2572 2363 2639 ecerant,
2420 2559 2549 2628 hoc
2597 2570 2740 2638 est,

198 2646 317 2717 filii
353 2647 793 2748 perditionis,
845 2645 1013 2716 foris
1046 2659 1232 2717 extra
1264 2647 1637 2718 Ecclesiam
1675 2660 2249 2738 permanserunt:
2303 2646 2553 2717 caeteri
2587 2647 2750 2715 uniz

207 2759 373 2809 versi
424 2735 620 2806 fuere
668 2736 736 2804 in
788 2735 1161 2805 Ecclesiam
1210 2736 1439 2806 denuo
1488 2737 1795 2827 ascripti.

269 2827 305 2913 ξ
350 2830 499 2899 14.
560 2824 946 2911 De'quibus
993 2846 1154 2894 cum
1206 2824 1577 2895 haberetur
1622 2825 1970 2913 quaestiO,
2025 2823 2404 2894 Alexander
2451 2823 2742 2911 quidam

196 2935 433 3000 genere
486 2912 748 3002 Phryx,
805 2925 947 2982 arte
993 2926 1057 2982 et
1114 2914 1402 2984 scientia
1468 2914 1797 2993 Medicus,
1853 2912 2092 2983 multis
2141 2912 2347 2983 annis
2399 2913 2467 2982 in
2523 2912 2750 2983 Gallia

195 3014 679 3082 commoratus,
736 3001 1064 3071 omnibus
1101 3001 1241 3072 fere
1292 3014 1569 3093 propter
1615 3001 2024 3072 charitatem
2058 3023 2224 3093 erga
2267 3007 2508 3083 Deum,
2554 3014 2622 3071 et
2666 3001 2752 3069 li-

196 3088 422 3160 beram
475 3091 546 3159 in
600 3090 802 3160 verbo
846 3090 1304 3180 praedicando
1343 3091 1768 3161 alacritatem
1805 3092 2124 3182 cognitus
2153 3091 2325 3250 (ἐιοῃ
2354 3093 2542 3160 enim
2582 3090 2751 3160 doni

198 3191 256 3247 et
301 3179 618 3249 muneris
665 3178 1028 3268 Apostolici
1079 3200 1321 3269 expers
1354 3179 1529 3269 erat)
1571 3201 1746 3249 cum
1798 3192 2051 3251 astaret
2084 3181 2171 3249 tri
2224 3180 2443 3261 unali,
2484 3191 2550 3249 et
2584 3178 2744 3248 illos

202 3266 434 3338 fratres
488 3279 665 3338 nutu
711 3267 798 3338 ad
848 3267 1009 3337 fidei
1057 3267 1561 3340 confessionem
1615 3268 2006 3339 hortaretur
2049 3268 2213 3360 (iis,
2267 3269 2389 3356 qui
2437 3266 2751 3354 undique

204 3356 500 3426 tribunal
549 3356 1176 3436 circumsistebant,
1227 3357 1589 3427 videbatur
1622 3369 1980 3445 tamquam
2032 3357 2456 3448 parturiens)
2505 3355 2749 3447 populi

203 3444 571 3516 multitudo
605 3443 1109 3514 confessionem
1157 3467 1426 3526 eorum,
1468 3446 1591 3534 qui
1640 3459 1844 3515 antea
1893 3446 2166 3515 inficias
2200 3447 2507 3526 ivissent,
2543 3466 2753 3534 aegre

207 3530 469 3613 ferens,
526 3546 764 3604 contra
827 3533 1339 3614 Alexandrum,
1397 3547 1756 3622 tamquam
1805 3535 1953 3623 ejus
2004 3535 2100 3604 rei
2147 3546 2357 3625 caput
2404 3548 2469 3604 et
2516 3547 2755 3624 aucto-

208 3640 367 3703 rem,
424 3621 784 3692 vociferari
833 3622 1081 3714 coepit.
1138 3623 1263 3693 Ubi
1313 3643 1471 3693 vero
1521 3629 1801 3694 Praeses
1851 3624 2181 3704 instabat,
2236 3622 2756 3693 sciscitabatur-

209 3730 333 3796 que
371 3711 703 3798 quisnam
751 3723 952 3790 esset;
1007 3711 1376 3802 respondet
1415 3733 1488 3781 se
1533 3712 2001 3781 Christianum
2035 3732 2209 3782 esse.
2251 3712 2444 3781 Unde
2473 3717 2755 3782 Praeses

211 3798 285 3867 ad
340 3800 780 3870 iracundiam
832 3815 1264 3890 provocatuS,
1318 3799 1522 3870 illum
1563 3800 1981 3871 condemnat
2017 3800 2104 3869 ad
2156 3801 2432 3870 bestias.
2480 3804 2758 3870 Postero

212 3900 435 3959 autem
477 3888 589 3958 die
628 3888 940 3958 eamdem
992 3911 1153 3959 cum
1203 3888 1419 3959 Attalo
1459 3888 1980 3960 dimicationem
2010 3890 2321 3979 (Praeses
2369 3889 2581 3969 enim,
2618 3909 2759 3975 quo

215 3975 459 4073 populo
511 3976 1040 4068 gratificaretur,
1093 3976 1392 4046 Attalum
1457 3977 1686 4047 denuo
1746 3978 1983 4049 bestiis
2044 3977 2327 4067 ob'ecit)
2378 3976 2762 4048 Alexander

216 4064 617 4165 ingreditur.
674 4065 757 4133 Hi
804 4065 943 4166 duo
996 4066 1065 4134 in
1125 4065 1636 4154 amphitheatro
1683 4087 1926 4136 omnes
1975 4087 2126 4136 mac
2184 4066 2337 4136 inas
2383 4066 2470 4136 ad
2518 4087 2770 4136 eorum-

218 4166 594 4223 cruciatum
636 4165 1073 4244 excogitatas,
1129 4167 1487 4243 tamquam
1530 4154 1997 4245 praetervecti,
2054 4154 2578 4243 maximumque
2612 4175 2762 4223 cer-

218 4251 436 4312 tamen
486 4242 824 4341 perpessi,
879 4242 964 4311 ad
1013 4253 1397 4313 extremum
1446 4240 1681 4332 gladio
1719 4242 2084 4313 feriuntur.
2128 4243 2501 4314 Alexander
2526 4254 2759 4312 autem

221 4349 434 4417 neque
482 4331 849 4422 ingemuit,
904 4331 1117 4400 immo
1180 4352 1304 4400 nec
1361 4352 1597 4400 vocem
1637 4331 1858 4402 ullam
1913 4331 2218 4422 protulit;
2271 4330 2392 4403 sed
2440 4331 2764 4400 interiore

224 4430 441 4488 mente
482 4431 548 4490 et
594 4419 1007 4510 cogitatione
1038 4420 1240 4508 quasi
1286 4441 1449 4491 cum
1490 4424 1624 4490 Deo
1697 4441 2050 4492 sermones
2096 4418 2410 4492 contulit.
2474 4417 2757 4499 AttaluS,
