3357 4995
663 317 794 382 4⁴0
1415 332 1496 379 nn
1543 331 1600 380 s.
1652 331 1981 382 turstinus
2027 330 2283 380 vincum
2769 316 2990 383 JUNII
3043 317 3130 381 ⁴6

571 430 764 489 vocat
792 441 875 488 ea
911 433 1081 508 quae
1124 439 1257 487 non
1283 423 1462 498 sunt,
1499 427 1851 509 tamquam
1882 440 1965 486 ea
2032 439 2165 487 uae
2201 427 2359 487 sunt
2423 421 2607 488 Rom.
2629 417 2756 507 1v);
2800 417 3132 490 frustrato

571 508 789 599 patris
833 507 985 576 e'us
1014 504 1330 587 consilio,
1369 504 1455 575 de
1503 505 1869 596 Lutgarde‚
1923 439 2060 575 sigi
2101 505 2334 595 potius
2427 507 2892 598 esponsanda,
2930 508 3135 578 aliter

570 596 863 686 dispone
914 608 1006 664 at.
1045 592 1170 664 Ille
1201 593 1387 664 enim
1422 594 1545 682 qui
1579 593 1909 685 Lutgardi
1957 594 2373 664 destinatam
2409 595 2778 686 pecuniam
2820 597 3133 688 negotia·

569 685 879 756 tionibus
936 681 1527 774 augmentandam
1576 695 1999 773 susceperat,
2056 684 2298 754 crebro
2346 683 2417 753 in
2459 684 2887 756 Britanniam
2937 686 3134 777 traji-

569 774 762 845 ciens
809 786 875 843 et
922 795 1044 873 per
1080 771 1336 842 multos
1383 772 1711 842 adversos
1757 794 1964 843 casus
2018 772 2368 853 diffluens,
2427 773 2514 843 ad
2556 795 2770 843 unam
2820 797 3131 846 marcam

570 862 836 954 redegit
883 861 1151 952 viginti,
1217 860 1375 931 aliis
1423 860 1630 952 plane
1674 860 2058 951 dissipatis.
2115 861 2245 931 Sed
2297 882 2521 948 neque
2580 862 2681 932 sic
2729 874 2961 934 tamen
3013 875 3137 935 aut

574 956 793 1043 patris
834 950 1265 1043 propositum
1300 962 1421 1020 aut
1467 949 1828 1020 effrontem
1877 949 2062 1019 filiae
2094 949 2602 1049 impudentiam
2651 973 2728 1021 ea
2774 973 2880 1023 res
2917 966 3137 1024 retar-

574 1041 832 1121 dasset,
885 1040 1022 1110 nisi
1074 1039 1316 1110 matris
1371 1038 1703 1109 instantia
1770 1051 2068 1108 mentem
2122 1039 2305 1109 filiae
2354 1039 2559 1111 modo
2621 1040 2859 1121 miniS,
2924 1041 3135 1112 modo

575 1128 1080 1200 blandimentis
1143 1126 1559 1209 emollisset,
1623 1128 1720 1197 ita
1775 1126 1881 1196 illi
1944 1128 2274 1197 dicentis:
2320 1151 2358 1195 «
2401 1130 2472 1198 Si
2532 1129 2797 1200 Christo
2868 1133 3136 1203 nubere

578 1219 902 1299 volueris,
937 1216 1434 1288 monasterium
1470 1216 1593 1286 tibi
1625 1215 2117 1304 quodcumque
2139 1216 2323 1287 voles
2361 1216 2933 1289 honestissimum
2966 1242 3131 1291 con·

579 1306 857 1378 ciliabo.
911 1305 1029 1376 Sin
1079 1316 1310 1374 autem
1362 1305 1723 1375 mortalem
1773 1326 2109 1395 sponsum
2169 1305 2548 1386 malueris,
2605 1329 2744 1377 non
2802 1310 2938 1381 nisi
3005 1309 3135 1379 bu-

578 1396 868 1466 bulcum
917 1393 1229 1479 habebis.
1268 1416 1305 1460 »
1347 1393 1470 1463 His
1509 1394 1741 1482 itaque
1787 1393 2272 1484 hujuscemodi
2318 1395 2545 1465 verbis
2580 1396 2738 1469 aliis
2785 1410 2852 1467 et
2900 1398 3135 1468 mariti

578 1496 814 1554 votum
871 1497 937 1553 et
982 1482 1167 1552 filiae
1214 1482 1631 1554 voluntatem
1697 1482 1784 1552 ad
1833 1483 2190 1554 salubrius
2248 1485 2681 1575 propositum
2740 1485 3126 1557 inclinavit.

579 1573 721 1643 Etsi
768 1584 995 1642 autern
1047 1571 1411 1662 Lutgardis
1459 1570 1914 1641 delectaretur
1950 1583 2201 1643 ornatu
2249 1574 2567 1655 vestium,
2627 1585 2698 1643 at
2747 1587 2971 1645 tamen
3023 1574 3136 1645 fu·

580 1663 810 1753 giebat
866 1682 1152 1752 prorsus
1199 1661 1570 1731 amatorias
1616 1660 2211 1733 confabulationes
2272 1675 2338 1730 et
2404 1663 2704 1752 ineptias
2746 1663 3129 1755 puellares;

578 1763 645 1821 et
693 1750 851 1820 licet
879 1748 1174 1820 necdum
1204 1762 1658 1840 cognosceret
1694 1750 2088 1831 Dominum,
2141 1751 2214 1818 in
2263 1751 2468 1821 corde
2499 1763 2728 1821 tamen
2781 1775 2938 1823 cnm
2983 1752 3135 1824 sola

580 1851 781 1921 esset,
836 1839 1025 1909 intus
1073 1838 1304 1908 nescio
1332 1839 1499 1925 quid
1539 1838 1855 1909 divinum
1889 1839 2247 1910 sentiebat.

666 1931 704 2016 ξ
755 1934 843 2000 2.
902 1927 1027 1997 Ubi
1054 1926 1267 2018 igitur
1290 1949 1511 1997 annos
1536 1928 1903 1997 duodecim
1939 1929 2250 2008 excessit,
2287 1928 2354 1996 in
2384 1930 2802 1999 monasterio
2854 1944 3138 2001 sanctae

580 2017 1008 2098 catharinae,
1061 2015 1246 2103 quod
1294 2027 1397 2112 est
1442 2038 1656 2107 prope
1701 2016 2039 2107 oppidum
2092 2022 2156 2086 S.
2213 2016 2554 2086 Trudonis
2614 2019 2686 2086 in
2747 2020 3129 2102 Hasbania,

585 2108 764 2176 inter
828 2111 958 2176 Deo
1014 2117 1317 2174 sacratas
1373 2106 1678 2196 virgines
1734 2105 2011 2175 Ordinis
2050 2110 2116 2175 S.
2159 2105 2531 2182 Benedicti.
2568 2106 2803 2177 divino
2837 2108 3132 2179 ,servitio

580 2195 1043 2284 mancipatur.
1099 2197 1406 2281 Cumque
1433 2194 1715 2284 juvenis
1762 2194 2048 2281 quidam
2099 2215 2349 2285 genere
2372 2206 2438 2265 et
2471 2196 2725 2285 opibus
2768 2211 3132 2298 praestans

578 2283 771 2354 illam
827 2295 1159 2375 procaret,
1203 2284 1520 2353 animum
1570 2282 1763 2354 illius
1810 2282 2158 2353 interdum
2203 2283 2427 2352 verbis
2490 2285 2810 2355 nonnihil
2857 2307 3131 2376 permo-

580 2394 736 2443 vere
781 2373 1028 2463 coepit,
1081 2371 1589 2459 observansque
1620 2383 1896 2462 tempus
1933 2384 2000 2442 et
2037 2371 2293 2451 locum,
2331 2372 2511 2443 clam
2564 2386 2760 2443 nocte
2794 2375 3129 2461 quadam,

579 2462 891 2543 domum,
946 2461 1016 2531 in
1066 2482 1205 2548 qua
1242 2460 1435 2552 virgo
1473 2461 1769 2552 jacebat,
1806 2460 1998 2531 adire
2042 2462 2355 2532 tentavit:
2414 2461 2534 2532 sed
2583 2485 2747 2533 cum
2799 2464 3135 2536 accessis-

579 2564 703 2633 set,
757 2551 1113 2642 repentino
1145 2550 1388 2620 timore
1434 2564 1801 2642 correptus
1839 2550 2131 2640 aufugit.
2166 2551 2421 2621 Institit
2452 2572 2607 2622 vero
2657 2553 2855 2622 miris
2908 2553 3136 2624 modis

580 2639 926 2721 diabolus,
977 2652 1056 2710 ut
1085 2638 1170 2709 ad
1208 2660 1624 2719 consensum
1689 2640 2005 2709 animum
2106 2639 2328 2710 uellae
2361 2640 2766 2723 inclinaret;
2821 2641 2942 2712 sed
2997 2663 3133 2711 non

578 2730 1014 2820 permittente
1072 2733 1226 2809 Deo,
1286 2729 1438 2818 ejus
1475 2740 1766 2798 conatus
1816 2729 1991 2798 irriti
2071 2751 2253 2798 uere.
2314 2728 2601 2800 Sedente
2632 2743 2865 2800 autem
2906 2752 3136 2819 quan·

577 2818 806 2905 doque
853 2817 1170 2908 simplice
1211 2817 1466 2907 puella,
1517 2830 1583 2887 et
1612 2840 1773 2887 cum
1815 2819 2071 2908 Juvene
2118 2816 2239 2887 illo
2286 2818 2742 2906 colloquente,
2809 2819 3137 2911 apparuit

578 2908 643 2976 ei
677 2907 987 2977 Christus
1012 2928 1093 2976 ea
1118 2906 1339 2975 forma
1366 2928 1506 2994 qua
1534 2905 1700 2976 olim
1730 2905 1910 2976 inter
1941 2906 2257 2977 homines
2285 2920 2592 2978 versatus
2622 2907 2866 2990 fuerat,
2950 2920 3134 2979 ecto-

578 2996 775 3082 rique
805 3008 1058 3067 vestem
1092 3017 1292 3065 suam
1330 2994 1723 3075 detrahenS,
1768 3016 1907 3081 qua
1942 3006 2160 3065 tectus
2188 2995 2573 3077 videbatur,
2606 2997 2863 3068 vulnus
2924 2997 3134 3067 aleris

578 3085 644 3154 ei
687 3084 987 3154 ostendit
1032 3084 1235 3171 quasi
1291 3105 1528 3154 recens
1585 3097 2062 3165 cruentatum,
2117 3083 2426 3171 dixitque
2486 3086 2596 3153 ei:
2656 3107 2694 3151 «
2754 3084 3137 3156 Blanditias

581 3174 799 3264 inepti
834 3173 1091 3242 amoris
1140 3172 1422 3261 posthac
1470 3170 1623 3242 vide
1663 3194 1750 3241 ne
1784 3173 2133 3260 requiras:
2201 3173 2314 3243 bic
2353 3174 2615 3264 jugiter
2663 3173 3137 3266 contemplare

576 3263 748 3349 quid
780 3261 1055 3352 diligas,
1095 3275 1160 3331 et
1205 3260 1655 3348 quamobrem
1706 3260 1982 3352 diligas,
2030 3261 2142 3331 hic
2173 3282 2300 3351 ego
2330 3263 2539 3333 totius
2589 3263 2910 3352 puritatis
2959 3262 3137 3333 deli-

579 3352 724 3422 cias
774 3351 897 3420 tibi
951 3348 1276 3440 polliceor
1321 3348 1756 3419 obtinendas,
1799 3375 1826 3414 »
1864 3354 2004 3419 Hac
2030 3349 2152 3419 illa
2193 3351 2455 3421 visione
2491 3364 2558 3420 et
2595 3350 2876 3423 oraculo
2926 3372 3137 3443 pave-

576 3439 778 3520 facta,
836 3438 1064 3508 statim
1101 3438 1324 3508 oculis
1369 3438 1600 3509 cordis
1647 3439 1946 3510 inhaesit
1977 3438 2081 3508 illi
2128 3460 2336 3527 quem
2384 3440 2686 3522 viderat,
2736 3454 2804 3511 et
2850 3452 2926 3510 ut
2971 3463 3136 3512 eum

578 3529 964 3618 acciperet,
1025 3527 1489 3597 meditabatur
1534 3538 1611 3597 ut
1657 3528 2019 3598 columba:
2083 3550 2377 3616 moxque
2430 3550 2734 3619 superno
2782 3529 3139 3601 illustrata

577 3617 967 3708 splendore,
1021 3616 1228 3686 totius
1277 3616 1596 3687 vanitatis
1626 3639 1664 3686 a
1693 3640 1765 3687 se
1813 3617 2027 3688 sensit
2064 3616 2444 3687 abstersam
2486 3617 2884 3708 caliginem.
2922 3622 3136 3689 Cum-

576 3727 712 3793 que
744 3727 896 3775 eam
931 3705 1211 3775 vidisset
1258 3704 1370 3774 die
1428 3705 1732 3793 quodam
1767 3718 2080 3776 matrona
2127 3705 2380 3777 nobilis
2425 3719 2491 3778 et
2546 3705 2812 3788 devota,
2877 3707 3138 3798 spiritu

575 3794 980 3885 prophetico
1037 3794 1239 3863 dixit:
1294 3799 1417 3876 Tu,
1464 3806 1539 3865 ut
1588 3794 1783 3865 video
1829 3794 2012 3865 bona
2068 3816 2142 3865 es
2191 3800 2435 3886 AgneS,
2481 3808 2565 3865 et
2615 3816 2851 3866 revera
2910 3796 3133 3867 altera

573 3888 795 3973 Agnes
849 3885 1009 3953 eris.
1056 3883 1295 3953 Subito
1343 3905 1501 3965 vero
1547 3883 1741 3954 adest
1761 3884 2041 3973 juvenis
2071 3883 2541 3974 supradictuS,
2585 3896 2652 3955 et
2694 3883 2921 3976 coepit
2969 3907 3140 3957 suos

574 3971 913 4062 replicare
957 3993 1336 4044 sermones.
1382 3973 1503 4043 Cui
1529 3971 1670 4054 illa,
1706 3985 1782 4043 ut
1808 3973 2160 4059 quondam
2196 3977 2418 4062 Agnes
2443 3971 2869 4055 beatissima,
2902 3972 3137 4045 hianti

573 4083 689 4132 ore
720 4061 1108 4152 respondit:
1148 4060 1485 4131 «Discede
1530 4083 1573 4132 a
1601 4083 1712 4131 me
1748 4061 2079 4152 pabulum
2118 4060 2382 4144 mortis,
2423 4062 2930 4134 nutrimentum
2964 4061 3139 4134 faci-

580 4150 809 4223 noris:
861 4150 1028 4239 quia
1064 4151 1212 4241 jam
1254 4148 1343 4221 ab
1371 4149 1508 4221 alio
1542 4162 1850 4227 amatore
1885 4161 2252 4240 praeventa
2298 4172 2483 4222 sum.
2518 4175 2545 4216 n

667 4242 704 4327 ξ
751 4244 844 4312 8.
897 4239 1087 4310 Alius
1123 4260 1263 4328 quo
1315 4261 1399 4309 ue
1415 4239 1721 4330 juvenis,
1753 4238 1967 4309 armis
2003 4238 2225 4321 miles,
2259 4260 2413 4310 eam
2443 4239 2591 4330 Jam
2624 4243 2758 4311 Deo
2788 4240 3138 4312 sincerius

582 4328 1083 4411 inhaerentem,
1121 4328 1270 4398 nihi
1302 4349 1342 4397 o
1388 4328 1625 4400 minus
1670 4327 2050 4398 adamavit:
2102 4340 2168 4398 et
2213 4349 2378 4399 cum
2420 4329 2661 4400 multis
2707 4329 2917 4399 annis
2950 4329 3134 4401 reni-

585 4429 837 4490 tentem
907 4417 1142 4489 animo
1217 4429 1529 4507 procaret
1560 4472 1579 4499 ,
1666 4415 1788 4488 illa
1854 4415 2163 4507 primum
2230 4415 2534 4488 modeste
2564 4472 2581 4499 ,
2656 4430 2889 4510 postea
2975 4439 3133 4490 vero
