3357 4995
2654 310 2692 331 1-

262 311 450 377 JUMI
503 312 527 374 t
946 328 1002 374 a.
1056 322 1349 374 ANDREAE
1397 326 1474 373 ns
1521 324 1669 373 cmo
1717 283 2083 373 marmium
2667 326 2688 372 ι

261 413 492 483 lucrari
558 413 868 483 animam
929 410 1281 489 hominis,
1335 431 1415 479 ex
1484 422 1617 479 toto
1656 410 1867 479 nobis
1917 410 2122 480 corde
2170 410 2655 481 adhaerentem
2709 410 2778 479 in

259 503 523 571 caeteris
555 500 885 571 omnibus
918 512 1184 590 praeter
1208 499 1836 580 circumcisionem,
1876 520 2084 586 quam
2118 501 2421 589 rejicere,
2452 500 2782 588 quoniam

256 591 841 661 circumcisionem
881 587 1297 658 reformidet.
1334 587 1456 657 His
1491 588 1898 668 rationibus,
1937 587 2039 656 vel
2078 590 2324 679 magis,
2362 589 2524 677 quia
2562 600 2784 661 sectae

254 679 505 761 favebat
568 700 777 758 suae,
831 677 1164 748 confusus
1224 675 1486 756 Judex,
1543 677 1807 746 nullam
1878 678 2326 767 pronuntiare
2375 677 2785 747 sententiam

251 768 412 837 velle
459 770 529 837 in
582 789 652 837 re
701 766 1127 846 tantadixit,
1187 764 1323 834 nisi
1371 770 1623 866 Regem
1673 766 2124 836 consuluerit:
2178 768 2274 835 ita
2321 767 2508 835 enim
2572 766 2784 837 moris

250 869 347 926 est
392 858 461 926 in
513 856 746 927 causis
787 855 1136 945 ambiguis
1185 868 1250 924 et
1296 854 1557 923 arduis.
2654 939 2661 946 ι

329 948 365 1032 ὅ
410 953 497 1019 5.
553 951 805 1034 Regem
850 944 1105 1034 igitur,
1157 944 1229 1011 in
1280 964 1625 1012 carcerem
1676 943 1983 1033 conjecto
2036 944 2252 1013 milite
2300 945 2571 1026 Christi,
2618 965 2782 1013 con-

250 1035 502 1105 sultum
552 1034 758 1103 adiit:
825 1033 939 1101 cui
997 1033 1232 1101 omnia
1278 1031 1872 1111 cum'retulisset,
1921 1034 2380 1123 interrogatus
2442 1033 2528 1102 de
2574 1044 2788 1101 aetate

250 1123 486 1213 ipsius,
531 1123 909 1208 habituque
939 1121 1130 1191 omni
1170 1142 1286 1189 cor
1339 1120 1499 1197 oris,
1553 1145 1577 1185 r
1609 1122 1919 1201 Juvenis,
1960 1122 2184 1209 inquit
2214 1122 2384 1211 ipse,
2421 1123 2652 1191 animo
2684 1122 2787 1188 in-

245 1212 461 1283 victus
507 1226 710 1299 atque
759 1231 1011 1301 magna
1061 1143 1354 1289 Staturg,
1392 1209 1777 1367 {randibus
1830 1209 2103 1280 ossibus
2133 1223 2336 1297 atque
2371 1210 2598 1281 nervis
2628 1231 2790 1278 con-

248 1301 556 1370 vallatus.
595 1324 632 1365 »
682 1306 820 1369 Rex
860 1298 1027 1369 tales
1059 1298 1374 1367 homines
1456 1300 1658 1367 abere
1698 1299 1769 1366 in
1811 1298 2058 1368 militia
2091 1300 2319 1389 cupit:
2364 1323 2400 1365 «
2442 1298 2646 1380 Vade,
2681 1300 2788 1366 in-

248 1390 414 1477 quit,
464 1403 531 1459 et
581 1391 888 1481 primum
937 1388 1063 1468 illi,
1117 1388 1176 1456 si
1226 1396 1456 1456 noster
1501 1387 1814 1457 voluerit·
1836 1409 2010 1468 esse,
2050 1388 2403 1458 offerimus
2445 1389 2790 1458 centurio—

248 1491 481 1547 natum
531 1478 601 1546 in
654 1476 903 1546 militia
954 1488 1233 1547 nostra:
1288 1475 1540 1545 deinde
1589 1490 1792 1565 prout
1845 1477 1915 1544 in
1946 1476 2223 1546 ,virtute
2288 1478 2518 1568 ipsum
2570 1475 2792 1546 valere

248 1568 847 1657 conspexerimuS,
902 1565 988 1633 ad
1053 1566 1322 1653 maj0ra
1376 1565 1850 1655 provehemus.
1909 1566 2099 1647 Quod
2152 1568 2208 1636 si
2259 1566 2612 1636 beneficiis
2655 1586 2790 1632 non

248 1655 809 1735 commovebitur,
853 1654 1063 1723 minis
1112 1666 1319 1741 atque
1369 1667 1625 1724 terrore
1659 1655 1889 1744 ipsum
1943 1655 2322 1724 concutias:
2361 1667 2426 1724 et
2459 1656 2515 1724 si
2552 1665 2795 1723 neutra

251 1745 500 1844 poteris
550 1742 940 1834 praevalere
974 1743 1105 1824 via,
1143 1743 1370 1832 capite
1407 1743 1689 1833 plectas.
1727 1766 1761 1808 »
1791 1743 2012 1812 Altero
2044 1744 2256 1833 igitur
2288 1743 2422 1823 die,
2461 1742 2794 1833 producto

251 1856 433 1923 ipso,
539 1834 799 1901 rimum
873 1831 1077 1921 Regis
1134 1832 1665 1921 pollicitationes
1725 1846 2212 1921 proponuntur
2259 1832 2564 1902 mirabili
2630 1854 2793 1901 cum

249 1921 455 2012 ampli
516 1921 806 1999 catione,
862 1920 1069 2007 quod
1096 1933 1306 2010 caput
1346 1923 1577 1990 statim
1612 1921 1792 2001 eriS,
1832 1921 2134 2001 Andrea,
2169 1935 2448 1990 centum
2491 1920 2793 1989 militum

248 2023 309 2078 et
354 2033 393 2079 a
440 2011 868 2111 privatorum
918 2021 1177 2079 tractus
1225 2009 1659 2090 conditione,
1713 2032 1871 2078 cum
1925 2010 2365 2100 Principibus
2415 2029 2794 2080 connume-

250 2099 545 2169 raberis:
601 2097 785 2185 quod
836 2097 1034 2167 facile
1084 2099 1299 2167 virtus
1332 2110 1396 2167 et
1426 2097 1788 2189 diligentia
1820 2109 1938 2169 tua
1972 2099 2243 2195 effitollet
2281 2111 2344 2168 te
2382 2099 2467 2168 ad
2505 2099 2789 2167 ma'ora.

250 2193 492 2257 Verum
522 2188 683 2265 cum
712 2200 975 2275 martyr
1020 2187 1290 2265 Christi,
1324 2187 1497 2255 nihil
1540 2186 2045 2276 respondendo,
2090 2201 2528 2257 contemnere
2571 2210 2610 2256 o
2664 2187 2800 2256 lata

249 2277 637 2357 videretur,
692 2276 811 2361 qui
876 2274 1284 2345 circumfusi
1335 2289 1531 2345 erant
1573 2276 1894 2345 .veritatis
1951 2277 2214 2358 hosteS,
2252 2277 2388 2345 -alii
2437 2289 2798 2368 argentum

253 2378 452 2453 atque
485 2385 764 2457 aurum,
819 2363 936 2432 alii
971 2376 1225 2445 vestes,
1261 2364 1379 2432 alii
1416 2363 1916 2461 supellectilem
1955 2366 2213 2434 variam
2252 2366 2792 2465 pollicebantur:

251 2454 547 2542 cumque
580 2454 646 2522 in
682 2452 955 2522 silentio
987 2453 1215 2524 acrius
1245 2466 1731 2543 perseveraret,
1779 2476 1814 2519 «
1836 2453 2036 2537 Quid,
2084 2456 2433 2542 inqulunt,
2467 2476 2552 2524 ne
2575 2454 2801 2523 verbis

250 2543 524 2630 quidem
577 2542 713 2612 tuis
764 2563 887 2611 nos
937 2542 1186 2632 dignos
1229 2555 1439 2632 putas
1466 2547 1495 2610 ⁶?
1527 2566 1667 2610 »—-
1690 2567 1724 2608 «
1756 2544 1956 2633 Digni
1986 2543 2295 2629 quidem,
2330 2544 2447 2624 ait,
2486 2565 2603 2613 vos
2637 2544 2801 2613 estis

247 2631 462 2701 multo
494 2630 898 2719 majoribus,
936 2652 1143 2717 quam
1180 2652 1304 2722 ego
1338 2631 1563 2701 dicere
1603 2645 1723 2701 aut
1753 2632 2137 2721 excogitare
2176 2653 2452 2718 queam:
2508 2631 2626 2700 sed
2664 2653 2797 2710 res,

246 2742 415 2806 quas
441 2719 722 2800 offertiS,
754 2718 945 2788 nulla
979 2721 1421 2810 responsione
1466 2732 1627 2790 sunt
1671 2720 1946 2818 dignae.
2006 2720 2182 2802 Quid
2245 2721 2428 2800 enim
2465 2720 2800 2790 caducam

248 2808 427 2879 hanc
474 2810 688 2878 vitam
738 2819 946 2894 atque
996 2809 1351 2878 mortalem
1404 2810 1662 2899 putatis
1713 2810 1950 2897 magni
2001 2808 2262 2897 aliquid
2315 2809 2609 2890 habere,
2665 2828 2801 2894 quo

246 2898 514 2968 coelesti
542 2898 631 2968 sit
657 2897 1185 2997 praeponenda?
1206 2921 1395 2965 »-—«
1420 2903 1643 2976 Erras,
1686 2897 1821 2987 ipsi
1856 2898 2314 2986 respondent:
2357 2921 2515 2967 nam
2555 2919 2702 2978 nos,
2741 2910 2807 2965 et

252 2987 330 3055 ad
381 2986 574 3056 illam
628 2986 752 3055 tibi
794 3009 977 3055 viam
1016 2989 1284 3076 aperire
1328 2987 1714 3065 studemus,
1752 2999 1817 3054 et
1850 2985 2030 3055 hanc
2062 2987 2347 3076 insuper
2382 2988 2504 3057 tibi
2537 2987 2804 3057 felicem

248 3076 527 3145 reddere
547 3097 909 3144 conamur.
937 3082 1288 3145 n—«Non
1318 3075 1708 3154 cohaerent,
1743 3075 1992 3161 inquit,
2025 3076 2287 3146 caduca
2308 3078 2630 3156 aeterniS,
2666 3096 2802 3144 non

254 3163 570 3234 felicibus
618 3164 894 3241 misera,
941 3185 1078 3233 non
1128 3165 1418 3254 profana
1469 3162 1712 3233 beatis,
1769 3163 1895 3233 Sed
1947 3165 2116 3251 quid
2164 3187 2341 3255 opus
2391 3177 2490 3236 est
2545 3165 2803 3234 verbis?

252 3258 386 3344 Ego
427 3251 821 3323 felicitatem
872 3252 1085 3341 hujus
1120 3254 1335 3323 seculi
1372 3252 1577 3321 nihili
1612 3250 1789 3321 facio
1821 3275 1834 3319 :
1871 3274 1996 3343 ego
2028 3275 2330 3334 crucem,
2373 3255 2790 3344 passionem,

256 3340 827 3432 sepulturamque
860 3340 1106 3411 Christi
1136 3343 1268 3411 mei
1295 3354 1684 3429 nunquam,
1723 3341 1978 3411 auxilio
2004 3341 2193 3412 illius
2226 3341 2465 3424 fretus,
2507 3342 2794 3433 negabo,

253 3431 536 3499 Statuite
584 3430 655 3497 in
708 3451 816 3499 me
862 3430 1197 3517 quicquid
1248 3429 1668 3500 malueritis:
1742 3451 1963 3500 unum
2017 3452 2223 3520 rogO,
2283 3453 2368 3500 ne
2428 3431 2809 3500 me-verbis

254 3518 558 3609 amplius
605 3518 903 3587 tentetis.
944 3541 980 3583 »

339 3610 376 3696 ξ
408 3613 503 3680 θ.
558 3607 682 3677 His
713 3606 939 3687 dictis,
974 3608 1327 3697 conjectus
1368 3607 1527 3678 ilico
1569 3609 1640 3676 in
1672 3629 2051 3700 carcerem,
2089 3607 2386 3677 vinculis
2422 3619 2801 3688 catenatuS‚

252 3696 550 3785 pedibus
599 3706 803 3782 atque
854 3696 1181 3767 manibus
1233 3696 1606 3787 alligatuS,
1663 3697 1750 3765 ad
1802 3696 2169 3766 meridiem
2227 3697 2581 3784 sequentis
2627 3697 2764 3765 diei
2795 3751 2810 3777 ‚

256 3786 377 3872 qui
421 3785 556 3856 fuit
600 3807 684 3852 xx
719 3784 900 3875 Maji,
943 3784 1188 3874 jacuit.
1244 3789 1397 3855 Post
1447 3784 1810 3855 meridiem
1872 3785 2107 3855 statim
2159 3785 2608 3874 protrahitur,
2644 3798 2709 3854 et
2742 3785 2814 3852 in

257 3884 520 3964 partem
572 3873 771 3943 urbis
800 3877 1003 3960 'quae
1052 3874 1395 3943 Orientem
1447 3885 1748 4031 spectat,
1799 3893 2013 3965 prope
2065 3895 2276 3955 mare,
2329 3874 2635 3955 ducitur,
2689 3873 2814 3943 ubi

244 3961 328 4030 ad
368 3962 614 4052 palum
650 3962 886 4032 nudus
921 3961 1271 4052 alligatus,
1301 3963 1479 4053 ssage
1510 3963 1596 4032 lis
1623 3976 1830 4051 atque
1861 3963 2029 4032 loris
2066 3962 2397 4044 caeditur,
2446 3964 2818 4049 acriusque

255 4071 466 4207 guam
493 4049 640 4119 dici
672 4051 912 4141 possit:
953 4047 1297 4141 princ’ipio
1338 4051 1775 4142 flagellorum
1809 4064 1876 4122 et
1915 4052 2277 4122 verberum
2306 4052 2815 4122 contremuisse

305 4138 536 4220 icitur,
588 4150 656 4208 et
704 4139 1030 4211 manibus
1077 4139 1163 4209 ad
1263 4152 1454 4209 ectus
1505 4141 1905 4222 contractis,
1953 4161 2035 4209 ac
2084 4140 2320 4232 digitis
2373 4141 2443 4209 in
2494 4162 2819 4232 pugnum

245 4227 704 4318 compressis,
766 4249 1018 4319 magna
1080 4251 1199 4299 exc
1232 4251 1504 4324 amasse
1551 4251 1718 4299 voce
1747 4254 1768 4294 .·
1806 4229 2020 4319 Virgo
2069 4230 2279 4299 Maria
2309 4284 2325 4311 ,
2382 4228 2637 4317 adjuva
2685 4250 2820 4298 me.

254 4316 415 4386 Inde
463 4315 769 4408 pedibus
829 4317 1041 4388 altero
1087 4317 1173 4388 ad
1217 4318 1510 4388 alterum
1544 4317 1890 4400 adductiS,
1954 4319 2138 4389 stetit
2183 4331 2416 4388 rectus
2449 4318 2521 4387 in
2562 4317 2822 4388 eisdem

254 4407 590 4499 vestigiis,
647 4406 967 4478 mirabile
1012 4407 1227 4489 dictu,
1280 4428 1504 4496 usque
1553 4407 1639 4476 ad
1696 4407 1871 4478 Solis
1935 4428 2282 4479 occasum.
2341 4412 2607 4476 Interea
2651 4406 2819 4474 dum
