<?xml version="1.0" encoding="UTF-8"?>
<!DOCTYPE html PUBLIC "-//W3C//DTD XHTML 1.0 Transitional//EN"
    "http://www.w3.org/TR/xhtml1/DTD/xhtml1-transitional.dtd">
<html xmlns="http://www.w3.org/1999/xhtml" xml:lang="en" lang="en">
 <head>
  <title>
</title>
<meta http-equiv="Content-Type" content="text/html;charset=utf-8" />
  <meta name='ocr-system' content='tesseract 3.04.00' />
  <meta name='ocr-capabilities' content='ocr_page ocr_carea ocr_par ocr_line ocrx_word'/>
</head>
<body>
  <div class='ocr_page' id='page_1' title='image "./historiaeseuvit02lippgoog_0143.png"; bbox 0 0 3357 4995; ppageno 0'>
   <div class='ocr_carea' id='block_1_1' title="bbox 228 322 2670 404">
    <p class='ocr_par' dir='ltr' id='par_1_1' title="bbox 228 322 2670 404">
     <span class='ocr_line' id='line_1_1' title="bbox 228 322 2670 404; baseline 0.002 -6"><span class='ocrx_word' id='word_1_1' title='bbox 228 322 431 400; x_wconf 72' lang='lat' dir='ltr'>51an</span> <span class='ocrx_word' id='word_1_2' title='bbox 484 336 523 399; x_wconf 78' lang='grc' dir='ltr'><em>ὃ</em></span> <span class='ocrx_word' id='word_1_3' title='bbox 890 353 968 399; x_wconf 73' lang='lat' dir='ltr'>1&gt;ss</span> <span class='ocrx_word' id='word_1_4' title='bbox 1018 353 1072 399; x_wconf 90' lang='lat' dir='ltr'>s.</span> <span class='ocrx_word' id='word_1_5' title='bbox 1129 352 1464 402; x_wconf 65' lang='lat' dir='ltr'>commem</span> <span class='ocrx_word' id='word_1_6' title='bbox 1513 355 1711 403; x_wconf 74' lang='lat' dir='ltr'>Erisc.</span> <span class='ocrx_word' id='word_1_7' title='bbox 1766 355 1840 402; x_wconf 78' lang='lat' dir='ltr'>m·</span> <span class='ocrx_word' id='word_1_8' title='bbox 1888 357 2078 403; x_wconf 71' lang='lat' dir='ltr'>MART.</span> <span class='ocrx_word' id='word_1_9' title='bbox 2547 340 2670 404; x_wconf 70' lang='lat'>⁴27</span> 
     </span>
    </p>
   </div>
   <div class='ocr_carea' id='block_1_2' title="bbox 192 432 2766 4515">
    <p class='ocr_par' dir='ltr' id='par_1_2' title="bbox 192 432 2761 2296">
     <span class='ocr_line' id='line_1_2' title="bbox 232 432 2755 526; baseline 0.002 -25"><span class='ocrx_word' id='word_1_10' title='bbox 232 453 299 501; x_wconf 87' lang='lat' dir='ltr'>se</span> <span class='ocrx_word' id='word_1_11' title='bbox 321 432 888 521; x_wconf 80' lang='lat' dir='ltr'>colloquerentur,</span> <span class='ocrx_word' id='word_1_12' title='bbox 913 432 1206 503; x_wconf 88' lang='lat' dir='ltr'>Gervilio</span> <span class='ocrx_word' id='word_1_13' title='bbox 1233 433 1408 503; x_wconf 88' lang='lat' dir='ltr'>clam</span> <span class='ocrx_word' id='word_1_14' title='bbox 1435 435 1660 505; x_wconf 85' lang='lat' dir='ltr'>ferens</span> <span class='ocrx_word' id='word_1_15' title='bbox 1683 434 2021 526; x_wconf 86' lang='lat' dir='ltr'><strong>gladium,</strong></span> <span class='ocrx_word' id='word_1_16' title='bbox 2052 436 2401 505; x_wconf 86' lang='lat' dir='ltr'>hominem</span> <span class='ocrx_word' id='word_1_17' title='bbox 2429 437 2755 519; x_wconf 76' lang='lat' dir='ltr'>confodit,</span> 
     </span>
     <span class='ocr_line' id='line_1_3' title="bbox 231 520 2759 613; baseline 0.003 -25"><span class='ocrx_word' id='word_1_18' title='bbox 231 520 315 590; x_wconf 90' lang='lat' dir='ltr'>ita</span> <span class='ocrx_word' id='word_1_19' title='bbox 355 520 629 590; x_wconf 89' lang='lat' dir='ltr'>dicens:</span> <span class='ocrx_word' id='word_1_20' title='bbox 683 522 925 611; x_wconf 81' lang='lat' dir='ltr'>Accipe</span> <span class='ocrx_word' id='word_1_21' title='bbox 961 522 1109 609; x_wconf 88' lang='lat' dir='ltr'>jam</span> <span class='ocrx_word' id='word_1_22' title='bbox 1146 522 1430 605; x_wconf 89' lang='lat' dir='ltr'>serrum,</span> <span class='ocrx_word' id='word_1_23' title='bbox 1477 546 1613 611; x_wconf 90' lang='lat' dir='ltr'>quo</span> <span class='ocrx_word' id='word_1_24' title='bbox 1645 536 1910 613; x_wconf 84' lang='lat' dir='ltr'>patrem</span> <span class='ocrx_word' id='word_1_25' title='bbox 1964 524 2236 594; x_wconf 87' lang='lat' dir='ltr'>vindico</span> <span class='ocrx_word' id='word_1_26' title='bbox 2284 526 2600 595; x_wconf 89' lang='lat' dir='ltr'>charum.</span> <span class='ocrx_word' id='word_1_27' title='bbox 2635 526 2759 595; x_wconf 90' lang='lat' dir='ltr'>Ille</span> 
     </span>
     <span class='ocr_line' id='line_1_4' title="bbox 230 611 2759 704; baseline 0.002 -27"><span class='ocrx_word' id='word_1_28' title='bbox 230 631 369 679; x_wconf 85' lang='lat' dir='ltr'>mox</span> <span class='ocrx_word' id='word_1_29' title='bbox 414 632 495 679; x_wconf 86' lang='lat' dir='ltr'>ex</span> <span class='ocrx_word' id='word_1_30' title='bbox 543 631 723 697; x_wconf 90' lang='lat' dir='ltr'>equo</span> <span class='ocrx_word' id='word_1_31' title='bbox 770 631 1121 690; x_wconf 85' lang='lat' dir='ltr'>corruens,</span> <span class='ocrx_word' id='word_1_32' title='bbox 1167 612 1239 679; x_wconf 91' lang='lat' dir='ltr'>in</span> <span class='ocrx_word' id='word_1_33' title='bbox 1289 611 1581 682; x_wconf 89' lang='lat' dir='ltr'>flumine</span> <span class='ocrx_word' id='word_1_34' title='bbox 1605 613 1877 683; x_wconf 81' lang='lat' dir='ltr'>exhalat</span> <span class='ocrx_word' id='word_1_35' title='bbox 1907 612 2258 702; x_wconf 88' lang='lat' dir='ltr'>spiritum.</span> <span class='ocrx_word' id='word_1_36' title='bbox 2306 619 2606 704; x_wconf 89' lang='lat' dir='ltr'>Repente</span> <span class='ocrx_word' id='word_1_37' title='bbox 2634 637 2759 683; x_wconf 87' lang='lat' dir='ltr'>au-</span> 
     </span>
     <span class='ocr_line' id='line_1_5' title="bbox 233 699 2761 789; baseline 0.002 -21"><span class='ocrx_word' id='word_1_38' title='bbox 233 710 348 768; x_wconf 86' lang='lat' dir='ltr'>tem</span> <span class='ocrx_word' id='word_1_39' title='bbox 393 700 548 789; x_wconf 87' lang='lat' dir='ltr'>ejus</span> <span class='ocrx_word' id='word_1_40' title='bbox 613 711 965 787; x_wconf 87' lang='lat' dir='ltr'>comperta</span> <span class='ocrx_word' id='word_1_41' title='bbox 1019 699 1277 781; x_wconf 79' lang='lat' dir='ltr'>caede,</span> <span class='ocrx_word' id='word_1_42' title='bbox 1349 700 1622 772; x_wconf 89' lang='lat' dir='ltr'>sublato</span> <span class='ocrx_word' id='word_1_43' title='bbox 1687 701 1989 771; x_wconf 89' lang='lat' dir='ltr'>clamore</span> <span class='ocrx_word' id='word_1_44' title='bbox 2049 702 2380 789; x_wconf 84' lang='lat' dir='ltr'>utrinque</span> <span class='ocrx_word' id='word_1_45' title='bbox 2429 702 2513 772; x_wconf 88' lang='lat' dir='ltr'>ad</span> <span class='ocrx_word' id='word_1_46' title='bbox 2565 725 2761 772; x_wconf 88' lang='lat' dir='ltr'>arma</span> 
     </span>
     <span class='ocr_line' id='line_1_6' title="bbox 228 785 2760 877; baseline 0.002 -22"><span class='ocrx_word' id='word_1_47' title='bbox 228 787 675 867; x_wconf 81' lang='lat' dir='ltr'>concurritur,</span> <span class='ocrx_word' id='word_1_48' title='bbox 704 785 782 855; x_wconf 80' lang='lat' dir='ltr'>fit</span> <span class='ocrx_word' id='word_1_49' title='bbox 800 809 1032 877; x_wconf 89' lang='lat' dir='ltr'>pugna</span> <span class='ocrx_word' id='word_1_50' title='bbox 1052 800 1266 870; x_wconf 86' lang='lat' dir='ltr'>atrox,</span> <span class='ocrx_word' id='word_1_51' title='bbox 1293 790 1677 861; x_wconf 81' lang='lat' dir='ltr'>saxonibus</span> <span class='ocrx_word' id='word_1_52' title='bbox 1705 790 1925 869; x_wconf 89' lang='lat' dir='ltr'>victis,</span> <span class='ocrx_word' id='word_1_53' title='bbox 1950 789 2495 861; x_wconf 81' lang='lat' dir='ltr'>carolomannus</span> <span class='ocrx_word' id='word_1_54' title='bbox 2516 791 2601 859; x_wconf 89' lang='lat' dir='ltr'>ad</span> <span class='ocrx_word' id='word_1_55' title='bbox 2634 814 2760 861; x_wconf 89' lang='lat' dir='ltr'>sua</span> 
     </span>
     <span class='ocr_line' id='line_1_7' title="bbox 224 875 2755 968; baseline 0.001 -23"><span class='ocrx_word' id='word_1_56' title='bbox 224 897 288 945; x_wconf 87' lang='lat' dir='ltr'>se</span> <span class='ocrx_word' id='word_1_57' title='bbox 330 876 599 967; x_wconf 85' lang='lat' dir='ltr'>recipit,</span> <span class='ocrx_word' id='word_1_58' title='bbox 655 875 930 945; x_wconf 89' lang='lat' dir='ltr'>nemine</span> <span class='ocrx_word' id='word_1_59' title='bbox 979 888 1122 946; x_wconf 89' lang='lat' dir='ltr'>tum</span> <span class='ocrx_word' id='word_1_60' title='bbox 1176 877 1244 946; x_wconf 90' lang='lat' dir='ltr'>id</span> <span class='ocrx_word' id='word_1_61' title='bbox 1294 877 1478 965; x_wconf 90' lang='lat' dir='ltr'>quod</span> <span class='ocrx_word' id='word_1_62' title='bbox 1530 878 1823 950; x_wconf 88' lang='lat' dir='ltr'>Gervilio</span> <span class='ocrx_word' id='word_1_63' title='bbox 1879 878 2151 959; x_wconf 80' lang='lat' dir='ltr'>fecerat,</span> <span class='ocrx_word' id='word_1_64' title='bbox 2213 900 2336 968; x_wconf 88' lang='lat' dir='ltr'>pro</span> <span class='ocrx_word' id='word_1_65' title='bbox 2377 878 2755 949; x_wconf 89' lang='lat' dir='ltr'>homicidio</span> 
     </span>
     <span class='ocr_line' id='line_1_8' title="bbox 221 964 2760 1058; baseline 0.001 -24"><span class='ocrx_word' id='word_1_66' title='bbox 221 964 275 1034; x_wconf 88' lang='lat' dir='ltr'>ei</span> <span class='ocrx_word' id='word_1_67' title='bbox 323 966 735 1056; x_wconf 79' lang='lat' dir='ltr'>imputante.</span> <span class='ocrx_word' id='word_1_68' title='bbox 791 967 1026 1051; x_wconf 89' lang='lat' dir='ltr'>Itaque</span> <span class='ocrx_word' id='word_1_69' title='bbox 1075 987 1389 1037; x_wconf 88' lang='lat' dir='ltr'>reversus</span> <span class='ocrx_word' id='word_1_70' title='bbox 1418 966 1729 1046; x_wconf 89' lang='lat' dir='ltr'>domum,</span> <span class='ocrx_word' id='word_1_71' title='bbox 1772 967 2066 1058; x_wconf 85' lang='lat' dir='ltr'>perrexit</span> <span class='ocrx_word' id='word_1_72' title='bbox 2115 967 2316 1038; x_wconf 88' lang='lat' dir='ltr'>solito</span> <span class='ocrx_word' id='word_1_73' title='bbox 2366 988 2553 1037; x_wconf 91' lang='lat' dir='ltr'>more</span> <span class='ocrx_word' id='word_1_74' title='bbox 2601 968 2760 1058; x_wconf 89' lang='lat' dir='ltr'>Epi-</span> 
     </span>
     <span class='ocr_line' id='line_1_9' title="bbox 219 1052 2758 1143; baseline 0 -19"><span class='ocrx_word' id='word_1_75' title='bbox 219 1054 403 1143; x_wconf 84' lang='lat' dir='ltr'>scopi</span> <span class='ocrx_word' id='word_1_76' title='bbox 456 1054 696 1124; x_wconf 91' lang='lat' dir='ltr'>munia</span> <span class='ocrx_word' id='word_1_77' title='bbox 745 1052 957 1123; x_wconf 89' lang='lat' dir='ltr'>obire.</span> <span class='ocrx_word' id='word_1_78' title='bbox 1024 1058 1099 1124; x_wconf 81' lang='lat' dir='ltr'>At</span> <span class='ocrx_word' id='word_1_79' title='bbox 1146 1067 1429 1124; x_wconf 89' lang='lat' dir='ltr'>sanctus</span> <span class='ocrx_word' id='word_1_80' title='bbox 1468 1056 1743 1126; x_wconf 88' lang='lat' dir='ltr'>Praesul</span> <span class='ocrx_word' id='word_1_81' title='bbox 1814 1056 2207 1126; x_wconf 87' lang='lat' dir='ltr'>Bonifacius</span> <span class='ocrx_word' id='word_1_82' title='bbox 2267 1056 2444 1126; x_wconf 86' lang='lat' dir='ltr'>inter</span> <span class='ocrx_word' id='word_1_83' title='bbox 2490 1055 2758 1126; x_wconf 84' lang='lat' dir='ltr'>caetera</span> 
     </span>
     <span class='ocr_line' id='line_1_10' title="bbox 215 1142 2760 1232; baseline 0.001 -20"><span class='ocrx_word' id='word_1_84' title='bbox 215 1143 339 1212; x_wconf 91' lang='lat' dir='ltr'>hoc</span> <span class='ocrx_word' id='word_1_85' title='bbox 386 1143 601 1212; x_wconf 91' lang='lat' dir='ltr'>etiam</span> <span class='ocrx_word' id='word_1_86' title='bbox 648 1142 718 1210; x_wconf 94' lang='lat' dir='ltr'>in</span> <span class='ocrx_word' id='word_1_87' title='bbox 773 1142 1045 1230; x_wconf 88' lang='lat' dir='ltr'>Synodo</span> <span class='ocrx_word' id='word_1_88' title='bbox 1079 1144 1583 1232; x_wconf 83' lang='lat' dir='ltr'>pronunciavit,</span> <span class='ocrx_word' id='word_1_89' title='bbox 1627 1146 1976 1214; x_wconf 89' lang='lat' dir='ltr'>neminem</span> <span class='ocrx_word' id='word_1_90' title='bbox 2027 1144 2150 1232; x_wconf 88' lang='lat' dir='ltr'>qui</span> <span class='ocrx_word' id='word_1_91' title='bbox 2179 1145 2506 1215; x_wconf 71' lang='lat' dir='ltr'>&#39;hominis</span> <span class='ocrx_word' id='word_1_92' title='bbox 2552 1145 2760 1214; x_wconf 89' lang='lat' dir='ltr'>caede</span> 
     </span>
     <span class='ocr_line' id='line_1_11' title="bbox 214 1230 2760 1323; baseline 0.001 -23"><span class='ocrx_word' id='word_1_93' title='bbox 214 1231 528 1322; x_wconf 88' lang='lat' dir='ltr'>pollutus</span> <span class='ocrx_word' id='word_1_94' title='bbox 560 1230 672 1310; x_wconf 89' lang='lat' dir='ltr'>sit,</span> <span class='ocrx_word' id='word_1_95' title='bbox 711 1230 1089 1301; x_wconf 89' lang='lat' dir='ltr'>sacerdotio</span> <span class='ocrx_word' id='word_1_96' title='bbox 1119 1231 1313 1322; x_wconf 85' lang='lat' dir='ltr'>fungi</span> <span class='ocrx_word' id='word_1_97' title='bbox 1368 1255 1588 1322; x_wconf 91' lang='lat' dir='ltr'>posse.</span> <span class='ocrx_word' id='word_1_98' title='bbox 1628 1239 1800 1304; x_wconf 91' lang='lat' dir='ltr'>Tum</span> <span class='ocrx_word' id='word_1_99' title='bbox 1840 1234 2046 1304; x_wconf 90' lang='lat' dir='ltr'>etiam</span> <span class='ocrx_word' id='word_1_100' title='bbox 2096 1233 2347 1323; x_wconf 79' lang='lat' dir='ltr'>obJecit</span> <span class='ocrx_word' id='word_1_101' title='bbox 2394 1234 2480 1314; x_wconf 91' lang='lat' dir='ltr'>ei,</span> <span class='ocrx_word' id='word_1_102' title='bbox 2513 1235 2661 1303; x_wconf 90' lang='lat' dir='ltr'>suis</span> <span class='ocrx_word' id='word_1_103' title='bbox 2688 1255 2760 1304; x_wconf 91' lang='lat' dir='ltr'>se</span> 
     </span>
     <span class='ocr_line' id='line_1_12' title="bbox 215 1317 2755 1411; baseline 0 -20"><span class='ocrx_word' id='word_1_104' title='bbox 215 1320 656 1411; x_wconf 86' lang='lat' dir='ltr'>conspexisse</span> <span class='ocrx_word' id='word_1_105' title='bbox 700 1317 920 1390; x_wconf 89' lang='lat' dir='ltr'>oculis</span> <span class='ocrx_word' id='word_1_106' title='bbox 968 1319 1165 1389; x_wconf 88' lang='lat' dir='ltr'>illum</span> <span class='ocrx_word' id='word_1_107' title='bbox 1199 1342 1359 1390; x_wconf 91' lang='lat' dir='ltr'>cum</span> <span class='ocrx_word' id='word_1_108' title='bbox 1407 1322 1650 1391; x_wconf 87' lang='lat' dir='ltr'>avibus</span> <span class='ocrx_word' id='word_1_109' title='bbox 1698 1335 1763 1392; x_wconf 91' lang='lat' dir='ltr'>et</span> <span class='ocrx_word' id='word_1_110' title='bbox 1813 1322 2108 1393; x_wconf 89' lang='lat' dir='ltr'>canibus</span> <span class='ocrx_word' id='word_1_111' title='bbox 2164 1321 2517 1392; x_wconf 88' lang='lat' dir='ltr'>ludentem</span> <span class='ocrx_word' id='word_1_112' title='bbox 2568 1322 2755 1409; x_wconf 89' lang='lat' dir='ltr'>quod</span> 
     </span>
     <span class='ocr_line' id='line_1_13' title="bbox 192 1408 2756 1498; baseline 0.002 -22"><span class='ocrx_word' id='word_1_113' title='bbox 192 1410 556 1498; x_wconf 69' lang='lat' dir='ltr'>,Episcopo</span> <span class='ocrx_word' id='word_1_114' title='bbox 605 1408 706 1477; x_wconf 87' lang='lat' dir='ltr'>fas</span> <span class='ocrx_word' id='word_1_115' title='bbox 754 1429 887 1478; x_wconf 91' lang='lat' dir='ltr'>non</span> <span class='ocrx_word' id='word_1_116' title='bbox 937 1423 1135 1479; x_wconf 87' lang='lat' dir='ltr'>esset.</span> <span class='ocrx_word' id='word_1_117' title='bbox 1191 1409 1483 1480; x_wconf 91' lang='lat' dir='ltr'>Gervilio</span> <span class='ocrx_word' id='word_1_118' title='bbox 1533 1410 1642 1483; x_wconf 90' lang='lat' dir='ltr'>his</span> <span class='ocrx_word' id='word_1_119' title='bbox 1691 1410 1990 1491; x_wconf 79' lang='lat' dir='ltr'>auditiS,</span> <span class='ocrx_word' id='word_1_120' title='bbox 2058 1410 2361 1480; x_wconf 87' lang='lat' dir='ltr'>sentiens</span> <span class='ocrx_word' id='word_1_121' title='bbox 2423 1432 2496 1480; x_wconf 90' lang='lat' dir='ltr'>se</span> <span class='ocrx_word' id='word_1_122' title='bbox 2561 1411 2756 1480; x_wconf 89' lang='lat' dir='ltr'>nullo</span> 
     </span>
     <span class='ocr_line' id='line_1_14' title="bbox 216 1496 2755 1589; baseline 0 -22"><span class='ocrx_word' id='word_1_123' title='bbox 216 1511 411 1587; x_wconf 88' lang='lat' dir='ltr'>pacto</span> <span class='ocrx_word' id='word_1_124' title='bbox 448 1509 689 1567; x_wconf 90' lang='lat' dir='ltr'>contra</span> <span class='ocrx_word' id='word_1_125' title='bbox 721 1498 1081 1566; x_wconf 87' lang='lat' dir='ltr'>stimulum</span> <span class='ocrx_word' id='word_1_126' title='bbox 1118 1496 1217 1566; x_wconf 83' lang='lat' dir='ltr'>vel</span> <span class='ocrx_word' id='word_1_127' title='bbox 1268 1498 1599 1568; x_wconf 84' lang='lat' dir='ltr'>secularis</span> <span class='ocrx_word' id='word_1_128' title='bbox 1636 1500 1997 1589; x_wconf 91' lang='lat' dir='ltr'>potentiae,</span> <span class='ocrx_word' id='word_1_129' title='bbox 2054 1498 2153 1568; x_wconf 92' lang='lat' dir='ltr'>vel</span> <span class='ocrx_word' id='word_1_130' title='bbox 2198 1500 2580 1569; x_wconf 88' lang='lat' dir='ltr'>Canonicae</span> <span class='ocrx_word' id='word_1_131' title='bbox 2628 1522 2755 1568; x_wconf 92' lang='lat' dir='ltr'>au-</span> 
     </span>
     <span class='ocr_line' id='line_1_15' title="bbox 214 1585 2758 1678; baseline 0.001 -23"><span class='ocrx_word' id='word_1_132' title='bbox 214 1585 551 1656; x_wconf 88' lang='lat' dir='ltr'>ctoritatis</span> <span class='ocrx_word' id='word_1_133' title='bbox 613 1607 788 1672; x_wconf 89' lang='lat' dir='ltr'>quae</span> <span class='ocrx_word' id='word_1_134' title='bbox 848 1607 969 1677; x_wconf 87' lang='lat' dir='ltr'>per</span> <span class='ocrx_word' id='word_1_135' title='bbox 1015 1590 1081 1655; x_wconf 91' lang='lat' dir='ltr'>S.</span> <span class='ocrx_word' id='word_1_136' title='bbox 1120 1587 1546 1657; x_wconf 89' lang='lat' dir='ltr'>Bonifacium</span> <span class='ocrx_word' id='word_1_137' title='bbox 1600 1589 1669 1656; x_wconf 92' lang='lat' dir='ltr'>in</span> <span class='ocrx_word' id='word_1_138' title='bbox 1726 1600 2116 1678; x_wconf 86' lang='lat' dir='ltr'>praesentes</span> <span class='ocrx_word' id='word_1_139' title='bbox 2164 1609 2406 1657; x_wconf 89' lang='lat' dir='ltr'>omnes</span> <span class='ocrx_word' id='word_1_140' title='bbox 2457 1587 2758 1678; x_wconf 85' lang='lat' dir='ltr'>profere-</span> 
     </span>
     <span class='ocr_line' id='line_1_16' title="bbox 216 1672 2758 1766; baseline 0.001 -23"><span class='ocrx_word' id='word_1_141' title='bbox 216 1675 440 1756; x_wconf 86' lang='lat' dir='ltr'>batur,</span> <span class='ocrx_word' id='word_1_142' title='bbox 496 1672 852 1745; x_wconf 86' lang='lat' dir='ltr'>calcitrare</span> <span class='ocrx_word' id='word_1_143' title='bbox 887 1696 1106 1766; x_wconf 88' lang='lat' dir='ltr'>posse‚</span> <span class='ocrx_word' id='word_1_144' title='bbox 1142 1676 1456 1745; x_wconf 90' lang='lat' dir='ltr'>omnium</span> <span class='ocrx_word' id='word_1_145' title='bbox 1491 1676 1576 1746; x_wconf 90' lang='lat' dir='ltr'>de</span> <span class='ocrx_word' id='word_1_146' title='bbox 1615 1699 1689 1748; x_wconf 89' lang='lat' dir='ltr'>se</span> <span class='ocrx_word' id='word_1_147' title='bbox 1727 1676 2018 1747; x_wconf 88' lang='lat' dir='ltr'>calculis</span> <span class='ocrx_word' id='word_1_148' title='bbox 2067 1675 2503 1766; x_wconf 87' lang='lat' dir='ltr'>subscripsit,</span> <span class='ocrx_word' id='word_1_149' title='bbox 2548 1690 2612 1746; x_wconf 92' lang='lat' dir='ltr'>et</span> <span class='ocrx_word' id='word_1_150' title='bbox 2645 1698 2758 1746; x_wconf 88' lang='lat' dir='ltr'>ex-</span> 
     </span>
     <span class='ocr_line' id='line_1_17' title="bbox 215 1764 2758 1854; baseline 0.001 -23"><span class='ocrx_word' id='word_1_151' title='bbox 215 1776 614 1834; x_wconf 88' lang='lat' dir='ltr'>auctoratus</span> <span class='ocrx_word' id='word_1_152' title='bbox 660 1775 781 1832; x_wconf 90' lang='lat' dir='ltr'>est.</span> <span class='ocrx_word' id='word_1_153' title='bbox 835 1769 927 1832; x_wconf 92' lang='lat' dir='ltr'>Eo</span> <span class='ocrx_word' id='word_1_154' title='bbox 975 1776 1201 1833; x_wconf 89' lang='lat' dir='ltr'>autem</span> <span class='ocrx_word' id='word_1_155' title='bbox 1253 1764 1586 1854; x_wconf 89' lang='lat' dir='ltr'>deposit0‚</span> <span class='ocrx_word' id='word_1_156' title='bbox 1628 1771 1694 1834; x_wconf 91' lang='lat' dir='ltr'>S.</span> <span class='ocrx_word' id='word_1_157' title='bbox 1728 1764 2120 1836; x_wconf 83' lang='lat' dir='ltr'>Bonifacius</span> <span class='ocrx_word' id='word_1_158' title='bbox 2169 1787 2209 1833; x_wconf 90' lang='lat' dir='ltr'>a</span> <span class='ocrx_word' id='word_1_159' title='bbox 2258 1765 2758 1835; x_wconf 76' lang='lat' dir='ltr'>carolomanno</span> 
     </span>
     <span class='ocr_line' id='line_1_18' title="bbox 206 1850 2759 1945; baseline 0.002 -26"><span class='ocrx_word' id='word_1_160' title='bbox 206 1863 275 1934; x_wconf 54' lang='lat' dir='ltr'>,et</span> <span class='ocrx_word' id='word_1_161' title='bbox 322 1852 575 1942; x_wconf 89' lang='lat' dir='ltr'>Pipino</span> <span class='ocrx_word' id='word_1_162' title='bbox 620 1850 827 1922; x_wconf 85' lang='lat' dir='ltr'>fratre</span> <span class='ocrx_word' id='word_1_163' title='bbox 872 1853 1021 1943; x_wconf 85' lang='lat' dir='ltr'>ejus</span> <span class='ocrx_word' id='word_1_164' title='bbox 1072 1854 1509 1943; x_wconf 86' lang='lat' dir='ltr'>Moguntinae</span> <span class='ocrx_word' id='word_1_165' title='bbox 1541 1855 1703 1924; x_wconf 80' lang='lat' dir='ltr'>sedi</span> <span class='ocrx_word' id='word_1_166' title='bbox 1755 1854 2173 1945; x_wconf 74' lang='lat' dir='ltr'>praeficitur,</span> <span class='ocrx_word' id='word_1_167' title='bbox 2217 1867 2283 1922; x_wconf 90' lang='lat' dir='ltr'>et</span> <span class='ocrx_word' id='word_1_168' title='bbox 2329 1866 2406 1923; x_wconf 89' lang='lat' dir='ltr'>ut</span> <span class='ocrx_word' id='word_1_169' title='bbox 2451 1855 2603 1945; x_wconf 78' lang='lat' dir='ltr'>eJus</span> <span class='ocrx_word' id='word_1_170' title='bbox 2651 1854 2759 1923; x_wconf 91' lang='lat' dir='ltr'>di-</span> 
     </span>
     <span class='ocr_line' id='line_1_19' title="bbox 214 1941 2755 2043; baseline 0.001 -34"><span class='ocrx_word' id='word_1_171' title='bbox 214 1941 446 2031; x_wconf 87' lang='lat' dir='ltr'>gnitas</span> <span class='ocrx_word' id='word_1_172' title='bbox 495 1953 671 2010; x_wconf 88' lang='lat' dir='ltr'>esset</span> <span class='ocrx_word' id='word_1_173' title='bbox 718 1941 1173 2021; x_wconf 83' lang='lat' dir='ltr'>eminentior,</span> <span class='ocrx_word' id='word_1_174' title='bbox 1243 1954 1630 2012; x_wconf 87' lang='lat' dir='ltr'>statuerunt</span> <span class='ocrx_word' id='word_1_175' title='bbox 1695 1943 1906 2012; x_wconf 89' lang='lat' dir='ltr'>iidem</span> <span class='ocrx_word' id='word_1_176' title='bbox 1973 1941 2328 2043; x_wconf 88' lang='lat' dir='ltr'>principes</span> <span class='ocrx_word' id='word_1_177' title='bbox 2377 1943 2755 2013; x_wconf 89' lang='lat' dir='ltr'>Ecclesiam</span> 
     </span>
     <span class='ocr_line' id='line_1_20' title="bbox 198 2029 2761 2121; baseline 0.002 -24"><span class='ocrx_word' id='word_1_178' title='bbox 198 2034 317 2099; x_wconf 82' lang='lat' dir='ltr'>‘Mo</span> <span class='ocrx_word' id='word_1_179' title='bbox 423 2030 690 2098; x_wconf 89' lang='lat' dir='ltr'>ntinam</span> <span class='ocrx_word' id='word_1_180' title='bbox 741 2051 915 2116; x_wconf 89' lang='lat' dir='ltr'>quae</span> <span class='ocrx_word' id='word_1_181' title='bbox 964 2042 1107 2099; x_wconf 90' lang='lat' dir='ltr'>tum</span> <span class='ocrx_word' id='word_1_182' title='bbox 1159 2029 1353 2099; x_wconf 89' lang='lat' dir='ltr'>alteri</span> <span class='ocrx_word' id='word_1_183' title='bbox 1402 2032 1713 2121; x_wconf 88' lang='lat' dir='ltr'>subjecta</span> <span class='ocrx_word' id='word_1_184' title='bbox 1761 2044 1926 2112; x_wconf 89' lang='lat' dir='ltr'>erat,</span> <span class='ocrx_word' id='word_1_185' title='bbox 1969 2054 2035 2100; x_wconf 79' lang='lat' dir='ltr'>tn</span> <span class='ocrx_word' id='word_1_186' title='bbox 2095 2030 2304 2102; x_wconf 90' lang='lat' dir='ltr'>totius</span> <span class='ocrx_word' id='word_1_187' title='bbox 2354 2033 2761 2101; x_wconf 88' lang='lat' dir='ltr'>Germaniae</span> 
     </span>
     <span class='ocr_line' id='line_1_21' title="bbox 214 2117 2759 2211; baseline 0 -24"><span class='ocrx_word' id='word_1_188' title='bbox 214 2140 328 2187; x_wconf 89' lang='lat' dir='ltr'>ecc</span> <span class='ocrx_word' id='word_1_189' title='bbox 360 2117 672 2188; x_wconf 88' lang='lat' dir='ltr'>esiarum</span> <span class='ocrx_word' id='word_1_190' title='bbox 739 2117 1169 2207; x_wconf 88' lang='lat' dir='ltr'>metropolim</span> <span class='ocrx_word' id='word_1_191' title='bbox 1232 2120 1631 2207; x_wconf 87' lang='lat' dir='ltr'>provehere:</span> <span class='ocrx_word' id='word_1_192' title='bbox 1692 2121 2039 2207; x_wconf 74' lang='lat' dir='ltr'>missaque</span> <span class='ocrx_word' id='word_1_193' title='bbox 2088 2141 2243 2189; x_wconf 85' lang='lat' dir='ltr'>mox</span> <span class='ocrx_word' id='word_1_194' title='bbox 2301 2118 2663 2211; x_wconf 83' lang='lat' dir='ltr'>legatione,</span> <span class='ocrx_word' id='word_1_195' title='bbox 2719 2143 2759 2188; x_wconf 89' lang='lat' dir='ltr'>a</span> 
     </span>
     <span class='ocr_line' id='line_1_22' title="bbox 216 2205 1539 2296; baseline -0.001 -21"><span class='ocrx_word' id='word_1_196' title='bbox 216 2212 531 2277; x_wconf 88' lang='lat' dir='ltr'>Romano</span> <span class='ocrx_word' id='word_1_197' title='bbox 565 2205 889 2275; x_wconf 83' lang='lat' dir='ltr'>Pontifice</span> <span class='ocrx_word' id='word_1_198' title='bbox 939 2206 1005 2275; x_wconf 91' lang='lat' dir='ltr'>id</span> <span class='ocrx_word' id='word_1_199' title='bbox 1056 2206 1539 2296; x_wconf 87' lang='lat' dir='ltr'>impetrarunt.</span> 
     </span>
    </p>

    <p class='ocr_par' dir='ltr' id='par_1_3' title="bbox 214 2296 2762 3804">
     <span class='ocr_line' id='line_1_23' title="bbox 299 2296 2760 2387; baseline 0 -21"><span class='ocrx_word' id='word_1_200' title='bbox 299 2298 337 2383; x_wconf 69' lang='grc' dir='ltr'>ξ</span> <span class='ocrx_word' id='word_1_201' title='bbox 390 2299 556 2366; x_wconf 62' lang='lat'>28.</span> <span class='ocrx_word' id='word_1_202' title='bbox 613 2299 703 2363; x_wconf 90' lang='lat' dir='ltr'>Ea</span> <span class='ocrx_word' id='word_1_203' title='bbox 755 2313 910 2364; x_wconf 89' lang='lat' dir='ltr'>vero</span> <span class='ocrx_word' id='word_1_204' title='bbox 948 2296 1347 2365; x_wconf 88' lang='lat' dir='ltr'>auctoritate</span> <span class='ocrx_word' id='word_1_205' title='bbox 1381 2296 1594 2366; x_wconf 86' lang='lat' dir='ltr'>fretus</span> <span class='ocrx_word' id='word_1_206' title='bbox 1647 2302 1712 2367; x_wconf 89' lang='lat' dir='ltr'>S.</span> <span class='ocrx_word' id='word_1_207' title='bbox 1758 2298 2171 2377; x_wconf 88' lang='lat' dir='ltr'>Bonifacius,</span> <span class='ocrx_word' id='word_1_208' title='bbox 2227 2298 2451 2387; x_wconf 90' lang='lat' dir='ltr'>coepit</span> <span class='ocrx_word' id='word_1_209' title='bbox 2499 2298 2760 2384; x_wconf 90' lang='lat' dir='ltr'>ubique</span> 
     </span>
     <span class='ocr_line' id='line_1_24' title="bbox 214 2383 2759 2476; baseline 0 -23"><span class='ocrx_word' id='word_1_210' title='bbox 214 2407 336 2453; x_wconf 86' lang='lat' dir='ltr'>ceu</span> <span class='ocrx_word' id='word_1_211' title='bbox 391 2405 615 2453; x_wconf 87' lang='lat' dir='ltr'>novus</span> <span class='ocrx_word' id='word_1_212' title='bbox 662 2383 945 2470; x_wconf 81' lang='lat' dir='ltr'>quidam</span> <span class='ocrx_word' id='word_1_213' title='bbox 997 2384 1539 2456; x_wconf 85' lang='lat' dir='ltr'>archimandrita</span> <span class='ocrx_word' id='word_1_214' title='bbox 1605 2386 1916 2476; x_wconf 89' lang='lat' dir='ltr'>plantare</span> <span class='ocrx_word' id='word_1_215' title='bbox 1964 2386 2240 2468; x_wconf 89' lang='lat' dir='ltr'>divina,</span> <span class='ocrx_word' id='word_1_216' title='bbox 2306 2386 2645 2475; x_wconf 83' lang='lat' dir='ltr'>extirpare</span> <span class='ocrx_word' id='word_1_217' title='bbox 2693 2399 2759 2455; x_wconf 85' lang='lat' dir='ltr'>et</span> 
     </span>
     <span class='ocr_line' id='line_1_25' title="bbox 215 2472 2752 2573; baseline 0 -30"><span class='ocrx_word' id='word_1_218' title='bbox 215 2472 590 2573; x_wconf 86' lang='lat' dir='ltr'>profligare</span> <span class='ocrx_word' id='word_1_219' title='bbox 650 2493 828 2559; x_wconf 87' lang='lat' dir='ltr'>quae</span> <span class='ocrx_word' id='word_1_220' title='bbox 876 2478 1164 2543; x_wconf 89' lang='lat' dir='ltr'>Satanae</span> <span class='ocrx_word' id='word_1_221' title='bbox 1210 2485 1370 2543; x_wconf 90' lang='lat' dir='ltr'>sunt</span> <span class='ocrx_word' id='word_1_222' title='bbox 1399 2530 1414 2554; x_wconf 92' lang='lat'>‚</span> <span class='ocrx_word' id='word_1_223' title='bbox 1467 2475 1799 2546; x_wconf 90' lang='lat' dir='ltr'>coenobia</span> <span class='ocrx_word' id='word_1_224' title='bbox 1845 2488 1910 2545; x_wconf 85' lang='lat' dir='ltr'>et</span> <span class='ocrx_word' id='word_1_225' title='bbox 1956 2474 2282 2547; x_wconf 88' lang='lat' dir='ltr'>ecclesias</span> <span class='ocrx_word' id='word_1_226' title='bbox 2331 2487 2752 2556; x_wconf 83' lang='lat' dir='ltr'>construere,</span> 
     </span>
     <span class='ocr_line' id='line_1_26' title="bbox 216 2560 2757 2655; baseline 0.001 -26"><span class='ocrx_word' id='word_1_227' title='bbox 216 2562 466 2630; x_wconf 78' lang='lat' dir='ltr'>iisdem</span> <span class='ocrx_word' id='word_1_228' title='bbox 515 2560 836 2631; x_wconf 88' lang='lat' dir='ltr'>Ecclesiis</span> <span class='ocrx_word' id='word_1_229' title='bbox 894 2577 1198 2652; x_wconf 88' lang='lat' dir='ltr'>pastores</span> <span class='ocrx_word' id='word_1_230' title='bbox 1260 2561 1747 2634; x_wconf 86' lang='lat' dir='ltr'>solertissimos</span> <span class='ocrx_word' id='word_1_231' title='bbox 1810 2565 2201 2655; x_wconf 85' lang='lat' dir='ltr'>praeficere.</span> <span class='ocrx_word' id='word_1_232' title='bbox 2249 2569 2414 2633; x_wconf 90' lang='lat' dir='ltr'>Nam</span> <span class='ocrx_word' id='word_1_233' title='bbox 2487 2575 2757 2653; x_wconf 87' lang='lat' dir='ltr'>praeter</span> 
     </span>
     <span class='ocr_line' id='line_1_27' title="bbox 216 2650 2759 2806; baseline 0 -87"><span class='ocrx_word' id='word_1_234' title='bbox 216 2650 476 2720; x_wconf 89' lang='lat' dir='ltr'>multos</span> <span class='ocrx_word' id='word_1_235' title='bbox 495 2651 661 2806; x_wconf 58' lang='lat' dir='ltr'>s{am</span> <span class='ocrx_word' id='word_1_236' title='bbox 711 2662 865 2719; x_wconf 91' lang='lat' dir='ltr'>ante</span> <span class='ocrx_word' id='word_1_237' title='bbox 920 2651 1007 2720; x_wconf 89' lang='lat' dir='ltr'>ab</span> <span class='ocrx_word' id='word_1_238' title='bbox 1058 2652 1206 2740; x_wconf 89' lang='lat' dir='ltr'>ipso</span> <span class='ocrx_word' id='word_1_239' title='bbox 1256 2651 1603 2724; x_wconf 89' lang='lat' dir='ltr'>institutos</span> <span class='ocrx_word' id='word_1_240' title='bbox 1650 2654 2059 2743; x_wconf 90' lang='lat' dir='ltr'>Episcopos‚</span> <span class='ocrx_word' id='word_1_241' title='bbox 2128 2653 2199 2721; x_wconf 91' lang='lat' dir='ltr'>in</span> <span class='ocrx_word' id='word_1_242' title='bbox 2263 2651 2522 2739; x_wconf 88' lang='lat' dir='ltr'>quibus</span> <span class='ocrx_word' id='word_1_243' title='bbox 2570 2651 2759 2721; x_wconf 80' lang='lat' dir='ltr'>suere</span> 
     </span>
     <span class='ocr_line' id='line_1_28' title="bbox 218 2738 2759 2832; baseline 0.001 -28"><span class='ocrx_word' id='word_1_244' title='bbox 218 2738 489 2808; x_wconf 84' lang='lat' dir='ltr'>Villibol</span> <span class='ocrx_word' id='word_1_245' title='bbox 546 2761 630 2808; x_wconf 88' lang='lat' dir='ltr'>us</span> <span class='ocrx_word' id='word_1_246' title='bbox 677 2739 1093 2820; x_wconf 89' lang='lat' dir='ltr'>Eistetensis,</span> <span class='ocrx_word' id='word_1_247' title='bbox 1148 2753 1215 2807; x_wconf 90' lang='lat' dir='ltr'>et</span> <span class='ocrx_word' id='word_1_248' title='bbox 1263 2740 1701 2810; x_wconf 87' lang='lat' dir='ltr'>Burchardus</span> <span class='ocrx_word' id='word_1_249' title='bbox 1733 2742 2282 2832; x_wconf 78' lang='lat' dir='ltr'>wirciburgicus</span> <span class='ocrx_word' id='word_1_250' title='bbox 2331 2740 2473 2809; x_wconf 90' lang='lat' dir='ltr'>sive</span> <span class='ocrx_word' id='word_1_251' title='bbox 2513 2739 2759 2808; x_wconf 89' lang='lat' dir='ltr'>Herbi-</span> 
     </span>
     <span class='ocr_line' id='line_1_29' title="bbox 217 2827 2757 2918; baseline 0 -22"><span class='ocrx_word' id='word_1_252' title='bbox 217 2828 523 2912; x_wconf 88' lang='lat' dir='ltr'>polensis</span> <span class='ocrx_word' id='word_1_253' title='bbox 577 2827 955 2907; x_wconf 86' lang='lat' dir='ltr'>antistites,</span> <span class='ocrx_word' id='word_1_254' title='bbox 1018 2830 1221 2898; x_wconf 90' lang='lat' dir='ltr'>etiam</span> <span class='ocrx_word' id='word_1_255' title='bbox 1275 2831 1676 2918; x_wconf 90' lang='lat' dir='ltr'>Gregorium</span> <span class='ocrx_word' id='word_1_256' title='bbox 1739 2831 2151 2918; x_wconf 78' lang='lat' dir='ltr'>Trajectensi</span> <span class='ocrx_word' id='word_1_257' title='bbox 2203 2828 2362 2898; x_wconf 90' lang='lat' dir='ltr'>urbi</span> <span class='ocrx_word' id='word_1_258' title='bbox 2411 2827 2757 2898; x_wconf 88' lang='lat' dir='ltr'>ordinavit</span> 
     </span>
     <span class='ocr_line' id='line_1_30' title="bbox 220 2916 2758 3007; baseline 0.002 -24"><span class='ocrx_word' id='word_1_259' title='bbox 220 2916 658 3005; x_wconf 83' lang='lat' dir='ltr'>Episcopum,</span> <span class='ocrx_word' id='word_1_260' title='bbox 701 2928 766 2985; x_wconf 91' lang='lat' dir='ltr'>et</span> <span class='ocrx_word' id='word_1_261' title='bbox 814 2916 1086 2986; x_wconf 89' lang='lat' dir='ltr'>Lullum</span> <span class='ocrx_word' id='word_1_262' title='bbox 1138 2916 1269 2987; x_wconf 90' lang='lat' dir='ltr'>sibi</span> <span class='ocrx_word' id='word_1_263' title='bbox 1308 2916 1536 2986; x_wconf 90' lang='lat' dir='ltr'>adhuc</span> <span class='ocrx_word' id='word_1_264' title='bbox 1585 2920 1836 2989; x_wconf 90' lang='lat' dir='ltr'>viventi</span> <span class='ocrx_word' id='word_1_265' title='bbox 1865 2921 1936 2987; x_wconf 91' lang='lat' dir='ltr'>in</span> <span class='ocrx_word' id='word_1_266' title='bbox 1969 2916 2127 2989; x_wconf 86' lang='lat' dir='ltr'>sede</span> <span class='ocrx_word' id='word_1_267' title='bbox 2163 2917 2561 3007; x_wconf 87' lang='lat' dir='ltr'>Moguntina</span> <span class='ocrx_word' id='word_1_268' title='bbox 2591 2917 2758 2987; x_wconf 92' lang='lat' dir='ltr'>sub-</span> 
     </span>
     <span class='ocr_line' id='line_1_31' title="bbox 220 3004 2756 3096; baseline 0.001 -25"><span class='ocrx_word' id='word_1_269' title='bbox 220 3005 459 3073; x_wconf 82' lang='lat' dir='ltr'>stituit.</span> <span class='ocrx_word' id='word_1_270' title='bbox 515 3008 687 3073; x_wconf 90' lang='lat' dir='ltr'>Sunt</span> <span class='ocrx_word' id='word_1_271' title='bbox 738 3027 893 3074; x_wconf 89' lang='lat' dir='ltr'>vero</span> <span class='ocrx_word' id='word_1_272' title='bbox 931 3018 996 3074; x_wconf 90' lang='lat' dir='ltr'>et</span> <span class='ocrx_word' id='word_1_273' title='bbox 1043 3004 1178 3074; x_wconf 89' lang='lat' dir='ltr'>alia</span> <span class='ocrx_word' id='word_1_274' title='bbox 1229 3018 1373 3074; x_wconf 90' lang='lat' dir='ltr'>tum</span> <span class='ocrx_word' id='word_1_275' title='bbox 1425 3007 1511 3075; x_wconf 89' lang='lat' dir='ltr'>ab</span> <span class='ocrx_word' id='word_1_276' title='bbox 1543 3029 1622 3076; x_wconf 92' lang='lat' dir='ltr'>eo</span> <span class='ocrx_word' id='word_1_277' title='bbox 1671 3020 1860 3096; x_wconf 88' lang='lat' dir='ltr'>gesta</span> <span class='ocrx_word' id='word_1_278' title='bbox 1893 3007 1962 3075; x_wconf 92' lang='lat' dir='ltr'>in</span> <span class='ocrx_word' id='word_1_279' title='bbox 1994 3008 2363 3076; x_wconf 88' lang='lat' dir='ltr'>Germania</span> <span class='ocrx_word' id='word_1_280' title='bbox 2408 3027 2588 3093; x_wconf 87' lang='lat' dir='ltr'>quae</span> <span class='ocrx_word' id='word_1_281' title='bbox 2618 3028 2756 3076; x_wconf 92' lang='lat' dir='ltr'>non</span> 
     </span>
     <span class='ocr_line' id='line_1_32' title="bbox 222 3092 2760 3185; baseline 0.002 -26"><span class='ocrx_word' id='word_1_282' title='bbox 222 3093 350 3162; x_wconf 88' lang='lat' dir='ltr'>nisi</span> <span class='ocrx_word' id='word_1_283' title='bbox 401 3096 474 3162; x_wconf 89' lang='lat' dir='ltr'>in</span> <span class='ocrx_word' id='word_1_284' title='bbox 524 3092 833 3182; x_wconf 89' lang='lat' dir='ltr'>epistolis</span> <span class='ocrx_word' id='word_1_285' title='bbox 885 3094 1225 3163; x_wconf 89' lang='lat' dir='ltr'>habentur</span> <span class='ocrx_word' id='word_1_286' title='bbox 1272 3096 1549 3185; x_wconf 88' lang='lat' dir='ltr'>scripta.</span> <span class='ocrx_word' id='word_1_287' title='bbox 1623 3098 1860 3183; x_wconf 86' lang='lat' dir='ltr'>Itaque</span> <span class='ocrx_word' id='word_1_288' title='bbox 1927 3095 2089 3165; x_wconf 92' lang='lat' dir='ltr'>libet</span> <span class='ocrx_word' id='word_1_289' title='bbox 2137 3117 2218 3165; x_wconf 83' lang='lat' dir='ltr'>ea</span> <span class='ocrx_word' id='word_1_290' title='bbox 2263 3098 2474 3165; x_wconf 76' lang='lat' dir='ltr'>causa</span> <span class='ocrx_word' id='word_1_291' title='bbox 2525 3094 2760 3165; x_wconf 89' lang='lat' dir='ltr'>literas</span> 
     </span>
     <span class='ocr_line' id='line_1_33' title="bbox 223 3180 2758 3264; baseline 0.002 -17"><span class='ocrx_word' id='word_1_292' title='bbox 223 3192 359 3250; x_wconf 88' lang='lat' dir='ltr'>tum</span> <span class='ocrx_word' id='word_1_293' title='bbox 412 3205 451 3249; x_wconf 93' lang='lat' dir='ltr'>a</span> <span class='ocrx_word' id='word_1_294' title='bbox 502 3180 849 3251; x_wconf 82' lang='lat' dir='ltr'>Bonifacio</span> <span class='ocrx_word' id='word_1_295' title='bbox 888 3182 972 3251; x_wconf 87' lang='lat' dir='ltr'>ad</span> <span class='ocrx_word' id='word_1_296' title='bbox 1014 3183 1406 3252; x_wconf 88' lang='lat' dir='ltr'>Zachariam</span> <span class='ocrx_word' id='word_1_297' title='bbox 1460 3189 1851 3254; x_wconf 89' lang='lat' dir='ltr'>Romanum</span> <span class='ocrx_word' id='word_1_298' title='bbox 1884 3184 2311 3264; x_wconf 81' lang='lat' dir='ltr'>Pontificem,</span> <span class='ocrx_word' id='word_1_299' title='bbox 2352 3196 2501 3252; x_wconf 87' lang='lat' dir='ltr'>tum</span> <span class='ocrx_word' id='word_1_300' title='bbox 2551 3206 2592 3252; x_wconf 87' lang='lat' dir='ltr'>a</span> <span class='ocrx_word' id='word_1_301' title='bbox 2640 3190 2758 3252; x_wconf 90' lang='lat' dir='ltr'>Za-</span> 
     </span>
     <span class='ocr_line' id='line_1_34' title="bbox 221 3269 2753 3362; baseline 0.002 -24"><span class='ocrx_word' id='word_1_302' title='bbox 221 3269 452 3338; x_wconf 80' lang='lat' dir='ltr'>charia</span> <span class='ocrx_word' id='word_1_303' title='bbox 480 3269 569 3338; x_wconf 90' lang='lat' dir='ltr'>ad</span> <span class='ocrx_word' id='word_1_304' title='bbox 600 3270 1051 3351; x_wconf 73' lang='lat' dir='ltr'>Bonilacium,</span> <span class='ocrx_word' id='word_1_305' title='bbox 1083 3271 1180 3340; x_wconf 78' lang='lat' dir='ltr'>&#39;vel</span> <span class='ocrx_word' id='word_1_306' title='bbox 1234 3293 1355 3360; x_wconf 89' lang='lat' dir='ltr'>pro</span> <span class='ocrx_word' id='word_1_307' title='bbox 1398 3271 1514 3341; x_wconf 91' lang='lat' dir='ltr'>illo</span> <span class='ocrx_word' id='word_1_308' title='bbox 1562 3273 1650 3342; x_wconf 89' lang='lat' dir='ltr'>ad</span> <span class='ocrx_word' id='word_1_309' title='bbox 1701 3273 2108 3342; x_wconf 88' lang='lat' dir='ltr'>Germaniae</span> <span class='ocrx_word' id='word_1_310' title='bbox 2148 3271 2501 3362; x_wconf 88' lang='lat' dir='ltr'>Principes</span> <span class='ocrx_word' id='word_1_311' title='bbox 2534 3271 2753 3353; x_wconf 80' lang='lat' dir='ltr'>dataS,</span> 
     </span>
     <span class='ocr_line' id='line_1_35' title="bbox 222 3358 2751 3450; baseline 0.001 -24"><span class='ocrx_word' id='word_1_312' title='bbox 222 3379 389 3444; x_wconf 88' lang='lat' dir='ltr'>quas</span> <span class='ocrx_word' id='word_1_313' title='bbox 414 3358 905 3446; x_wconf 83' lang='lat' dir='ltr'>undecumque</span> <span class='ocrx_word' id='word_1_314' title='bbox 934 3359 1255 3450; x_wconf 85' lang='lat' dir='ltr'>colligere</span> <span class='ocrx_word' id='word_1_315' title='bbox 1286 3361 1665 3450; x_wconf 79' lang='lat' dir='ltr'>potuimuS,</span> <span class='ocrx_word' id='word_1_316' title='bbox 1713 3362 1851 3431; x_wconf 90' lang='lat' dir='ltr'>huc</span> <span class='ocrx_word' id='word_1_317' title='bbox 1875 3361 2243 3441; x_wconf 87' lang='lat' dir='ltr'>ascribere,</span> <span class='ocrx_word' id='word_1_318' title='bbox 2281 3359 2564 3430; x_wconf 89' lang='lat' dir='ltr'>omissis</span> <span class='ocrx_word' id='word_1_319' title='bbox 2589 3360 2751 3441; x_wconf 81' lang='lat' dir='ltr'>illis,</span> 
     </span>
     <span class='ocr_line' id='line_1_36' title="bbox 223 3447 2761 3538; baseline 0.001 -23"><span class='ocrx_word' id='word_1_320' title='bbox 223 3467 389 3532; x_wconf 88' lang='lat' dir='ltr'>quas</span> <span class='ocrx_word' id='word_1_321' title='bbox 422 3447 510 3516; x_wconf 90' lang='lat' dir='ltr'>ad</span> <span class='ocrx_word' id='word_1_322' title='bbox 556 3448 914 3518; x_wconf 79' lang='lat' dir='ltr'>Britannos</span> <span class='ocrx_word' id='word_1_323' title='bbox 963 3471 1125 3518; x_wconf 88' lang='lat' dir='ltr'>suos</span> <span class='ocrx_word' id='word_1_324' title='bbox 1188 3448 1485 3538; x_wconf 89' lang='lat' dir='ltr'>scripsit,</span> <span class='ocrx_word' id='word_1_325' title='bbox 1528 3471 1612 3519; x_wconf 92' lang='lat' dir='ltr'>ne</span> <span class='ocrx_word' id='word_1_326' title='bbox 1674 3449 1908 3520; x_wconf 88' lang='lat' dir='ltr'>lectori</span> <span class='ocrx_word' id='word_1_327' title='bbox 1958 3449 2313 3519; x_wconf 87' lang='lat' dir='ltr'>fastidium</span> <span class='ocrx_word' id='word_1_328' title='bbox 2366 3448 2761 3519; x_wconf 85' lang='lat' dir='ltr'>adferamus</span> 
     </span>
     <span class='ocr_line' id='line_1_37' title="bbox 224 3535 2762 3617; baseline 0.001 -14"><span class='ocrx_word' id='word_1_329' title='bbox 224 3535 463 3606; x_wconf 88' lang='lat' dir='ltr'>alienis</span> <span class='ocrx_word' id='word_1_330' title='bbox 502 3536 940 3617; x_wconf 78' lang='lat' dir='ltr'>annotandi5‚</span> <span class='ocrx_word' id='word_1_331' title='bbox 995 3560 1155 3606; x_wconf 89' lang='lat' dir='ltr'>cum</span> <span class='ocrx_word' id='word_1_332' title='bbox 1209 3537 1406 3608; x_wconf 88' lang='lat' dir='ltr'>nobis</span> <span class='ocrx_word' id='word_1_333' title='bbox 1457 3552 1690 3608; x_wconf 89' lang='lat' dir='ltr'>nostra</span> <span class='ocrx_word' id='word_1_334' title='bbox 1737 3537 2107 3607; x_wconf 86' lang='lat' dir='ltr'>sufficiant.</span> <span class='ocrx_word' id='word_1_335' title='bbox 2154 3543 2391 3608; x_wconf 90' lang='lat' dir='ltr'>Nostra</span> <span class='ocrx_word' id='word_1_336' title='bbox 2425 3550 2654 3607; x_wconf 90' lang='lat' dir='ltr'>autem</span> <span class='ocrx_word' id='word_1_337' title='bbox 2682 3559 2762 3606; x_wconf 89' lang='lat' dir='ltr'>ea</span> 
     </span>
     <span class='ocr_line' id='line_1_38' title="bbox 224 3623 2755 3717; baseline 0.002 -26"><span class='ocrx_word' id='word_1_338' title='bbox 224 3623 370 3694; x_wconf 88' lang='lat' dir='ltr'>dico</span> <span class='ocrx_word' id='word_1_339' title='bbox 417 3646 595 3711; x_wconf 89' lang='lat' dir='ltr'>quae</span> <span class='ocrx_word' id='word_1_340' title='bbox 637 3647 760 3715; x_wconf 91' lang='lat' dir='ltr'>pro</span> <span class='ocrx_word' id='word_1_341' title='bbox 808 3630 1332 3706; x_wconf 85' lang='lat' dir='ltr'>Germanorum,</span> <span class='ocrx_word' id='word_1_342' title='bbox 1394 3639 1665 3717; x_wconf 90' lang='lat' dir='ltr'>patrum</span> <span class='ocrx_word' id='word_1_343' title='bbox 1719 3642 2115 3697; x_wconf 83' lang='lat' dir='ltr'>nostrorum</span> <span class='ocrx_word' id='word_1_344' title='bbox 2166 3625 2387 3696; x_wconf 88' lang='lat' dir='ltr'>salute</span> <span class='ocrx_word' id='word_1_345' title='bbox 2453 3627 2755 3717; x_wconf 87' lang='lat' dir='ltr'>scripsit,</span> 
     </span>
     <span class='ocr_line' id='line_1_39' title="bbox 226 3712 1928 3804; baseline 0.004 -27"><span class='ocrx_word' id='word_1_346' title='bbox 226 3712 314 3782; x_wconf 81' lang='lat' dir='ltr'>vel</span> <span class='ocrx_word' id='word_1_347' title='bbox 352 3713 438 3783; x_wconf 89' lang='lat' dir='ltr'>ab</span> <span class='ocrx_word' id='word_1_348' title='bbox 486 3712 646 3784; x_wconf 91' lang='lat' dir='ltr'>aliis</span> <span class='ocrx_word' id='word_1_349' title='bbox 677 3715 933 3804; x_wconf 87' lang='lat' dir='ltr'>scripta</span> <span class='ocrx_word' id='word_1_350' title='bbox 984 3715 1268 3804; x_wconf 86' lang='lat' dir='ltr'>accepit.</span> <span class='ocrx_word' id='word_1_351' title='bbox 1919 3780 1928 3791; x_wconf 85' lang='grc'>,</span> 
     </span>
    </p>

    <p class='ocr_par' dir='ltr' id='par_1_4' title="bbox 224 3802 2766 4515">
     <span class='ocr_line' id='line_1_40' title="bbox 303 3802 2762 3893; baseline -0.001 -19"><span class='ocrx_word' id='word_1_352' title='bbox 303 3804 340 3888; x_wconf 70' lang='grc' dir='ltr'>ἓ</span> <span class='ocrx_word' id='word_1_353' title='bbox 389 3807 534 3874; x_wconf 63' lang='lat'>2⁷.</span> <span class='ocrx_word' id='word_1_354' title='bbox 590 3807 681 3871; x_wconf 88' lang='lat' dir='ltr'>Ex</span> <span class='ocrx_word' id='word_1_355' title='bbox 728 3803 986 3890; x_wconf 86' lang='lat' dir='ltr'>quibus</span> <span class='ocrx_word' id='word_1_356' title='bbox 1029 3826 1195 3873; x_wconf 88' lang='lat' dir='ltr'>sane</span> <span class='ocrx_word' id='word_1_357' title='bbox 1243 3803 1459 3872; x_wconf 88' lang='lat' dir='ltr'>literis</span> <span class='ocrx_word' id='word_1_358' title='bbox 1498 3803 1699 3873; x_wconf 85' lang='lat' dir='ltr'>facile</span> <span class='ocrx_word' id='word_1_359' title='bbox 1735 3815 1953 3893; x_wconf 91' lang='lat' dir='ltr'>potest</span> <span class='ocrx_word' id='word_1_360' title='bbox 1992 3802 2472 3879; x_wconf 87' lang='lat' dir='ltr'>animadverti,</span> <span class='ocrx_word' id='word_1_361' title='bbox 2505 3816 2762 3890; x_wconf 86' lang='lat' dir='ltr'>quanta</span> 
     </span>
     <span class='ocr_line' id='line_1_41' title="bbox 224 3890 2764 3982; baseline 0.001 -25"><span class='ocrx_word' id='word_1_362' title='bbox 224 3895 405 3973; x_wconf 71' lang='lat' dir='ltr'>cura,</span> <span class='ocrx_word' id='word_1_363' title='bbox 442 3890 936 3973; x_wconf 73' lang='lat' dir='ltr'>benevolentia,</span> <span class='ocrx_word' id='word_1_364' title='bbox 992 3893 1420 3963; x_wconf 89' lang='lat' dir='ltr'>humanitate</span> <span class='ocrx_word' id='word_1_365' title='bbox 1455 3906 1864 3982; x_wconf 90' lang='lat' dir='ltr'>prosecutus</span> <span class='ocrx_word' id='word_1_366' title='bbox 1895 3892 2103 3962; x_wconf 74' lang='lat' dir='ltr'>fuerit</span> <span class='ocrx_word' id='word_1_367' title='bbox 2147 3914 2390 3962; x_wconf 91' lang='lat' dir='ltr'>omnes</span> <span class='ocrx_word' id='word_1_368' title='bbox 2418 3891 2576 3961; x_wconf 89' lang='lat' dir='ltr'>illos</span> <span class='ocrx_word' id='word_1_369' title='bbox 2607 3913 2764 3960; x_wconf 87' lang='lat' dir='ltr'>san-</span> 
     </span>
     <span class='ocr_line' id='line_1_42' title="bbox 224 3979 2761 4072; baseline 0.001 -26"><span class='ocrx_word' id='word_1_370' title='bbox 224 3990 364 4047; x_wconf 88' lang='lat' dir='ltr'>ctae</span> <span class='ocrx_word' id='word_1_371' title='bbox 411 3979 752 4050; x_wconf 88' lang='lat' dir='ltr'>Ecclesiae</span> <span class='ocrx_word' id='word_1_372' title='bbox 785 3981 989 4061; x_wconf 80' lang='lat' dir='ltr'>filios,</span> <span class='ocrx_word' id='word_1_373' title='bbox 1036 4002 1212 4068; x_wconf 88' lang='lat' dir='ltr'>quos</span> <span class='ocrx_word' id='word_1_374' title='bbox 1253 4003 1375 4070; x_wconf 89' lang='lat' dir='ltr'>per</span> <span class='ocrx_word' id='word_1_375' title='bbox 1420 3986 1600 4049; x_wconf 89' lang='lat' dir='ltr'>Evan</span> <span class='ocrx_word' id='word_1_376' title='bbox 1655 3980 1869 4050; x_wconf 89' lang='lat' dir='ltr'>elium</span> <span class='ocrx_word' id='word_1_377' title='bbox 1907 3981 2171 4072; x_wconf 88' lang='lat' dir='ltr'>genuit,</span> <span class='ocrx_word' id='word_1_378' title='bbox 2206 3993 2272 4050; x_wconf 89' lang='lat' dir='ltr'>et</span> <span class='ocrx_word' id='word_1_379' title='bbox 2309 3994 2387 4050; x_wconf 84' lang='lat' dir='ltr'>ut</span> <span class='ocrx_word' id='word_1_380' title='bbox 2431 3980 2761 4050; x_wconf 88' lang='lat' dir='ltr'>omnibus</span> 
     </span>
     <span class='ocr_line' id='line_1_43' title="bbox 224 4068 2764 4152; baseline 0 -17"><span class='ocrx_word' id='word_1_381' title='bbox 224 4069 449 4137; x_wconf 89' lang='lat' dir='ltr'>omnia</span> <span class='ocrx_word' id='word_1_382' title='bbox 500 4068 720 4137; x_wconf 83' lang='lat' dir='ltr'>factus</span> <span class='ocrx_word' id='word_1_383' title='bbox 752 4069 860 4149; x_wconf 90' lang='lat' dir='ltr'>sit,</span> <span class='ocrx_word' id='word_1_384' title='bbox 899 4081 975 4139; x_wconf 89' lang='lat' dir='ltr'>ut</span> <span class='ocrx_word' id='word_1_385' title='bbox 1013 4090 1254 4138; x_wconf 88' lang='lat' dir='ltr'>omnes</span> <span class='ocrx_word' id='word_1_386' title='bbox 1281 4069 1527 4138; x_wconf 89' lang='lat' dir='ltr'>faceret</span> <span class='ocrx_word' id='word_1_387' title='bbox 1559 4091 1630 4138; x_wconf 89' lang='lat' dir='ltr'>sa</span> <span class='ocrx_word' id='word_1_388' title='bbox 1668 4092 1807 4140; x_wconf 88' lang='lat' dir='ltr'>vos.</span> <span class='ocrx_word' id='word_1_389' title='bbox 1847 4074 1994 4152; x_wconf 86' lang='lat' dir='ltr'>Quo</span> <span class='ocrx_word' id='word_1_390' title='bbox 2035 4069 2113 4139; x_wconf 79' lang='lat' dir='ltr'>fit</span> <span class='ocrx_word' id='word_1_391' title='bbox 2139 4091 2329 4150; x_wconf 87' lang='lat' dir='ltr'>sane,</span> <span class='ocrx_word' id='word_1_392' title='bbox 2370 4081 2448 4138; x_wconf 89' lang='lat' dir='ltr'>ut</span> <span class='ocrx_word' id='word_1_393' title='bbox 2474 4068 2764 4138; x_wconf 82' lang='lat' dir='ltr'>fidenter</span> 
     </span>
     <span class='ocr_line' id='line_1_44' title="bbox 224 4157 2760 4248; baseline 0.002 -27"><span class='ocrx_word' id='word_1_394' title='bbox 224 4176 344 4244; x_wconf 89' lang='lat' dir='ltr'>ego</span> <span class='ocrx_word' id='word_1_395' title='bbox 390 4157 616 4227; x_wconf 90' lang='lat' dir='ltr'>dicere</span> <span class='ocrx_word' id='word_1_396' title='bbox 646 4178 779 4226; x_wconf 91' lang='lat' dir='ltr'>non</span> <span class='ocrx_word' id='word_1_397' title='bbox 824 4180 1079 4239; x_wconf 85' lang='lat' dir='ltr'>verear,</span> <span class='ocrx_word' id='word_1_398' title='bbox 1114 4180 1231 4228; x_wconf 89' lang='lat' dir='ltr'>eos</span> <span class='ocrx_word' id='word_1_399' title='bbox 1280 4162 1681 4239; x_wconf 89' lang='lat' dir='ltr'>Germanos,</span> <span class='ocrx_word' id='word_1_400' title='bbox 1719 4180 1966 4248; x_wconf 89' lang='lat' dir='ltr'>nempe</span> <span class='ocrx_word' id='word_1_401' title='bbox 2013 4158 2195 4228; x_wconf 84' lang='lat' dir='ltr'>filios</span> <span class='ocrx_word' id='word_1_402' title='bbox 2224 4158 2377 4247; x_wconf 88' lang='lat' dir='ltr'>ejus</span> <span class='ocrx_word' id='word_1_403' title='bbox 2425 4158 2547 4244; x_wconf 91' lang='lat' dir='ltr'>qui</span> <span class='ocrx_word' id='word_1_404' title='bbox 2590 4157 2760 4226; x_wconf 89' lang='lat' dir='ltr'>tanti</span> 
     </span>
     <span class='ocr_line' id='line_1_45' title="bbox 228 4245 2766 4338; baseline 0 -26"><span class='ocrx_word' id='word_1_405' title='bbox 228 4245 433 4331; x_wconf 87' lang='lat' dir='ltr'>patris</span> <span class='ocrx_word' id='word_1_406' title='bbox 460 4245 814 4316; x_wconf 87' lang='lat' dir='ltr'>laboribus</span> <span class='ocrx_word' id='word_1_407' title='bbox 836 4248 976 4316; x_wconf 89' lang='lat' dir='ltr'>sive</span> <span class='ocrx_word' id='word_1_408' title='bbox 994 4268 1076 4317; x_wconf 82' lang='lat' dir='ltr'>ex</span> <span class='ocrx_word' id='word_1_409' title='bbox 1104 4247 1403 4336; x_wconf 83' lang='lat' dir='ltr'>scriptiS‚</span> <span class='ocrx_word' id='word_1_410' title='bbox 1423 4246 1563 4315; x_wconf 90' lang='lat' dir='ltr'>sive</span> <span class='ocrx_word' id='word_1_411' title='bbox 1583 4269 1662 4315; x_wconf 87' lang='lat' dir='ltr'>ex</span> <span class='ocrx_word' id='word_1_412' title='bbox 1681 4246 1746 4315; x_wconf 85' lang='lat' dir='ltr'>fa</span> <span class='ocrx_word' id='word_1_413' title='bbox 1757 4268 1865 4315; x_wconf 91' lang='lat' dir='ltr'>ma</span> <span class='ocrx_word' id='word_1_414' title='bbox 1887 4247 2206 4338; x_wconf 85' lang='lat' dir='ltr'>cognitis,</span> <span class='ocrx_word' id='word_1_415' title='bbox 2231 4268 2368 4316; x_wconf 92' lang='lat' dir='ltr'>non</span> <span class='ocrx_word' id='word_1_416' title='bbox 2395 4268 2554 4315; x_wconf 91' lang='lat' dir='ltr'>eum</span> <span class='ocrx_word' id='word_1_417' title='bbox 2574 4266 2766 4313; x_wconf 90' lang='lat' dir='ltr'>sum-</span> 
     </span>
     <span class='ocr_line' id='line_1_46' title="bbox 230 4333 2763 4426; baseline 0 -26"><span class='ocrx_word' id='word_1_418' title='bbox 230 4353 496 4422; x_wconf 83' lang='lat' dir='ltr'>mopere</span> <span class='ocrx_word' id='word_1_419' title='bbox 524 4347 954 4416; x_wconf 83' lang='lat' dir='ltr'>venerantur,</span> <span class='ocrx_word' id='word_1_420' title='bbox 981 4357 1096 4406; x_wconf 90' lang='lat' dir='ltr'>eos</span> <span class='ocrx_word' id='word_1_421' title='bbox 1124 4334 1470 4426; x_wconf 90' lang='lat' dir='ltr'>negligere</span> <span class='ocrx_word' id='word_1_422' title='bbox 1496 4335 1828 4404; x_wconf 91' lang='lat' dir='ltr'>honorem</span> <span class='ocrx_word' id='word_1_423' title='bbox 1857 4335 2084 4416; x_wconf 90' lang='lat' dir='ltr'>illum,</span> <span class='ocrx_word' id='word_1_424' title='bbox 2122 4356 2330 4423; x_wconf 90' lang='lat' dir='ltr'>quem</span> <span class='ocrx_word' id='word_1_425' title='bbox 2360 4333 2763 4424; x_wconf 89' lang='lat' dir='ltr'>parentibus</span> 
     </span>
     <span class='ocr_line' id='line_1_47' title="bbox 231 4417 2762 4515; baseline 0.001 -29"><span class='ocrx_word' id='word_1_426' title='bbox 231 4417 474 4491; x_wconf 85' lang='lat' dir='ltr'>habere</span> <span class='ocrx_word' id='word_1_427' title='bbox 532 4422 890 4511; x_wconf 89' lang='lat' dir='ltr'>jubemur.</span> <span class='ocrx_word' id='word_1_428' title='bbox 960 4424 1153 4506; x_wconf 89' lang='lat' dir='ltr'>Quod</span> <span class='ocrx_word' id='word_1_429' title='bbox 1204 4424 1262 4493; x_wconf 90' lang='lat' dir='ltr'>si</span> <span class='ocrx_word' id='word_1_430' title='bbox 1312 4423 1731 4514; x_wconf 87' lang='lat' dir='ltr'>negligentia</span> <span class='ocrx_word' id='word_1_431' title='bbox 1802 4436 2158 4515; x_wconf 89' lang='lat' dir='ltr'>peccatum</span> <span class='ocrx_word' id='word_1_432' title='bbox 2215 4437 2339 4504; x_wconf 87' lang='lat' dir='ltr'>est,</span> <span class='ocrx_word' id='word_1_433' title='bbox 2406 4434 2762 4512; x_wconf 84' lang='lat' dir='ltr'>peccatum</span> 
     </span>
    </p>
   </div>
  </div>
 </body>
</html>
