3357 4995
214 348 215 351 ¹
256 320 470 392 JUNII
520 323 605 389 26
974 342 1053 390 nn
1098 342 1155 389 s.
1208 340 1541 390 Autumno
1587 340 1823 390 nnuc.
1879 341 2078 391 amsc.
2583 325 2711 389 589

260 427 619 497 thesauros
679 425 1222 497 inaestimabiles
1272 426 1406 496 sibi
1454 426 1861 515 acquirunt,
1915 439 2061 495 tum
2120 427 2328 498 etiam
2375 426 2557 497 bona
2606 447 2803 517 prae·

266 517 481 589 sentis
527 516 704 585 vitae
732 516 1067 616 etaetatis
1115 536 1336 585 annos
1383 515 1748 607 plurimoS,
1801 516 2063 588 amicos
2110 529 2354 598 certos,
2412 515 2613 599 fidos,
2658 537 2804 585 ma-

272 628 470 696 gnos,
506 618 709 691 atque
757 616 1233 696 sempiternos,

357 697 394 781 §
439 698 531 765 8.
568 694 708 763 Etsi
756 705 1011 775 autem,
1048 692 1479 774 utdiximu3‚
1532 693 1936 764 Anthelmus
1981 695 2178 764 vanis
2205 707 2273 764 et
2298 692 2583 765 caducis
2629 702 2806 763 esset

266 784 475 854 rebus
521 782 945 874 implicatus.
999 794 1066 851 at
1113 794 1342 852 tamen
1393 803 1834 872 summopere
1879 783 2199 865 cavebat,
2253 804 2340 853 ne
2391 780 2560 871 quid
2613 782 2807 872 flagi-

270 874 461 951 tiose,
515 873 791 961 impure
837 883 955 941 aut
990 870 1280 961 turpiter
1326 870 1735 940 admitteret.
1788 875 1866 941 Et
1913 871 2079 941 haec
2117 872 2397 960 quidem
2453 892 2676 961 pauca
2722 870 2808 940 de

271 960 565 1031 seculari
604 961 756 1052 ejus
804 961 941 1029 vita
1052 960 1441 1030 raemisisse
1487 959 1876 1030 sufficiant:
1944 982 2132 1031 nunc
2195 961 2278 1031 ad
2337 982 2417 1031 ea
2451 959 2809 1029 referenda

268 1049 707 1127 accedimus,
760 1071 937 1136 quae
983 1048 1182 1119 ilum
1240 1047 1546 1118 efficiunt
1621 1070 1773 1118 vere
1834 1048 2136 1118 beatum.
2198 1049 2808 1141 Appropinquante

268 1152 576 1228 tempore
623 1137 766 1219 illo,
826 1159 963 1225 quo
1010 1138 1095 1207 ad
1147 1137 1396 1206 Christi
1445 1136 1899 1207 imitationem
1961 1160 2035 1208 se
2078 1152 2224 1208 erat
2267 1139 2801 1227 composituruS,

270 1242 337 1298 et
382 1226 560 1296 felici
615 1228 993 1297 mutatione
1032 1227 1100 1295 in
1152 1225 1367 1295 alium
1420 1226 1644 1297 virum
1694 1227 2053 1308 abituruS,
2108 1249 2354 1317 nempe
2402 1225 2801 1316 perfectum,

266 1331 331 1387 et
378 1316 448 1384 in
485 1337 882 1386 mensuram
933 1314 1171 1385 aetatis
1206 1314 1658 1404 plenitudinis
1709 1316 1980 1392 Christi,
2028 1315 2251 1407 coepit
2287 1315 2649 1386 hominum‘
2700 1336 2806 1383 re·

269 1406 700 1496 ligiosorum‚
747 1404 1071 1494 inprimis
1102 1404 1738 1485 carthusianorum,
1776 1403 1923 1474 loca
1971 1405 2286 1486 invisere,
2324 1404 2533 1473 vitam
2562 1425 2804 1474 eorum

272 1494 648 1585 explorare,
705 1493 993 1562 libenter
1046 1492 1322 1562 illorum
1362 1515 1714 1563 sermones
1772 1493 2058 1563 audire:
2113 1506 2181 1563 at
2228 1492 2525 1563 necdum
2579 1505 2803 1562 tamen

273 1604 527 1673 magno
575 1582 1041 1652 conversionis
1108 1581 1490 1662 desiderio,
1544 1582 1662 1651 sed
1740 1582 2042 1739 Suadam
2101 1583 2330 1673 potius
2387 1581 2801 1652 curiositate.

273 1672 783 1741 Admonebatur
840 1671 1114 1739 interim
1177 1671 1264 1739 ab
1313 1670 1420 1751 iis,
1474 1693 1647 1757 quos
1696 1694 1734 1740 a
1790 1672 1952 1753 ibat,
2018 1673 2233 1742 servis
2282 1670 2429 1751 Dei,
2486 1668 2603 1738 sed
2652 1670 2810 1756 quis

273 1760 465 1830 illius
512 1759 783 1830 facilem
834 1760 966 1829 sibi
1014 1760 1528 1829 conversionem
1580 1782 1798 1830 ausus
1857 1772 2033 1831 esset
2095 1760 2441 1850 polliceri,
2505 1758 2620 1828 cui
2671 1770 2808 1828 tam

275 1849 589 1940 prosperi
636 1861 862 1918 essent
929 1870 1156 1918 rerum
1209 1870 1615 1920 successuS.
1676 1859 1860 1918 tanta
1923 1847 2257 1932 felicitas,
2326 1860 2555 1917 tantae
2600 1848 2811 1916 etiam

278 1938 618 2027 majorum
679 1937 1019 2007 honorum
1074 1938 1461 2027 propositae
1509 1938 1715 2027 spes?
1765 1942 1936 2007 Ecce
2004 1952 2232 2008 autem
2306 1937 2641 2007 invisente
2692 1934 2812 2006 illo

277 2049 436 2097 cum
486 2026 906 2113 quibusdam
943 2026 1327 2096 coaetaneis
1357 2027 1504 2096 suis
1544 2026 2002 2107 Carthusiam‚
2036 2048 2244 2114 quam
2293 2031 2649 2096 Portarum
2696 2045 2813 2094 vo-

271 2127 472 2195 cant,
517 2128 595 2184 ut
638 2115 900 2185 Christo
947 2114 1091 2183 illic
1125 2115 1495 2185 servientes
1543 2115 1918 2195 accederet,
1950 2138 2108 2185 cum
2143 2114 2471 2184 dominus
2519 2119 2810 2182 Bernar-

273 2203 407 2273 dus
454 2203 864 2274 venerabilis
940 2204 1129 2272 Prior
1175 2202 1379 2273 verba
1450 2204 1697 2275 salutis
1765 2205 1825 2272 ei
1890 2203 2327 2291 loqueretur,
2381 2203 2587 2294 cujus
2649 2224 2813 2272 sane

273 2296 484 2382 opera
553 2292 902 2362 innumeri
951 2316 989 2360 a
1038 2292 1253 2361 deviis
1325 2292 1643 2361 vitiorum
1715 2291 2010 2362 callibus
2059 2293 2144 2362 ad
2210 2297 2420 2361 Deum
2495 2290 2814 2361 conversi

275 2393 461 2461 sunt,
515 2394 581 2450 et
628 2383 700 2450 in
747 2380 1015 2450 diversa
1067 2379 1213 2449 loca
1261 2382 1593 2471 ablegati:
1647 2382 1951 2468 itemque
1999 2380 2447 2451 nonnulli‘ex
2479 2379 2814 2450 fratribus

276 2491 434 2540 eum
470 2491 908 2560 summopere
939 2468 1024 2539 ad
1074 2471 1588 2540 conversionem
1641 2469 2101 2551 hortarentur,
2150 2469 2395 2540 Christi
2425 2468 2718 2560 gratiam
2750 2482 2817 2539 et

275 2560 482 2629 vitam
519 2572 864 2628 aeternam
901 2581 1386 2646 summamque
1420 2558 1812 2628 felicitatem
1845 2572 1910 2628 et
1958 2558 2429 2650 amplissimos
2484 2559 2555 2628 in
2606 2558 2816 2628 coelis

279 2648 572 2717 honores
631 2648 692 2716 ei
755 2648 1267 2737 promittentes:
1326 2670 1458 2716 non
1510 2661 1652 2716 tum
1705 2648 1984 2734 quidem
2031 2648 2259 2718 statim
2323 2646 2640 2726 assensit,
2694 2645 2812 2717 sed

272 2749 508 2827 petens
556 2750 631 2805 ut
690 2759 811 2826 pro
862 2737 1011 2824 ipso
1047 2737 1413 2806 Dominum
1463 2750 1760 2816 orarent,
1813 2751 2016 2823 atque
2067 2736 2343 2806 illorum
2395 2734 2816 2827 precibusse

274 2825 795 2906 commendans,
853 2825 1073 2912 iisque
1122 2825 1532 2904 valedicens,
1588 2826 1943 2896 abscessit.

362 2915 400 3000 ἓ
446 2918 532 2987 tl.
587 2919 893 3002 Cumque
942 2914 1026 2983 ad
1078 2914 1466 2983 inferiorern
1515 2914 1666 3000 eJus
1700 2914 2097 2985 Carthusiae
2145 2912 2437 2984 domum
2487 2913 2811 2992 venisset,

277 3024 357 3071 ea
406 3014 600 3072 nocte
648 3013 952 3073 retentus
980 3015 1084 3072 est
1129 3027 1169 3071 a
1198 3002 1524 3073 fratribus
1563 3017 1628 3071 et
1660 3008 1920 3073 Bosone
1955 3007 2420 3083 Procuratore,
2475 3001 2817 3072 mirabilis

278 3090 660 3161 industriae
686 3091 831 3162 viro
876 3092 1165 3181 ejusque
1210 3103 1521 3182 cognato.
1565 3097 1757 3160 Mane
1787 3092 2035 3162 iterum
2063 3090 2371 3162 ascendit
2409 3089 2494 3159 ad
2528 3089 2813 3161 domum

278 3181 730 3270 superiorem,
782 3179 1026 3250 fratres
1076 3180 1305 3252 denuo
1335 3181 1501 3259 adit,
1557 3179 1840 3250 illorum
1891 3179 2243 3251 domicilia
2268 3193 2334 3249 et
2378 3191 2644 3249 caetera
2667 3200 2819 3249 om-

277 3269 396 3338 nia
446 3267 912 3359 perlustrandi
943 3270 1142 3359 copia
1174 3270 1236 3339 ei
1266 3270 1493 3339 datur.
1542 3273 1623 3338 Ut
1672 3290 1949 3340 sensere
1983 3282 2210 3340 autem
2263 3268 2505 3340 fratres
2547 3267 2818 3339 emolli-

276 3371 425 3428 tum
493 3358 805 3427 animum
855 3358 1049 3447 ejuS,
1128 3372 1400 3450 tempus
1460 3360 1642 3427 nacti
1690 3369 2206 3449 opportunum,
2259 3357 2343 3426 de
2423 3368 2819 3458 contemptu

275 3446 524 3516 mundi
575 3467 925 3518 sermones
992 3458 1358 3536 repetunt,
1428 3447 1794 3517 hortantur
1870 3460 1947 3518 ut
1991 3447 2236 3537 exigua
2313 3468 2437 3538 pro
2488 3467 2763 3537 magnis
2796 3501 2812 3526 ,

278 3555 501 3625 pauca
549 3557 674 3624 pro
727 3534 988 3613 multis.
1041 3534 1215 3606 falsa
1266 3558 1388 3626 pro
1436 3536 1637 3617 νοτίς,
1698 3558 1821 3627 pro
1871 3535 2310 3627 sempiternis
2359 3535 2546 3605 fluxa
2592 3547 2660 3604 et
2703 3555 2818 3604 ca-

277 3622 483 3705 duca,
529 3645 651 3714 pro
699 3623 1122 3694 salutaribus
1173 3626 1397 3707 noxia,
1432 3647 1555 3716 pro
1593 3624 1734 3694 vita
1763 3636 2075 3705 mortem,
2133 3646 2256 3714 pro
2307 3629 2437 3694 Deo
2474 3623 2817 3694 mundum

279 3723 719 3782 contemnere
769 3734 855 3781 ne
901 3711 1189 3783 dubitet.
1238 3714 1415 3796 Quid
1466 3712 1734 3783 multa?
1782 3713 2005 3783 Divini
2054 3712 2322 3783 timoris
2357 3712 2621 3803 spiritu
2668 3734 2822 3783 cor·

277 3813 540 3891 reptuS‚
594 3800 866 3871 consilii
905 3813 972 3871 et
1008 3801 1433 3890 fortitudinis
1461 3801 1726 3892 Spiritu
1763 3801 2238 3882 confirmatus,
2284 3801 2641 3892 repentina
2667 3821 2823 3870 mu-

278 3889 533 3959 tatione
571 3888 719 3978 jam
766 3889 947 3961 alius
994 3891 1299 3972 effectuS,
1337 3891 1606 3961 amicus
1656 3891 1773 3960 Dei
1822 3889 2008 3962 haud
2060 3890 2364 3981 vulgaris
2420 3889 2819 3982 propediem

277 3974 577 4060 futuruS,
629 3979 866 4049 omnia
905 4001 1082 4066 quae
1132 3980 1379 4050 mundi
1426 3991 1611 4062 sunt,
1657 4001 1948 4070 prorsus
1995 3981 2260 4071 respuit
2303 3990 2370 4049 et
2400 4001 2442 4049 a
2489 4001 2562 4051 se
2628 3978 2824 4048 abdi-

279 4076 411 4147 cat,
464 4067 590 4136 uni
638 4072 769 4138 Deo
817 4068 1175 4139 inhaerere
1212 4069 1594 4150 constituit,
1651 4069 1943 4160 ejusque
1991 4068 2213 4139 cultui
2250 4079 2316 4140 et
2361 4067 2674 4139 servituti
2720 4080 2823 4138 to-

286 4164 434 4222 tum
468 4176 540 4225 se
585 4155 888 4227 addicit:
935 4178 1229 4246 moxque
1262 4157 1334 4227 in
1368 4157 1662 4229 fratrum
1712 4157 1994 4229 illorum
2045 4157 2414 4249 collegium
2460 4169 2527 4228 et
2567 4156 2824 4227 sodali-

285 4252 494 4312 tatem
540 4243 813 4316 admitti
862 4267 935 4318 se
995 4245 1358 4338 postulans
1382 4301 1397 4329 ,
1449 4247 1537 4316 ab
1585 4246 1729 4317 illis
1776 4246 2064 4317 comiter
2109 4258 2428 4337 receptus
2471 4257 2597 4317 est.
2648 4249 2825 4316 Hor-

283 4330 591 4431 tantibus
636 4346 867 4404 autem
902 4334 1104 4406 illum
1144 4334 1498 4417 fratribus,
1552 4347 1630 4406 ut
1690 4356 1980 4428 propere
2027 4355 2137 4407 res
2185 4357 2349 4408 suas
2397 4334 2819 4426 disponeret,

277 4440 503 4507 nsque
573 4423 973 4514 compositis
1047 4446 1262 4515 ocyus
1311 4423 1586 4509 rediret,
1642 4436 2049 4515 certumque
2078 4477 2094 4508 ,
2147 4423 2238 4496 ad
2301 4445 2509 4515 quem
2579 4422 2823 4495 adesse
