<?xml version="1.0" encoding="UTF-8"?>
<!DOCTYPE html PUBLIC "-//W3C//DTD XHTML 1.0 Transitional//EN"
    "http://www.w3.org/TR/xhtml1/DTD/xhtml1-transitional.dtd">
<html xmlns="http://www.w3.org/1999/xhtml" xml:lang="en" lang="en">
 <head>
  <title>
</title>
<meta http-equiv="Content-Type" content="text/html;charset=utf-8" />
  <meta name='ocr-system' content='tesseract 3.04.00' />
  <meta name='ocr-capabilities' content='ocr_page ocr_carea ocr_par ocr_line ocrx_word'/>
</head>
<body>
  <div class='ocr_page' id='page_1' title='image "./historiaeseuvit02lippgoog_0349.png"; bbox 0 0 3357 4995; ppageno 0'>
   <div class='ocr_carea' id='block_1_1' title="bbox 212 329 2676 397">
    <p class='ocr_par' dir='ltr' id='par_1_1' title="bbox 212 329 2676 397">
     <span class='ocr_line' id='line_1_1' title="bbox 212 329 2676 397; baseline -0 -1"><span class='ocrx_word' id='word_1_1' title='bbox 212 329 433 397; x_wconf 80' lang='lat' dir='ltr'>JUNII</span> <span class='ocrx_word' id='word_1_2' title='bbox 485 329 563 393; x_wconf 65' lang='lat'>114</span> <span class='ocrx_word' id='word_1_3' title='bbox 1127 347 1204 392; x_wconf 79' lang='lat' dir='ltr'>DE</span> <span class='ocrx_word' id='word_1_4' title='bbox 1254 349 1309 393; x_wconf 89' lang='lat' dir='ltr'>s.</span> <span class='ocrx_word' id='word_1_5' title='bbox 1365 348 1610 395; x_wconf 65' lang='lat' dir='ltr'>nxsmo</span> <span class='ocrx_word' id='word_1_6' title='bbox 1660 348 1873 395; x_wconf 68' lang='lat' dir='ltr'><strong>MAGNO</strong></span> <span class='ocrx_word' id='word_1_7' title='bbox 2548 332 2676 396; x_wconf 87' lang='grc'>333</span> 
     </span>
    </p>
   </div>
   <div class='ocr_carea' id='block_1_2' title="bbox 167 428 2778 4522">
    <p class='ocr_par' dir='ltr' id='par_1_2' title="bbox 205 428 2766 788">
     <span class='ocr_line' id='line_1_2' title="bbox 205 428 2761 522; baseline 0.001 -21"><span class='ocrx_word' id='word_1_8' title='bbox 205 428 682 522; x_wconf 80' lang='lat' dir='ltr'>blasphemias</span> <span class='ocrx_word' id='word_1_9' title='bbox 721 453 1029 510; x_wconf 84' lang='lat' dir='ltr'>vomens,</span> <span class='ocrx_word' id='word_1_10' title='bbox 1067 433 1435 501; x_wconf 79' lang='lat' dir='ltr'>committit</span> <span class='ocrx_word' id='word_1_11' title='bbox 1469 433 2004 502; x_wconf 87' lang='lat' dir='ltr'>barbarismum.</span> <span class='ocrx_word' id='word_1_12' title='bbox 2062 438 2139 502; x_wconf 86' lang='lat' dir='ltr'>Et</span> <span class='ocrx_word' id='word_1_13' title='bbox 2186 433 2511 504; x_wconf 80' lang='lat' dir='ltr'>Basilius:</span> <span class='ocrx_word' id='word_1_14' title='bbox 2546 435 2761 503; x_wconf 89' lang='lat' dir='ltr'>Etiam</span> 
     </span>
     <span class='ocr_line' id='line_1_3' title="bbox 205 520 2766 607; baseline 0.001 -18"><span class='ocrx_word' id='word_1_15' title='bbox 205 520 764 602; x_wconf 75' lang='lat' dir='ltr'>Demosthenem,</span> <span class='ocrx_word' id='word_1_16' title='bbox 819 521 1070 607; x_wconf 90' lang='lat' dir='ltr'>inquit,</span> <span class='ocrx_word' id='word_1_17' title='bbox 1123 521 1426 591; x_wconf 89' lang='lat' dir='ltr'>vidimus</span> <span class='ocrx_word' id='word_1_18' title='bbox 1489 522 1636 592; x_wconf 89' lang='lat' dir='ltr'>sine</span> <span class='ocrx_word' id='word_1_19' title='bbox 1686 521 1923 592; x_wconf 87' lang='lat' dir='ltr'>literis.</span> <span class='ocrx_word' id='word_1_20' title='bbox 1982 522 2108 590; x_wconf 88' lang='lat' dir='ltr'>Sed</span> <span class='ocrx_word' id='word_1_21' title='bbox 2163 545 2321 592; x_wconf 89' lang='lat' dir='ltr'>cum</span> <span class='ocrx_word' id='word_1_22' title='bbox 2374 521 2489 590; x_wconf 88' lang='lat' dir='ltr'>ille</span> <span class='ocrx_word' id='word_1_23' title='bbox 2536 523 2766 592; x_wconf 89' lang='lat' dir='ltr'>adhuc</span> 
     </span>
     <span class='ocr_line' id='line_1_4' title="bbox 208 610 2764 701; baseline 0.001 -23"><span class='ocrx_word' id='word_1_24' title='bbox 208 610 532 679; x_wconf 82' lang='lat' dir='ltr'>instaret:</span> <span class='ocrx_word' id='word_1_25' title='bbox 587 614 812 678; x_wconf 89' lang='lat' dir='ltr'>Tuum</span> <span class='ocrx_word' id='word_1_26' title='bbox 860 622 1001 691; x_wconf 83' lang='lat' dir='ltr'>est,</span> <span class='ocrx_word' id='word_1_27' title='bbox 1043 610 1138 679; x_wconf 88' lang='lat' dir='ltr'>ait</span> <span class='ocrx_word' id='word_1_28' title='bbox 1184 611 1525 692; x_wconf 79' lang='lat' dir='ltr'>BasiliuS,</span> <span class='ocrx_word' id='word_1_29' title='bbox 1582 611 1667 679; x_wconf 88' lang='lat' dir='ltr'>de</span> <span class='ocrx_word' id='word_1_30' title='bbox 1716 610 2200 701; x_wconf 78' lang='lat' dir='ltr'>pulmentariis</span> <span class='ocrx_word' id='word_1_31' title='bbox 2234 611 2570 699; x_wconf 85' lang='lat' dir='ltr'>cogitare,</span> <span class='ocrx_word' id='word_1_32' title='bbox 2630 634 2764 681; x_wconf 87' lang='lat' dir='ltr'>non</span> 
     </span>
     <span class='ocr_line' id='line_1_5' title="bbox 206 697 2538 788; baseline 0 -20"><span class='ocrx_word' id='word_1_33' title='bbox 206 699 532 787; x_wconf 82' lang='lat' dir='ltr'>dogmata</span> <span class='ocrx_word' id='word_1_34' title='bbox 563 697 798 766; x_wconf 89' lang='lat' dir='ltr'>divina</span> <span class='ocrx_word' id='word_1_35' title='bbox 827 720 1144 786; x_wconf 80' lang='lat' dir='ltr'>coquere.</span> <span class='ocrx_word' id='word_1_36' title='bbox 1201 704 1277 767; x_wconf 90' lang='lat' dir='ltr'>Et</span> <span class='ocrx_word' id='word_1_37' title='bbox 1328 699 1441 768; x_wconf 87' lang='lat' dir='ltr'>ille</span> <span class='ocrx_word' id='word_1_38' title='bbox 1474 698 1905 788; x_wconf 75' lang='lat' dir='ltr'>pudefactu5‚</span> <span class='ocrx_word' id='word_1_39' title='bbox 1961 700 2118 769; x_wconf 92' lang='lat' dir='ltr'>ilico</span> <span class='ocrx_word' id='word_1_40' title='bbox 2166 700 2538 769; x_wconf 89' lang='lat' dir='ltr'>obmutuit.</span> 
     </span>
    </p>

    <p class='ocr_par' dir='ltr' id='par_1_3' title="bbox 205 786 2771 2221">
     <span class='ocr_line' id='line_1_6' title="bbox 296 786 2765 879; baseline 0 -21"><span class='ocrx_word' id='word_1_41' title='bbox 296 793 332 873; x_wconf 60' lang='grc' dir='ltr'><strong>ξ</strong></span> <span class='ocrx_word' id='word_1_42' title='bbox 386 792 549 858; x_wconf 65' lang='lat'>718.</span> <span class='ocrx_word' id='word_1_43' title='bbox 604 786 706 855; x_wconf 81' lang='lat' dir='ltr'>Ait</span> <span class='ocrx_word' id='word_1_44' title='bbox 761 801 990 856; x_wconf 88' lang='lat' dir='ltr'>autem</span> <span class='ocrx_word' id='word_1_45' title='bbox 1046 788 1295 857; x_wconf 89' lang='lat' dir='ltr'>Basilio</span> <span class='ocrx_word' id='word_1_46' title='bbox 1340 794 1753 879; x_wconf 72' lang='lat' dir='ltr'>Imperator:</span> <span class='ocrx_word' id='word_1_47' title='bbox 1803 788 1948 867; x_wconf 80' lang='lat' dir='ltr'>Abi,</span> <span class='ocrx_word' id='word_1_48' title='bbox 2005 802 2069 857; x_wconf 88' lang='lat' dir='ltr'>et</span> <span class='ocrx_word' id='word_1_49' title='bbox 2106 787 2370 877; x_wconf 61' lang='lat' dir='ltr'>‚judicis</span> <span class='ocrx_word' id='word_1_50' title='bbox 2435 789 2613 858; x_wconf 87' lang='lat' dir='ltr'>inter</span> <span class='ocrx_word' id='word_1_51' title='bbox 2648 811 2765 859; x_wconf 84' lang='lat' dir='ltr'>eos</span> 
     </span>
     <span class='ocr_line' id='line_1_7' title="bbox 207 874 2765 965; baseline 0.001 -21"><span class='ocrx_word' id='word_1_52' title='bbox 207 876 497 965; x_wconf 83' lang='lat' dir='ltr'>fungere</span> <span class='ocrx_word' id='word_1_53' title='bbox 545 874 807 945; x_wconf 85' lang='lat' dir='ltr'>officio:</span> <span class='ocrx_word' id='word_1_54' title='bbox 878 899 1012 945; x_wconf 92' lang='lat' dir='ltr'>non</span> <span class='ocrx_word' id='word_1_55' title='bbox 1067 878 1158 945; x_wconf 90' lang='lat' dir='ltr'>ita</span> <span class='ocrx_word' id='word_1_56' title='bbox 1209 890 1462 959; x_wconf 87' lang='lat' dir='ltr'>tamen,</span> <span class='ocrx_word' id='word_1_57' title='bbox 1521 891 1598 947; x_wconf 92' lang='lat' dir='ltr'>ut</span> <span class='ocrx_word' id='word_1_58' title='bbox 1648 877 2022 946; x_wconf 91' lang='lat' dir='ltr'>immodico</span> <span class='ocrx_word' id='word_1_59' title='bbox 2083 877 2323 965; x_wconf 90' lang='lat' dir='ltr'>populi</span> <span class='ocrx_word' id='word_1_60' title='bbox 2383 878 2482 945; x_wconf 91' lang='lat' dir='ltr'>tui</span> <span class='ocrx_word' id='word_1_61' title='bbox 2532 900 2765 947; x_wconf 88' lang='lat' dir='ltr'>amore</span> 
     </span>
     <span class='ocr_line' id='line_1_8' title="bbox 205 965 2762 1057; baseline 0.001 -23"><span class='ocrx_word' id='word_1_62' title='bbox 205 965 511 1044; x_wconf 88' lang='lat' dir='ltr'>ducaris,</span> <span class='ocrx_word' id='word_1_63' title='bbox 566 986 786 1051; x_wconf 90' lang='lat' dir='ltr'>neque</span> <span class='ocrx_word' id='word_1_64' title='bbox 833 967 1018 1033; x_wconf 87' lang='lat' dir='ltr'>enim</span> <span class='ocrx_word' id='word_1_65' title='bbox 1056 965 1124 1034; x_wconf 88' lang='lat' dir='ltr'>id</span> <span class='ocrx_word' id='word_1_66' title='bbox 1210 988 1287 1035; x_wconf 90' lang='lat' dir='ltr'>ar</span> <span class='ocrx_word' id='word_1_67' title='bbox 1316 980 1438 1035; x_wconf 90' lang='lat' dir='ltr'>est.</span> <span class='ocrx_word' id='word_1_68' title='bbox 1495 971 1571 1035; x_wconf 88' lang='lat' dir='ltr'>Et</span> <span class='ocrx_word' id='word_1_69' title='bbox 1621 966 1953 1035; x_wconf 78' lang='lat' dir='ltr'>Basilius:</span> <span class='ocrx_word' id='word_1_70' title='bbox 2010 965 2284 1054; x_wconf 86' lang='lat' dir='ltr'>Sijure‚</span> <span class='ocrx_word' id='word_1_71' title='bbox 2333 965 2582 1051; x_wconf 88' lang='lat' dir='ltr'>inquit,</span> <span class='ocrx_word' id='word_1_72' title='bbox 2642 989 2762 1057; x_wconf 94' lang='lat' dir='ltr'>po-</span> 
     </span>
     <span class='ocr_line' id='line_1_9' title="bbox 208 990 2767 1145; baseline 0 -20"><span class='ocrx_word' id='word_1_73' title='bbox 208 1055 373 1125; x_wconf 86' lang='lat' dir='ltr'>teris</span> <span class='ocrx_word' id='word_1_74' title='bbox 441 1076 668 1122; x_wconf 89' lang='lat' dir='ltr'>meum</span> <span class='ocrx_word' id='word_1_75' title='bbox 721 1054 1005 1145; x_wconf 90' lang='lat' dir='ltr'>culpare</span> <span class='ocrx_word' id='word_1_76' title='bbox 1044 990 1420 1143; x_wconf 54' lang='lat' dir='ltr'>judicium,</span> <span class='ocrx_word' id='word_1_77' title='bbox 1473 1069 1538 1124; x_wconf 91' lang='lat' dir='ltr'>et</span> <span class='ocrx_word' id='word_1_78' title='bbox 1588 1077 1695 1123; x_wconf 89' lang='lat' dir='ltr'>me</span> <span class='ocrx_word' id='word_1_79' title='bbox 1738 1055 1979 1143; x_wconf 86' lang='lat' dir='ltr'>jubeto</span> <span class='ocrx_word' id='word_1_80' title='bbox 2029 1054 2127 1122; x_wconf 91' lang='lat' dir='ltr'>ire</span> <span class='ocrx_word' id='word_1_81' title='bbox 2176 1056 2246 1122; x_wconf 88' lang='lat' dir='ltr'>in</span> <span class='ocrx_word' id='word_1_82' title='bbox 2296 1054 2582 1123; x_wconf 88' lang='lat' dir='ltr'>exilium</span> <span class='ocrx_word' id='word_1_83' title='bbox 2616 1111 2630 1136; x_wconf 93' lang='lat'>,</span> <span class='ocrx_word' id='word_1_84' title='bbox 2700 1069 2767 1125; x_wconf 87' lang='lat' dir='ltr'>et</span> 
     </span>
     <span class='ocr_line' id='line_1_10' title="bbox 207 1143 2764 1233; baseline -0 -20"><span class='ocrx_word' id='word_1_85' title='bbox 207 1143 622 1213; x_wconf 86' lang='lat' dir='ltr'>orthodoxos</span> <span class='ocrx_word' id='word_1_86' title='bbox 668 1143 862 1233; x_wconf 85' lang='lat' dir='ltr'>ejice,</span> <span class='ocrx_word' id='word_1_87' title='bbox 916 1155 983 1211; x_wconf 90' lang='lat' dir='ltr'>et</span> <span class='ocrx_word' id='word_1_88' title='bbox 1011 1144 1372 1213; x_wconf 87' lang='lat' dir='ltr'>ecclesiam</span> <span class='ocrx_word' id='word_1_89' title='bbox 1410 1145 1498 1212; x_wconf 88' lang='lat' dir='ltr'>da</span> <span class='ocrx_word' id='word_1_90' title='bbox 1532 1143 1931 1212; x_wconf 73' lang='lat' dir='ltr'>victoribus</span> <span class='ocrx_word' id='word_1_91' title='bbox 1967 1143 2276 1231; x_wconf 79' lang='lat' dir='ltr'>Acceptis</span> <span class='ocrx_word' id='word_1_92' title='bbox 2325 1164 2489 1231; x_wconf 81' lang='lat' dir='ltr'>ergo</span> <span class='ocrx_word' id='word_1_93' title='bbox 2540 1167 2576 1211; x_wconf 92' lang='lat' dir='ltr'>a</span> <span class='ocrx_word' id='word_1_94' title='bbox 2638 1150 2764 1213; x_wconf 86' lang='lat' dir='ltr'>Va-</span> 
     </span>
     <span class='ocr_line' id='line_1_11' title="bbox 211 1231 2771 1322; baseline 0 -20"><span class='ocrx_word' id='word_1_95' title='bbox 211 1234 390 1302; x_wconf 89' lang='lat' dir='ltr'>lente</span> <span class='ocrx_word' id='word_1_96' title='bbox 439 1232 679 1304; x_wconf 79' lang='lat' dir='ltr'>literis.</span> <span class='ocrx_word' id='word_1_97' title='bbox 749 1232 1089 1322; x_wconf 86' lang='lat' dir='ltr'>profectus</span> <span class='ocrx_word' id='word_1_98' title='bbox 1127 1247 1227 1303; x_wconf 90' lang='lat' dir='ltr'>est</span> <span class='ocrx_word' id='word_1_99' title='bbox 1259 1232 1556 1311; x_wconf 81' lang='lat' dir='ltr'>Niceam,</span> <span class='ocrx_word' id='word_1_100' title='bbox 1595 1232 1970 1318; x_wconf 75' lang='lat' dir='ltr'>accitisque</span> <span class='ocrx_word' id='word_1_101' title='bbox 2004 1232 2331 1311; x_wconf 84' lang='lat' dir='ltr'>ArrianiS,</span> <span class='ocrx_word' id='word_1_102' title='bbox 2386 1231 2590 1300; x_wconf 87' lang='lat' dir='ltr'>dixit:</span> <span class='ocrx_word' id='word_1_103' title='bbox 2632 1239 2771 1302; x_wconf 86' lang='lat' dir='ltr'>Im·-</span> 
     </span>
     <span class='ocr_line' id='line_1_12' title="bbox 209 1320 2765 1412; baseline -0 -20"><span class='ocrx_word' id='word_1_104' title='bbox 209 1335 483 1412; x_wconf 87' lang='lat' dir='ltr'>perator</span> <span class='ocrx_word' id='word_1_105' title='bbox 529 1321 696 1399; x_wconf 88' lang='lat' dir='ltr'>vult,</span> <span class='ocrx_word' id='word_1_106' title='bbox 732 1335 810 1391; x_wconf 90' lang='lat' dir='ltr'>ut</span> <span class='ocrx_word' id='word_1_107' title='bbox 837 1322 1114 1411; x_wconf 84' lang='lat' dir='ltr'>negotii,</span> <span class='ocrx_word' id='word_1_108' title='bbox 1150 1321 1331 1407; x_wconf 88' lang='lat' dir='ltr'>quod</span> <span class='ocrx_word' id='word_1_109' title='bbox 1378 1321 1568 1390; x_wconf 90' lang='lat' dir='ltr'>vobis</span> <span class='ocrx_word' id='word_1_110' title='bbox 1602 1334 1705 1390; x_wconf 87' lang='lat' dir='ltr'>est</span> <span class='ocrx_word' id='word_1_111' title='bbox 1729 1343 1888 1391; x_wconf 90' lang='lat' dir='ltr'>cum</span> <span class='ocrx_word' id='word_1_112' title='bbox 1914 1320 2314 1390; x_wconf 86' lang='lat' dir='ltr'>orthodoxis</span> <span class='ocrx_word' id='word_1_113' title='bbox 2364 1322 2626 1391; x_wconf 90' lang='lat' dir='ltr'>ratione</span> <span class='ocrx_word' id='word_1_114' title='bbox 2656 1345 2765 1391; x_wconf 88' lang='lat' dir='ltr'>ec-</span> 
     </span>
     <span class='ocr_line' id='line_1_13' title="bbox 206 1409 2766 1500; baseline -0.001 -19"><span class='ocrx_word' id='word_1_115' title='bbox 206 1412 458 1482; x_wconf 87' lang='lat' dir='ltr'>clesiae</span> <span class='ocrx_word' id='word_1_116' title='bbox 519 1431 727 1496; x_wconf 91' lang='lat' dir='ltr'>quam</span> <span class='ocrx_word' id='word_1_117' title='bbox 799 1411 1152 1499; x_wconf 81' lang='lat' dir='ltr'>rapuistiS,</span> <span class='ocrx_word' id='word_1_118' title='bbox 1205 1433 1331 1500; x_wconf 77' lang='lat' dir='ltr'>ego</span> <span class='ocrx_word' id='word_1_119' title='bbox 1377 1411 1592 1500; x_wconf 83' lang='lat' dir='ltr'>judex</span> <span class='ocrx_word' id='word_1_120' title='bbox 1659 1411 1817 1478; x_wconf 90' lang='lat' dir='ltr'>sim.</span> <span class='ocrx_word' id='word_1_121' title='bbox 1878 1415 2050 1478; x_wconf 88' lang='lat' dir='ltr'>Tum</span> <span class='ocrx_word' id='word_1_122' title='bbox 2103 1409 2247 1477; x_wconf 91' lang='lat' dir='ltr'>illi:</span> <span class='ocrx_word' id='word_1_123' title='bbox 2318 1410 2595 1491; x_wconf 87' lang='lat' dir='ltr'>Judica,</span> <span class='ocrx_word' id='word_1_124' title='bbox 2657 1412 2766 1479; x_wconf 90' lang='lat' dir='ltr'>in-</span> 
     </span>
     <span class='ocr_line' id='line_1_14' title="bbox 208 1498 2759 1589; baseline 0 -20"><span class='ocrx_word' id='word_1_125' title='bbox 208 1501 483 1587; x_wconf 70' lang='lat' dir='ltr'>quiunt,</span> <span class='ocrx_word' id='word_1_126' title='bbox 515 1499 632 1568; x_wconf 85' lang='lat' dir='ltr'>sed</span> <span class='ocrx_word' id='word_1_127' title='bbox 682 1521 762 1568; x_wconf 87' lang='lat' dir='ltr'>ex</span> <span class='ocrx_word' id='word_1_128' title='bbox 802 1500 1136 1568; x_wconf 86' lang='lat' dir='ltr'>sententia</span> <span class='ocrx_word' id='word_1_129' title='bbox 1160 1500 1624 1589; x_wconf 87' lang='lat' dir='ltr'>Imperatoris.</span> <span class='ocrx_word' id='word_1_130' title='bbox 1662 1499 1930 1580; x_wconf 86' lang='lat' dir='ltr'>Quibus</span> <span class='ocrx_word' id='word_1_131' title='bbox 1970 1498 2299 1567; x_wconf 86' lang='lat' dir='ltr'>Basilius:</span> <span class='ocrx_word' id='word_1_132' title='bbox 2357 1499 2759 1581; x_wconf 82' lang='lat' dir='ltr'>Claudatur,</span> 
     </span>
     <span class='ocr_line' id='line_1_15' title="bbox 212 1587 2767 1677; baseline -0.001 -19"><span class='ocrx_word' id='word_1_133' title='bbox 212 1589 329 1669; x_wconf 88' lang='lat' dir='ltr'>ait,</span> <span class='ocrx_word' id='word_1_134' title='bbox 397 1587 708 1667; x_wconf 86' lang='lat' dir='ltr'>ecclesia,</span> <span class='ocrx_word' id='word_1_135' title='bbox 761 1601 826 1656; x_wconf 87' lang='lat' dir='ltr'>et</span> <span class='ocrx_word' id='word_1_136' title='bbox 876 1602 1012 1657; x_wconf 90' lang='lat' dir='ltr'>tam</span> <span class='ocrx_word' id='word_1_137' title='bbox 1066 1610 1181 1656; x_wconf 89' lang='lat' dir='ltr'>vos</span> <span class='ocrx_word' id='word_1_138' title='bbox 1229 1609 1437 1674; x_wconf 87' lang='lat' dir='ltr'>quam</span> <span class='ocrx_word' id='word_1_139' title='bbox 1490 1588 1812 1657; x_wconf 82' lang='lat' dir='ltr'>Catholici</span> <span class='ocrx_word' id='word_1_140' title='bbox 1866 1587 2226 1677; x_wconf 87' lang='lat' dir='ltr'>obsignate</span> <span class='ocrx_word' id='word_1_141' title='bbox 2274 1609 2463 1656; x_wconf 88' lang='lat' dir='ltr'>eam:</span> <span class='ocrx_word' id='word_1_142' title='bbox 2524 1590 2767 1675; x_wconf 87' lang='lat' dir='ltr'>primi-</span> 
     </span>
     <span class='ocr_line' id='line_1_16' title="bbox 209 1675 2767 1766; baseline -0.001 -18"><span class='ocrx_word' id='word_1_143' title='bbox 209 1700 345 1765; x_wconf 87' lang='lat' dir='ltr'>que</span> <span class='ocrx_word' id='word_1_144' title='bbox 391 1699 510 1746; x_wconf 80' lang='lat' dir='ltr'>vos</span> <span class='ocrx_word' id='word_1_145' title='bbox 544 1691 675 1746; x_wconf 87' lang='lat' dir='ltr'>tres</span> <span class='ocrx_word' id='word_1_146' title='bbox 705 1675 852 1745; x_wconf 89' lang='lat' dir='ltr'>dies</span> <span class='ocrx_word' id='word_1_147' title='bbox 883 1688 1084 1763; x_wconf 90' lang='lat' dir='ltr'>atque</span> <span class='ocrx_word' id='word_1_148' title='bbox 1126 1691 1357 1746; x_wconf 86' lang='lat' dir='ltr'>noctes</span> <span class='ocrx_word' id='word_1_149' title='bbox 1405 1677 1767 1766; x_wconf 80' lang='lat' dir='ltr'>expendite</span> <span class='ocrx_word' id='word_1_150' title='bbox 1810 1678 1876 1744; x_wconf 92' lang='lat' dir='ltr'>in</span> <span class='ocrx_word' id='word_1_151' title='bbox 1915 1677 2263 1766; x_wconf 79' lang='lat' dir='ltr'>precibu5‚</span> <span class='ocrx_word' id='word_1_152' title='bbox 2303 1689 2368 1745; x_wconf 89' lang='lat' dir='ltr'>et</span> <span class='ocrx_word' id='word_1_153' title='bbox 2413 1676 2663 1746; x_wconf 89' lang='lat' dir='ltr'>deinde</span> <span class='ocrx_word' id='word_1_154' title='bbox 2708 1679 2767 1747; x_wconf 90' lang='lat' dir='ltr'>si</span> 
     </span>
     <span class='ocr_line' id='line_1_17' title="bbox 209 1765 2766 1856; baseline 0.002 -24"><span class='ocrx_word' id='word_1_155' title='bbox 209 1767 404 1837; x_wconf 82' lang='lat' dir='ltr'>vobis</span> <span class='ocrx_word' id='word_1_156' title='bbox 434 1766 516 1834; x_wconf 91' lang='lat' dir='ltr'>ad</span> <span class='ocrx_word' id='word_1_157' title='bbox 569 1765 927 1834; x_wconf 89' lang='lat' dir='ltr'>ecclesiam</span> <span class='ocrx_word' id='word_1_158' title='bbox 964 1766 1291 1835; x_wconf 85' lang='lat' dir='ltr'>euntibus</span> <span class='ocrx_word' id='word_1_159' title='bbox 1348 1766 1464 1834; x_wconf 85' lang='lat' dir='ltr'>illa</span> <span class='ocrx_word' id='word_1_160' title='bbox 1516 1766 1834 1854; x_wconf 88' lang='lat' dir='ltr'>patuerit,</span> <span class='ocrx_word' id='word_1_161' title='bbox 1891 1766 1976 1834; x_wconf 87' lang='lat' dir='ltr'>sit</span> <span class='ocrx_word' id='word_1_162' title='bbox 2025 1778 2356 1856; x_wconf 86' lang='lat' dir='ltr'>perpetuo</span> <span class='ocrx_word' id='word_1_163' title='bbox 2402 1767 2609 1835; x_wconf 80' lang='lat' dir='ltr'>vestri</span> <span class='ocrx_word' id='word_1_164' title='bbox 2648 1767 2766 1856; x_wconf 88' lang='lat' dir='ltr'>ju-</span> 
     </span>
     <span class='ocr_line' id='line_1_18' title="bbox 211 1854 2766 1944; baseline -0 -19"><span class='ocrx_word' id='word_1_165' title='bbox 211 1857 331 1926; x_wconf 89' lang='lat' dir='ltr'>ris.</span> <span class='ocrx_word' id='word_1_166' title='bbox 388 1855 504 1924; x_wconf 90' lang='lat' dir='ltr'>Sin</span> <span class='ocrx_word' id='word_1_167' title='bbox 541 1854 796 1934; x_wconf 81' lang='lat' dir='ltr'>minuS‚</span> <span class='ocrx_word' id='word_1_168' title='bbox 835 1876 960 1923; x_wconf 90' lang='lat' dir='ltr'>nos</span> <span class='ocrx_word' id='word_1_169' title='bbox 995 1876 1204 1923; x_wconf 89' lang='lat' dir='ltr'>unam</span> <span class='ocrx_word' id='word_1_170' title='bbox 1240 1855 1685 1943; x_wconf 82' lang='lat' dir='ltr'>vigilabimus</span> <span class='ocrx_word' id='word_1_171' title='bbox 1720 1866 2013 1933; x_wconf 85' lang='lat' dir='ltr'>noctem,</span> <span class='ocrx_word' id='word_1_172' title='bbox 2067 1867 2132 1924; x_wconf 87' lang='lat' dir='ltr'>et</span> <span class='ocrx_word' id='word_1_173' title='bbox 2184 1854 2554 1944; x_wconf 85' lang='lat' dir='ltr'>psallentes</span> <span class='ocrx_word' id='word_1_174' title='bbox 2604 1877 2766 1924; x_wconf 88' lang='lat' dir='ltr'>cum</span> 
     </span>
     <span class='ocr_line' id='line_1_19' title="bbox 211 1943 2764 2033; baseline -0.001 -20"><span class='ocrx_word' id='word_1_175' title='bbox 211 1944 455 2013; x_wconf 89' lang='lat' dir='ltr'>litania</span> <span class='ocrx_word' id='word_1_176' title='bbox 490 1943 751 2028; x_wconf 83' lang='lat' dir='ltr'>ibimus</span> <span class='ocrx_word' id='word_1_177' title='bbox 784 1943 868 2011; x_wconf 92' lang='lat' dir='ltr'>ad</span> <span class='ocrx_word' id='word_1_178' title='bbox 900 1943 1287 2014; x_wconf 88' lang='lat' dir='ltr'>ecclesiam:</span> <span class='ocrx_word' id='word_1_179' title='bbox 1319 1957 1383 2012; x_wconf 89' lang='lat' dir='ltr'>et</span> <span class='ocrx_word' id='word_1_180' title='bbox 1408 1944 1463 2013; x_wconf 88' lang='lat' dir='ltr'>si</span> <span class='ocrx_word' id='word_1_181' title='bbox 1491 1944 1688 2013; x_wconf 88' lang='lat' dir='ltr'>nobis</span> <span class='ocrx_word' id='word_1_182' title='bbox 1722 1956 1955 2033; x_wconf 89' lang='lat' dir='ltr'>aperta</span> <span class='ocrx_word' id='word_1_183' title='bbox 1989 1943 2218 2024; x_wconf 87' lang='lat' dir='ltr'>fuerit,</span> <span class='ocrx_word' id='word_1_184' title='bbox 2259 1947 2764 2014; x_wconf 88' lang='lat' dir='ltr'>nos&#39;aeternum</span> 
     </span>
     <span class='ocr_line' id='line_1_20' title="bbox 214 2031 2761 2113; baseline -0 -11"><span class='ocrx_word' id='word_1_185' title='bbox 214 2055 367 2103; x_wconf 84' lang='lat' dir='ltr'>eam</span> <span class='ocrx_word' id='word_1_186' title='bbox 441 2031 932 2101; x_wconf 80' lang='lat' dir='ltr'>obtinebimus.</span> <span class='ocrx_word' id='word_1_187' title='bbox 988 2032 1182 2113; x_wconf 85' lang='lat' dir='ltr'>Quod</span> <span class='ocrx_word' id='word_1_188' title='bbox 1233 2033 1290 2100; x_wconf 90' lang='lat' dir='ltr'>si</span> <span class='ocrx_word' id='word_1_189' title='bbox 1352 2044 1646 2103; x_wconf 87' lang='lat' dir='ltr'>reserata</span> <span class='ocrx_word' id='word_1_190' title='bbox 1698 2032 1897 2102; x_wconf 91' lang='lat' dir='ltr'>nobis</span> <span class='ocrx_word' id='word_1_191' title='bbox 1973 2054 2110 2101; x_wconf 92' lang='lat' dir='ltr'>non</span> <span class='ocrx_word' id='word_1_192' title='bbox 2173 2033 2323 2113; x_wconf 89' lang='lat' dir='ltr'>erit,</span> <span class='ocrx_word' id='word_1_193' title='bbox 2384 2032 2466 2101; x_wconf 90' lang='lat' dir='ltr'>sit</span> <span class='ocrx_word' id='word_1_194' title='bbox 2516 2045 2761 2113; x_wconf 85' lang='lat' dir='ltr'>vestra,</span> 
     </span>
     <span class='ocr_line' id='line_1_21' title="bbox 213 2136 1079 2221; baseline 0 -32"><span class='ocrx_word' id='word_1_195' title='bbox 213 2143 470 2208; x_wconf 90' lang='lat' dir='ltr'>vosque</span> <span class='ocrx_word' id='word_1_196' title='bbox 519 2143 669 2189; x_wconf 85' lang='lat' dir='ltr'>eam</span> <span class='ocrx_word' id='word_1_197' title='bbox 728 2136 1079 2221; x_wconf 87' lang='lat' dir='ltr'>occupate.</span> 
     </span>
    </p>

    <p class='ocr_par' dir='ltr' id='par_1_4' title="bbox 167 2209 2778 4522">
     <span class='ocr_line' id='line_1_22' title="bbox 387 2209 2762 2291; baseline -0.001 -10"><span class='ocrx_word' id='word_1_198' title='bbox 387 2214 546 2281; x_wconf 65' lang='lat'>22.</span> <span class='ocrx_word' id='word_1_199' title='bbox 604 2209 866 2286; x_wconf 87' lang='lat' dir='ltr'>Placuit</span> <span class='ocrx_word' id='word_1_200' title='bbox 908 2232 964 2279; x_wconf 80' lang='lat' dir='ltr'>is</span> <span class='ocrx_word' id='word_1_201' title='bbox 1013 2232 1239 2279; x_wconf 88' lang='lat' dir='ltr'>sermo</span> <span class='ocrx_word' id='word_1_202' title='bbox 1273 2209 1609 2279; x_wconf 75' lang='lat' dir='ltr'>Arrianis:</span> <span class='ocrx_word' id='word_1_203' title='bbox 1665 2222 1734 2278; x_wconf 90' lang='lat' dir='ltr'>at</span> <span class='ocrx_word' id='word_1_204' title='bbox 1782 2209 2140 2279; x_wconf 85' lang='lat' dir='ltr'>orthodoxi</span> <span class='ocrx_word' id='word_1_205' title='bbox 2171 2210 2762 2291; x_wconf 87' lang='lat' dir='ltr'>contradicebant,</span> 
     </span>
     <span class='ocr_line' id='line_1_23' title="bbox 219 2298 2769 2385; baseline -0 -17"><span class='ocrx_word' id='word_1_206' title='bbox 219 2323 258 2368; x_wconf 91' lang='lat' dir='ltr'>a</span> <span class='ocrx_word' id='word_1_207' title='bbox 316 2312 643 2367; x_wconf 79' lang='lat' dir='ltr'>irmantes</span> <span class='ocrx_word' id='word_1_208' title='bbox 689 2320 848 2367; x_wconf 89' lang='lat' dir='ltr'>eum</span> <span class='ocrx_word' id='word_1_209' title='bbox 880 2321 1012 2367; x_wconf 90' lang='lat' dir='ltr'>non</span> <span class='ocrx_word' id='word_1_210' title='bbox 1044 2320 1331 2385; x_wconf 89' lang='lat' dir='ltr'>aequam</span> <span class='ocrx_word' id='word_1_211' title='bbox 1384 2299 1560 2367; x_wconf 86' lang='lat' dir='ltr'>ferre</span> <span class='ocrx_word' id='word_1_212' title='bbox 1601 2299 2037 2378; x_wconf 89' lang='lat' dir='ltr'>sententiam,</span> <span class='ocrx_word' id='word_1_213' title='bbox 2075 2298 2189 2368; x_wconf 88' lang='lat' dir='ltr'>sed</span> <span class='ocrx_word' id='word_1_214' title='bbox 2220 2313 2549 2368; x_wconf 83' lang='lat' dir='ltr'>extortam</span> <span class='ocrx_word' id='word_1_215' title='bbox 2584 2310 2769 2368; x_wconf 87' lang='lat' dir='ltr'>metu</span> 
     </span>
     <span class='ocr_line' id='line_1_24' title="bbox 217 2386 2769 2477; baseline -0.001 -20"><span class='ocrx_word' id='word_1_216' title='bbox 217 2387 681 2477; x_wconf 80' lang='lat' dir='ltr'>Imperatoris,</span> <span class='ocrx_word' id='word_1_217' title='bbox 739 2391 815 2455; x_wconf 76' lang='lat' dir='ltr'>At</span> <span class='ocrx_word' id='word_1_218' title='bbox 865 2410 1020 2456; x_wconf 90' lang='lat' dir='ltr'>vero</span> <span class='ocrx_word' id='word_1_219' title='bbox 1071 2388 1286 2456; x_wconf 90' lang='lat' dir='ltr'>multo</span> <span class='ocrx_word' id='word_1_220' title='bbox 1336 2386 1562 2458; x_wconf 91' lang='lat' dir='ltr'>studio</span> <span class='ocrx_word' id='word_1_221' title='bbox 1598 2387 1837 2456; x_wconf 90' lang='lat' dir='ltr'>clausa</span> <span class='ocrx_word' id='word_1_222' title='bbox 1875 2400 1978 2456; x_wconf 89' lang='lat' dir='ltr'>est</span> <span class='ocrx_word' id='word_1_223' title='bbox 2034 2386 2349 2467; x_wconf 87' lang='lat' dir='ltr'>ecclesia,</span> <span class='ocrx_word' id='word_1_224' title='bbox 2407 2387 2769 2473; x_wconf 89' lang='lat' dir='ltr'>utriusque</span> 
     </span>
     <span class='ocr_line' id='line_1_25' title="bbox 219 2475 2770 2568; baseline 0 -23"><span class='ocrx_word' id='word_1_225' title='bbox 219 2476 437 2568; x_wconf 86' lang='lat' dir='ltr'>partis</span> <span class='ocrx_word' id='word_1_226' title='bbox 487 2475 888 2546; x_wconf 88' lang='lat' dir='ltr'>hominibus</span> <span class='ocrx_word' id='word_1_227' title='bbox 947 2475 1484 2566; x_wconf 81' lang='lat' dir='ltr'>postulantibuS,</span> <span class='ocrx_word' id='word_1_228' title='bbox 1548 2488 1624 2544; x_wconf 89' lang='lat' dir='ltr'>ut</span> <span class='ocrx_word' id='word_1_229' title='bbox 1676 2476 2195 2546; x_wconf 85' lang='lat' dir='ltr'>accuratissime</span> <span class='ocrx_word' id='word_1_230' title='bbox 2243 2489 2308 2544; x_wconf 90' lang='lat' dir='ltr'>et</span> <span class='ocrx_word' id='word_1_231' title='bbox 2367 2476 2770 2545; x_wconf 86' lang='lat' dir='ltr'>cautissime</span> 
     </span>
     <span class='ocr_line' id='line_1_26' title="bbox 211 2564 2769 2655; baseline -0.001 -20"><span class='ocrx_word' id='word_1_232' title='bbox 211 2567 669 2636; x_wconf 88' lang='lat' dir='ltr'>obseraretur.</span> <span class='ocrx_word' id='word_1_233' title='bbox 724 2566 1094 2635; x_wconf 87' lang='lat' dir='ltr'>Orantibus</span> <span class='ocrx_word' id='word_1_234' title='bbox 1145 2567 1355 2655; x_wconf 84' lang='lat' dir='ltr'>igitur</span> <span class='ocrx_word' id='word_1_235' title='bbox 1401 2587 1480 2633; x_wconf 85' lang='lat' dir='ltr'>ex</span> <span class='ocrx_word' id='word_1_236' title='bbox 1529 2564 1800 2635; x_wconf 88' lang='lat' dir='ltr'>decreto</span> <span class='ocrx_word' id='word_1_237' title='bbox 1838 2565 2071 2633; x_wconf 89' lang='lat' dir='ltr'>Basilii</span> <span class='ocrx_word' id='word_1_238' title='bbox 2108 2566 2411 2634; x_wconf 76' lang='lat' dir='ltr'>Arrianis</span> <span class='ocrx_word' id='word_1_239' title='bbox 2463 2581 2595 2634; x_wconf 88' lang='lat' dir='ltr'>tres</span> <span class='ocrx_word' id='word_1_240' title='bbox 2647 2586 2769 2633; x_wconf 92' lang='lat' dir='ltr'>no-</span> 
     </span>
     <span class='ocr_line' id='line_1_27' title="bbox 212 2653 2763 2741; baseline -0.002 -16"><span class='ocrx_word' id='word_1_241' title='bbox 212 2669 357 2725; x_wconf 88' lang='lat' dir='ltr'>ctes</span> <span class='ocrx_word' id='word_1_242' title='bbox 386 2669 591 2741; x_wconf 88' lang='lat' dir='ltr'>atque</span> <span class='ocrx_word' id='word_1_243' title='bbox 639 2653 809 2734; x_wconf 80' lang='lat' dir='ltr'>dies,</span> <span class='ocrx_word' id='word_1_244' title='bbox 846 2677 924 2722; x_wconf 90' lang='lat' dir='ltr'>ac</span> <span class='ocrx_word' id='word_1_245' title='bbox 957 2654 1207 2723; x_wconf 89' lang='lat' dir='ltr'>deinde</span> <span class='ocrx_word' id='word_1_246' title='bbox 1256 2654 1692 2724; x_wconf 87' lang='lat' dir='ltr'>venientibus</span> <span class='ocrx_word' id='word_1_247' title='bbox 1738 2653 1824 2722; x_wconf 88' lang='lat' dir='ltr'>ad</span> <span class='ocrx_word' id='word_1_248' title='bbox 1863 2666 2174 2723; x_wconf 89' lang='lat' dir='ltr'>sanctam</span> <span class='ocrx_word' id='word_1_249' title='bbox 2212 2655 2324 2722; x_wconf 90' lang='lat' dir='ltr'>Dei</span> <span class='ocrx_word' id='word_1_250' title='bbox 2374 2653 2763 2733; x_wconf 89' lang='lat' dir='ltr'>ecclesiam,</span> 
     </span>
     <span class='ocr_line' id='line_1_28' title="bbox 212 2741 2771 2829; baseline -0.001 -17"><span class='ocrx_word' id='word_1_251' title='bbox 212 2757 278 2813; x_wconf 85' lang='lat' dir='ltr'>et</span> <span class='ocrx_word' id='word_1_252' title='bbox 310 2743 757 2812; x_wconf 87' lang='lat' dir='ltr'>haerentibus</span> <span class='ocrx_word' id='word_1_253' title='bbox 805 2743 899 2812; x_wconf 91' lang='lat' dir='ltr'>ibi</span> <span class='ocrx_word' id='word_1_254' title='bbox 940 2745 1028 2813; x_wconf 87' lang='lat' dir='ltr'>ab</span> <span class='ocrx_word' id='word_1_255' title='bbox 1070 2744 1235 2811; x_wconf 87' lang='lat' dir='ltr'>bora</span> <span class='ocrx_word' id='word_1_256' title='bbox 1290 2744 1623 2812; x_wconf 90' lang='lat' dir='ltr'>matutina</span> <span class='ocrx_word' id='word_1_257' title='bbox 1673 2765 1896 2829; x_wconf 90' lang='lat' dir='ltr'>usque</span> <span class='ocrx_word' id='word_1_258' title='bbox 1948 2742 2035 2811; x_wconf 92' lang='lat' dir='ltr'>ad</span> <span class='ocrx_word' id='word_1_259' title='bbox 2085 2755 2368 2821; x_wconf 84' lang='lat' dir='ltr'>sextam,</span> <span class='ocrx_word' id='word_1_260' title='bbox 2407 2741 2771 2811; x_wconf 85' lang='lat' dir='ltr'>clamanti-</span> 
     </span>
     <span class='ocr_line' id='line_1_29' title="bbox 212 2830 2772 2920; baseline -0.001 -18"><span class='ocrx_word' id='word_1_261' title='bbox 212 2834 486 2919; x_wconf 88' lang='lat' dir='ltr'>busque</span> <span class='ocrx_word' id='word_1_262' title='bbox 535 2832 737 2920; x_wconf 81' lang='lat' dir='ltr'>Kyrie</span> <span class='ocrx_word' id='word_1_263' title='bbox 784 2832 1065 2911; x_wconf 89' lang='lat' dir='ltr'>eleison,</span> <span class='ocrx_word' id='word_1_264' title='bbox 1122 2854 1258 2901; x_wconf 90' lang='lat' dir='ltr'>non</span> <span class='ocrx_word' id='word_1_265' title='bbox 1310 2846 1470 2903; x_wconf 90' lang='lat' dir='ltr'>sunt</span> <span class='ocrx_word' id='word_1_266' title='bbox 1502 2831 1812 2901; x_wconf 88' lang='lat' dir='ltr'>reclusae</span> <span class='ocrx_word' id='word_1_267' title='bbox 1850 2831 2050 2912; x_wconf 86' lang='lat' dir='ltr'>fores,</span> <span class='ocrx_word' id='word_1_268' title='bbox 2101 2843 2168 2900; x_wconf 90' lang='lat' dir='ltr'>at</span> <span class='ocrx_word' id='word_1_269' title='bbox 2215 2830 2489 2900; x_wconf 85' lang='lat' dir='ltr'>tandem</span> <span class='ocrx_word' id='word_1_270' title='bbox 2543 2830 2772 2899; x_wconf 88' lang='lat' dir='ltr'>delas-</span> 
     </span>
     <span class='ocr_line' id='line_1_30' title="bbox 215 2919 2771 3006; baseline -0.002 -15"><span class='ocrx_word' id='word_1_271' title='bbox 215 2921 369 3001; x_wconf 88' lang='lat' dir='ltr'>sati,</span> <span class='ocrx_word' id='word_1_272' title='bbox 425 2922 668 2990; x_wconf 87' lang='lat' dir='ltr'>inanes</span> <span class='ocrx_word' id='word_1_273' title='bbox 717 2920 1205 2990; x_wconf 87' lang='lat' dir='ltr'>discesserunt.</span> <span class='ocrx_word' id='word_1_274' title='bbox 1262 2921 1356 2989; x_wconf 72' lang='lat' dir='ltr'>Ad</span> <span class='ocrx_word' id='word_1_275' title='bbox 1397 2943 1571 3006; x_wconf 89' lang='lat' dir='ltr'>quos</span> <span class='ocrx_word' id='word_1_276' title='bbox 1606 2934 1890 2990; x_wconf 88' lang='lat' dir='ltr'>sanctus</span> <span class='ocrx_word' id='word_1_277' title='bbox 1925 2920 2260 2989; x_wconf 88' lang='lat' dir='ltr'>Basilius:</span> <span class='ocrx_word' id='word_1_278' title='bbox 2298 2920 2606 3001; x_wconf 78' lang='lat' dir='ltr'>Fecistis,</span> <span class='ocrx_word' id='word_1_279' title='bbox 2663 2919 2771 2987; x_wconf 89' lang='lat' dir='ltr'>in-</span> 
     </span>
     <span class='ocr_line' id='line_1_31' title="bbox 167 3007 2764 3100; baseline -0.001 -21"><span class='ocrx_word' id='word_1_280' title='bbox 167 3022 177 3035; x_wconf 78' lang='lat'><strong>·</strong></span> <span class='ocrx_word' id='word_1_281' title='bbox 212 3011 387 3097; x_wconf 89' lang='lat' dir='ltr'>quit,</span> <span class='ocrx_word' id='word_1_282' title='bbox 443 3024 518 3079; x_wconf 89' lang='lat' dir='ltr'>ut</span> <span class='ocrx_word' id='word_1_283' title='bbox 565 3010 772 3078; x_wconf 88' lang='lat' dir='ltr'>eratis</span> <span class='ocrx_word' id='word_1_284' title='bbox 832 3010 1044 3098; x_wconf 88' lang='lat' dir='ltr'>jussi:</span> <span class='ocrx_word' id='word_1_285' title='bbox 1084 3010 1201 3080; x_wconf 82' lang='lat' dir='ltr'>scd</span> <span class='ocrx_word' id='word_1_286' title='bbox 1229 3022 1303 3079; x_wconf 91' lang='lat' dir='ltr'>ut</span> <span class='ocrx_word' id='word_1_287' title='bbox 1337 3009 1570 3090; x_wconf 89' lang='lat' dir='ltr'>audi0‚</span> <span class='ocrx_word' id='word_1_288' title='bbox 1613 3031 1751 3078; x_wconf 91' lang='lat' dir='ltr'>non</span> <span class='ocrx_word' id='word_1_289' title='bbox 1788 3020 1953 3078; x_wconf 88' lang='lat' dir='ltr'>sunt</span> <span class='ocrx_word' id='word_1_290' title='bbox 1987 3009 2181 3079; x_wconf 88' lang='lat' dir='ltr'>vobis</span> <span class='ocrx_word' id='word_1_291' title='bbox 2228 3022 2503 3100; x_wconf 88' lang='lat' dir='ltr'>apertae</span> <span class='ocrx_word' id='word_1_292' title='bbox 2562 3007 2764 3077; x_wconf 88' lang='lat' dir='ltr'>fores.</span> 
     </span>
     <span class='ocr_line' id='line_1_32' title="bbox 216 3096 2774 3188; baseline -0.001 -20"><span class='ocrx_word' id='word_1_293' title='bbox 216 3104 375 3168; x_wconf 85' lang='lat' dir='ltr'>Jam</span> <span class='ocrx_word' id='word_1_294' title='bbox 425 3099 639 3188; x_wconf 83' lang='lat' dir='ltr'>igitur</span> <span class='ocrx_word' id='word_1_295' title='bbox 684 3099 888 3167; x_wconf 86' lang='lat' dir='ltr'>etiam</span> <span class='ocrx_word' id='word_1_296' title='bbox 932 3120 1057 3167; x_wconf 91' lang='lat' dir='ltr'>nos</span> <span class='ocrx_word' id='word_1_297' title='bbox 1107 3111 1302 3168; x_wconf 87' lang='lat' dir='ltr'>nocte</span> <span class='ocrx_word' id='word_1_298' title='bbox 1350 3120 1493 3168; x_wconf 90' lang='lat' dir='ltr'>una</span> <span class='ocrx_word' id='word_1_299' title='bbox 1525 3120 1815 3188; x_wconf 73' lang='lat' dir='ltr'>agemus</span> <span class='ocrx_word' id='word_1_300' title='bbox 1852 3098 2147 3188; x_wconf 82' lang='lat' dir='ltr'>vigiliaS,</span> <span class='ocrx_word' id='word_1_301' title='bbox 2210 3110 2274 3167; x_wconf 86' lang='lat' dir='ltr'>et</span> <span class='ocrx_word' id='word_1_302' title='bbox 2321 3119 2478 3167; x_wconf 91' lang='lat' dir='ltr'>cum</span> <span class='ocrx_word' id='word_1_303' title='bbox 2533 3096 2774 3166; x_wconf 87' lang='lat' dir='ltr'>litania</span> 
     </span>
     <span class='ocr_line' id='line_1_33' title="bbox 212 3185 2768 3275; baseline -0.001 -20"><span class='ocrx_word' id='word_1_304' title='bbox 212 3186 479 3256; x_wconf 81' lang='lat' dir='ltr'>ibimus</span> <span class='ocrx_word' id='word_1_305' title='bbox 528 3186 613 3255; x_wconf 91' lang='lat' dir='ltr'>ad</span> <span class='ocrx_word' id='word_1_306' title='bbox 648 3185 1053 3257; x_wconf 89' lang='lat' dir='ltr'>ecclesiam:</span> <span class='ocrx_word' id='word_1_307' title='bbox 1094 3208 1271 3273; x_wconf 85' lang='lat' dir='ltr'>quac</span> <span class='ocrx_word' id='word_1_308' title='bbox 1318 3187 1376 3255; x_wconf 89' lang='lat' dir='ltr'>si</span> <span class='ocrx_word' id='word_1_309' title='bbox 1426 3188 1628 3256; x_wconf 89' lang='lat' dir='ltr'>nobis</span> <span class='ocrx_word' id='word_1_310' title='bbox 1660 3209 1937 3275; x_wconf 90' lang='lat' dir='ltr'>quoque</span> <span class='ocrx_word' id='word_1_311' title='bbox 1999 3199 2295 3257; x_wconf 87' lang='lat' dir='ltr'>reserata</span> <span class='ocrx_word' id='word_1_312' title='bbox 2348 3208 2485 3255; x_wconf 89' lang='lat' dir='ltr'>non</span> <span class='ocrx_word' id='word_1_313' title='bbox 2536 3185 2768 3267; x_wconf 86' lang='lat' dir='ltr'>fuerit,</span> 
     </span>
     <span class='ocr_line' id='line_1_34' title="bbox 215 3275 2772 3367; baseline -0 -22"><span class='ocrx_word' id='word_1_314' title='bbox 215 3297 335 3345; x_wconf 88' lang='lat' dir='ltr'>vos</span> <span class='ocrx_word' id='word_1_315' title='bbox 383 3296 535 3344; x_wconf 88' lang='lat' dir='ltr'>eam</span> <span class='ocrx_word' id='word_1_316' title='bbox 584 3297 665 3344; x_wconf 90' lang='lat' dir='ltr'>ex</span> <span class='ocrx_word' id='word_1_317' title='bbox 714 3298 864 3344; x_wconf 89' lang='lat' dir='ltr'>mea</span> <span class='ocrx_word' id='word_1_318' title='bbox 900 3276 1238 3347; x_wconf 86' lang='lat' dir='ltr'>sententia</span> <span class='ocrx_word' id='word_1_319' title='bbox 1279 3277 1472 3346; x_wconf 90' lang='lat' dir='ltr'>vobis</span> <span class='ocrx_word' id='word_1_320' title='bbox 1519 3290 1877 3366; x_wconf 89' lang='lat' dir='ltr'>usurpate.</span> <span class='ocrx_word' id='word_1_321' title='bbox 1933 3276 2215 3346; x_wconf 44' lang='lat' dir='ltr'>Tollensv</span> <span class='ocrx_word' id='word_1_322' title='bbox 2250 3298 2412 3367; x_wconf 86' lang='lat' dir='ltr'>ergo</span> <span class='ocrx_word' id='word_1_323' title='bbox 2472 3275 2574 3343; x_wconf 90' lang='lat' dir='ltr'>vir</span> <span class='ocrx_word' id='word_1_324' title='bbox 2612 3296 2772 3344; x_wconf 87' lang='lat' dir='ltr'>san-</span> 
     </span>
     <span class='ocr_line' id='line_1_35' title="bbox 214 3364 2774 3455; baseline -0.001 -20"><span class='ocrx_word' id='word_1_325' title='bbox 214 3375 371 3435; x_wconf 89' lang='lat' dir='ltr'>ctus</span> <span class='ocrx_word' id='word_1_326' title='bbox 410 3364 863 3434; x_wconf 91' lang='lat' dir='ltr'>orthodoxum</span> <span class='ocrx_word' id='word_1_327' title='bbox 907 3364 1245 3454; x_wconf 89' lang='lat' dir='ltr'>populum</span> <span class='ocrx_word' id='word_1_328' title='bbox 1294 3387 1453 3433; x_wconf 92' lang='lat' dir='ltr'>cum</span> <span class='ocrx_word' id='word_1_329' title='bbox 1496 3365 1910 3436; x_wconf 87' lang='lat' dir='ltr'>mulieribus</span> <span class='ocrx_word' id='word_1_330' title='bbox 1958 3379 2022 3435; x_wconf 87' lang='lat' dir='ltr'>et</span> <span class='ocrx_word' id='word_1_331' title='bbox 2076 3366 2334 3455; x_wconf 84' lang='lat' dir='ltr'>pueris,</span> <span class='ocrx_word' id='word_1_332' title='bbox 2392 3365 2554 3434; x_wconf 90' lang='lat' dir='ltr'>exiit</span> <span class='ocrx_word' id='word_1_333' title='bbox 2585 3375 2774 3433; x_wconf 88' lang='lat' dir='ltr'>extra</span> 
     </span>
     <span class='ocr_line' id='line_1_36' title="bbox 213 3453 2774 3544; baseline -0.001 -21"><span class='ocrx_word' id='word_1_334' title='bbox 213 3453 552 3544; x_wconf 90' lang='lat' dir='ltr'>oppidum</span> <span class='ocrx_word' id='word_1_335' title='bbox 590 3454 675 3524; x_wconf 90' lang='lat' dir='ltr'>ad</span> <span class='ocrx_word' id='word_1_336' title='bbox 727 3454 947 3523; x_wconf 86' lang='lat' dir='ltr'>sancti</span> <span class='ocrx_word' id='word_1_337' title='bbox 983 3453 1308 3541; x_wconf 88' lang='lat' dir='ltr'>martyris</span> <span class='ocrx_word' id='word_1_338' title='bbox 1363 3454 1708 3526; x_wconf 86' lang='lat' dir='ltr'>Diomedis</span> <span class='ocrx_word' id='word_1_339' title='bbox 1741 3455 2019 3524; x_wconf 88' lang='lat' dir='ltr'>aedem:</span> <span class='ocrx_word' id='word_1_340' title='bbox 2075 3454 2413 3540; x_wconf 87' lang='lat' dir='ltr'>factisque</span> <span class='ocrx_word' id='word_1_341' title='bbox 2454 3453 2545 3522; x_wconf 89' lang='lat' dir='ltr'>ibi</span> <span class='ocrx_word' id='word_1_342' title='bbox 2598 3453 2774 3543; x_wconf 83' lang='lat' dir='ltr'>vigi—</span> 
     </span>
     <span class='ocr_line' id='line_1_37' title="bbox 215 3542 2773 3633; baseline 0 -23"><span class='ocrx_word' id='word_1_343' title='bbox 215 3542 332 3611; x_wconf 90' lang='lat' dir='ltr'>liis</span> <span class='ocrx_word' id='word_1_344' title='bbox 388 3553 452 3610; x_wconf 87' lang='lat' dir='ltr'>et</span> <span class='ocrx_word' id='word_1_345' title='bbox 502 3542 862 3612; x_wconf 86' lang='lat' dir='ltr'>matutinis</span> <span class='ocrx_word' id='word_1_346' title='bbox 928 3542 1272 3628; x_wconf 75' lang='lat' dir='ltr'>precibUS,</span> <span class='ocrx_word' id='word_1_347' title='bbox 1329 3542 1652 3632; x_wconf 86' lang='lat' dir='ltr'>produxit</span> <span class='ocrx_word' id='word_1_348' title='bbox 1702 3543 2065 3633; x_wconf 91' lang='lat' dir='ltr'>populum,</span> <span class='ocrx_word' id='word_1_349' title='bbox 2109 3555 2439 3614; x_wconf 89' lang='lat' dir='ltr'>cantans:</span> <span class='ocrx_word' id='word_1_350' title='bbox 2481 3547 2773 3611; x_wconf 89' lang='lat' dir='ltr'>Sanctus</span> 
     </span>
     <span class='ocr_line' id='line_1_38' title="bbox 215 3630 2770 3711; baseline 0 -12"><span class='ocrx_word' id='word_1_351' title='bbox 215 3636 417 3709; x_wconf 86' lang='lat' dir='ltr'>Deus,</span> <span class='ocrx_word' id='word_1_352' title='bbox 468 3644 747 3700; x_wconf 88' lang='lat' dir='ltr'>sanctus</span> <span class='ocrx_word' id='word_1_353' title='bbox 797 3630 1012 3710; x_wconf 85' lang='lat' dir='ltr'>fortis,</span> <span class='ocrx_word' id='word_1_354' title='bbox 1067 3643 1351 3700; x_wconf 84' lang='lat' dir='ltr'>sanctus</span> <span class='ocrx_word' id='word_1_355' title='bbox 1400 3644 1465 3701; x_wconf 90' lang='lat' dir='ltr'>et</span> <span class='ocrx_word' id='word_1_356' title='bbox 1514 3631 1952 3711; x_wconf 89' lang='lat' dir='ltr'>immortalis,</span> <span class='ocrx_word' id='word_1_357' title='bbox 2009 3631 2332 3701; x_wconf 87' lang='lat' dir='ltr'>miserere</span> <span class='ocrx_word' id='word_1_358' title='bbox 2381 3631 2625 3700; x_wconf 90' lang='lat' dir='ltr'>nobis:</span> <span class='ocrx_word' id='word_1_359' title='bbox 2665 3631 2770 3699; x_wconf 93' lang='lat' dir='ltr'>in-</span> 
     </span>
     <span class='ocr_line' id='line_1_39' title="bbox 213 3719 2776 3810; baseline 0 -23"><span class='ocrx_word' id='word_1_360' title='bbox 213 3719 673 3810; x_wconf 87' lang='lat' dir='ltr'>grediensque</span> <span class='ocrx_word' id='word_1_361' title='bbox 714 3720 784 3788; x_wconf 92' lang='lat' dir='ltr'>in</span> <span class='ocrx_word' id='word_1_362' title='bbox 829 3719 1247 3789; x_wconf 87' lang='lat' dir='ltr'>vestibulum</span> <span class='ocrx_word' id='word_1_363' title='bbox 1315 3733 1448 3789; x_wconf 88' lang='lat' dir='ltr'>tem</span> <span class='ocrx_word' id='word_1_364' title='bbox 1509 3720 1580 3801; x_wconf 90' lang='lat' dir='ltr'>li,</span> <span class='ocrx_word' id='word_1_365' title='bbox 1637 3721 1739 3790; x_wconf 87' lang='lat' dir='ltr'>uti</span> <span class='ocrx_word' id='word_1_366' title='bbox 1797 3720 2002 3790; x_wconf 88' lang='lat' dir='ltr'>etiam</span> <span class='ocrx_word' id='word_1_367' title='bbox 2055 3721 2251 3810; x_wconf 90' lang='lat' dir='ltr'>prius</span> <span class='ocrx_word' id='word_1_368' title='bbox 2304 3720 2606 3794; x_wconf 84' lang='lat' dir='ltr'>fecerant</span> <span class='ocrx_word' id='word_1_369' title='bbox 2660 3724 2776 3787; x_wconf 86' lang='lat' dir='ltr'>Ar-</span> 
     </span>
     <span class='ocr_line' id='line_1_40' title="bbox 214 3808 2777 3899; baseline -0 -22"><span class='ocrx_word' id='word_1_370' title='bbox 214 3809 424 3888; x_wconf 88' lang='lat' dir='ltr'>riani,</span> <span class='ocrx_word' id='word_1_371' title='bbox 470 3808 637 3878; x_wconf 91' lang='lat' dir='ltr'>dicit</span> <span class='ocrx_word' id='word_1_372' title='bbox 685 3808 985 3899; x_wconf 88' lang='lat' dir='ltr'>populo:</span> <span class='ocrx_word' id='word_1_373' title='bbox 1026 3808 1280 3898; x_wconf 86' lang='lat' dir='ltr'>Erigite</span> <span class='ocrx_word' id='word_1_374' title='bbox 1328 3810 1459 3878; x_wconf 89' lang='lat' dir='ltr'>sub</span> <span class='ocrx_word' id='word_1_375' title='bbox 1491 3809 1665 3880; x_wconf 91' lang='lat' dir='ltr'>imes</span> <span class='ocrx_word' id='word_1_376' title='bbox 1701 3832 1951 3878; x_wconf 90' lang='lat' dir='ltr'>manus</span> <span class='ocrx_word' id='word_1_377' title='bbox 1992 3809 2061 3877; x_wconf 92' lang='lat' dir='ltr'>in</span> <span class='ocrx_word' id='word_1_378' title='bbox 2098 3808 2367 3878; x_wconf 90' lang='lat' dir='ltr'>coelum</span> <span class='ocrx_word' id='word_1_379' title='bbox 2418 3808 2502 3876; x_wconf 91' lang='lat' dir='ltr'>ad</span> <span class='ocrx_word' id='word_1_380' title='bbox 2548 3808 2777 3877; x_wconf 91' lang='lat' dir='ltr'>Domi-</span> 
     </span>
     <span class='ocr_line' id='line_1_41' title="bbox 213 3897 2769 3987; baseline 0 -21"><span class='ocrx_word' id='word_1_381' title='bbox 213 3920 413 3977; x_wconf 88' lang='lat' dir='ltr'>num,</span> <span class='ocrx_word' id='word_1_382' title='bbox 467 3911 530 3966; x_wconf 87' lang='lat' dir='ltr'>et</span> <span class='ocrx_word' id='word_1_383' title='bbox 583 3898 845 3987; x_wconf 85' lang='lat' dir='ltr'>prolixe</span> <span class='ocrx_word' id='word_1_384' title='bbox 892 3898 1183 3967; x_wconf 90' lang='lat' dir='ltr'>clamate</span> <span class='ocrx_word' id='word_1_385' title='bbox 1232 3898 1429 3986; x_wconf 84' lang='lat' dir='ltr'>Kyrie</span> <span class='ocrx_word' id='word_1_386' title='bbox 1457 3898 1742 3968; x_wconf 88' lang='lat' dir='ltr'>eleison.</span> <span class='ocrx_word' id='word_1_387' title='bbox 1797 3897 1988 3980; x_wconf 89' lang='lat' dir='ltr'>Quod</span> <span class='ocrx_word' id='word_1_388' title='bbox 2039 3920 2200 3968; x_wconf 89' lang='lat' dir='ltr'>cum</span> <span class='ocrx_word' id='word_1_389' title='bbox 2255 3897 2505 3967; x_wconf 85' lang='lat' dir='ltr'>faceret</span> <span class='ocrx_word' id='word_1_390' title='bbox 2550 3897 2769 3986; x_wconf 87' lang='lat' dir='ltr'>plebs,</span> 
     </span>
     <span class='ocr_line' id='line_1_42' title="bbox 219 3986 2778 4077; baseline -0.001 -20"><span class='ocrx_word' id='word_1_391' title='bbox 219 3999 507 4057; x_wconf 87' lang='lat' dir='ltr'>sanctus</span> <span class='ocrx_word' id='word_1_392' title='bbox 540 3991 586 4054; x_wconf 88' lang='lat' dir='ltr'>E</span> <span class='ocrx_word' id='word_1_393' title='bbox 641 3986 919 4076; x_wconf 89' lang='lat' dir='ltr'>iscopus</span> <span class='ocrx_word' id='word_1_394' title='bbox 968 3986 1124 4055; x_wconf 87' lang='lat' dir='ltr'>illos</span> <span class='ocrx_word' id='word_1_395' title='bbox 1162 3986 1608 4077; x_wconf 81' lang='lat' dir='ltr'>consignanS,</span> <span class='ocrx_word' id='word_1_396' title='bbox 1653 3988 1868 4076; x_wconf 82' lang='lat' dir='ltr'>jussit</span> <span class='ocrx_word' id='word_1_397' title='bbox 1914 3987 2267 4056; x_wconf 89' lang='lat' dir='ltr'>silentium</span> <span class='ocrx_word' id='word_1_398' title='bbox 2321 3986 2492 4067; x_wconf 87' lang='lat' dir='ltr'>fieri,</span> <span class='ocrx_word' id='word_1_399' title='bbox 2542 3997 2778 4074; x_wconf 87' lang='lat' dir='ltr'>terque</span> 
     </span>
     <span class='ocr_line' id='line_1_43' title="bbox 217 4075 2774 4167; baseline -0.001 -22"><span class='ocrx_word' id='word_1_400' title='bbox 217 4076 512 4164; x_wconf 87' lang='lat' dir='ltr'>signans</span> <span class='ocrx_word' id='word_1_401' title='bbox 607 4097 760 4145; x_wconf 84' lang='lat' dir='ltr'>ores</span> <span class='ocrx_word' id='word_1_402' title='bbox 811 4075 1073 4164; x_wconf 90' lang='lat' dir='ltr'>templi,</span> <span class='ocrx_word' id='word_1_403' title='bbox 1128 4075 1335 4167; x_wconf 80' lang='lat' dir='ltr'>dixit:</span> <span class='ocrx_word' id='word_1_404' title='bbox 1407 4076 1816 4145; x_wconf 88' lang='lat' dir='ltr'>Benedictus</span> <span class='ocrx_word' id='word_1_405' title='bbox 1866 4080 2045 4145; x_wconf 87' lang='lat' dir='ltr'>Deus</span> <span class='ocrx_word' id='word_1_406' title='bbox 2105 4075 2651 4145; x_wconf 87' lang='lat' dir='ltr'>Christianorum</span> <span class='ocrx_word' id='word_1_407' title='bbox 2703 4075 2774 4143; x_wconf 92' lang='lat' dir='ltr'>in</span> 
     </span>
     <span class='ocr_line' id='line_1_44' title="bbox 219 4163 2777 4255; baseline -0.002 -21"><span class='ocrx_word' id='word_1_408' title='bbox 219 4164 457 4234; x_wconf 87' lang='lat' dir='ltr'>secula</span> <span class='ocrx_word' id='word_1_409' title='bbox 493 4164 907 4235; x_wconf 85' lang='lat' dir='ltr'>seculorum.</span> <span class='ocrx_word' id='word_1_410' title='bbox 943 4170 1187 4233; x_wconf 82' lang='lat' dir='ltr'>Amen:</span> <span class='ocrx_word' id='word_1_411' title='bbox 1240 4164 1496 4255; x_wconf 91' lang='lat' dir='ltr'>populo</span> <span class='ocrx_word' id='word_1_412' title='bbox 1536 4177 1766 4233; x_wconf 90' lang='lat' dir='ltr'>autem</span> <span class='ocrx_word' id='word_1_413' title='bbox 1813 4164 2070 4255; x_wconf 87' lang='lat' dir='ltr'>pariter</span> <span class='ocrx_word' id='word_1_414' title='bbox 2101 4164 2393 4244; x_wconf 77' lang='lat' dir='ltr'>dicente,</span> <span class='ocrx_word' id='word_1_415' title='bbox 2438 4168 2675 4242; x_wconf 84' lang='lat' dir='ltr'>Amen,</span> <span class='ocrx_word' id='word_1_416' title='bbox 2711 4163 2777 4231; x_wconf 90' lang='lat' dir='ltr'>vi</span> 
     </span>
     <span class='ocr_line' id='line_1_45' title="bbox 216 4251 2769 4342; baseline -0.001 -20"><span class='ocrx_word' id='word_1_417' title='bbox 216 4251 549 4323; x_wconf 87' lang='lat' dir='ltr'>orationis</span> <span class='ocrx_word' id='word_1_418' title='bbox 616 4252 893 4323; x_wconf 80' lang='lat' dir='ltr'>contriti</span> <span class='ocrx_word' id='word_1_419' title='bbox 955 4266 1119 4322; x_wconf 89' lang='lat' dir='ltr'>sunt</span> <span class='ocrx_word' id='word_1_420' title='bbox 1178 4267 1422 4333; x_wconf 77' lang='lat' dir='ltr'>vecteS,</span> <span class='ocrx_word' id='word_1_421' title='bbox 1477 4252 1889 4323; x_wconf 88' lang='lat' dir='ltr'>deciderunt</span> <span class='ocrx_word' id='word_1_422' title='bbox 1943 4251 2168 4322; x_wconf 88' lang='lat' dir='ltr'>claves</span> <span class='ocrx_word' id='word_1_423' title='bbox 2221 4275 2381 4323; x_wconf 90' lang='lat' dir='ltr'>cum</span> <span class='ocrx_word' id='word_1_424' title='bbox 2448 4251 2769 4342; x_wconf 78' lang='lat' dir='ltr'>pessuliS,</span> 
     </span>
     <span class='ocr_line' id='line_1_46' title="bbox 215 4341 2778 4432; baseline -0.002 -20"><span class='ocrx_word' id='word_1_425' title='bbox 215 4342 393 4412; x_wconf 88' lang='lat' dir='ltr'>ostia</span> <span class='ocrx_word' id='word_1_426' title='bbox 445 4356 775 4430; x_wconf 90' lang='lat' dir='ltr'>tanquam</span> <span class='ocrx_word' id='word_1_427' title='bbox 837 4341 1063 4412; x_wconf 90' lang='lat' dir='ltr'>valido</span> <span class='ocrx_word' id='word_1_428' title='bbox 1111 4364 1462 4413; x_wconf 89' lang='lat' dir='ltr'>concussa·</span> <span class='ocrx_word' id='word_1_429' title='bbox 1500 4356 1700 4411; x_wconf 87' lang='lat' dir='ltr'>vento</span> <span class='ocrx_word' id='word_1_430' title='bbox 1740 4354 2134 4432; x_wconf 86' lang='lat' dir='ltr'>patuerunt,</span> <span class='ocrx_word' id='word_1_431' title='bbox 2194 4355 2258 4411; x_wconf 88' lang='lat' dir='ltr'>et</span> <span class='ocrx_word' id='word_1_432' title='bbox 2303 4363 2466 4410; x_wconf 87' lang='lat' dir='ltr'>curn</span> <span class='ocrx_word' id='word_1_433' title='bbox 2509 4341 2778 4429; x_wconf 89' lang='lat' dir='ltr'>impetu</span> 
     </span>
     <span class='ocr_line' id='line_1_47' title="bbox 215 4428 2778 4522; baseline -0.002 -22"><span class='ocrx_word' id='word_1_434' title='bbox 215 4429 519 4517; x_wconf 89' lang='lat' dir='ltr'>quodam</span> <span class='ocrx_word' id='word_1_435' title='bbox 556 4431 956 4501; x_wconf 87' lang='lat' dir='ltr'>ferebantur</span> <span class='ocrx_word' id='word_1_436' title='bbox 980 4431 1064 4500; x_wconf 87' lang='lat' dir='ltr'>ad</span> <span class='ocrx_word' id='word_1_437' title='bbox 1102 4431 1419 4522; x_wconf 82' lang='lat' dir='ltr'>parietes,</span> <span class='ocrx_word' id='word_1_438' title='bbox 1452 4435 1622 4501; x_wconf 88' lang='lat' dir='ltr'>Tum</span> <span class='ocrx_word' id='word_1_439' title='bbox 1645 4430 1953 4522; x_wconf 87' lang='lat' dir='ltr'>insignis</span> <span class='ocrx_word' id='word_1_440' title='bbox 1982 4430 2099 4501; x_wconf 90' lang='lat' dir='ltr'>ille</span> <span class='ocrx_word' id='word_1_441' title='bbox 2126 4431 2240 4500; x_wconf 89' lang='lat' dir='ltr'>Dei</span> <span class='ocrx_word' id='word_1_442' title='bbox 2275 4428 2778 4518; x_wconf 88' lang='lat' dir='ltr'>contemplator</span> 
     </span>
    </p>
   </div>
  </div>
 </body>
</html>
