3357 4995
184 348 404 415 JUNII
454 350 496 414 6
994 367 1072 412 DE
1122 366 1176 413 s.
1229 364 1594 414 Nonianum
1642 365 1939 414 amscoro
2476 298 2546 410 “l
2563 348 2633 412 81

185 467 249 523 et
289 449 741 521 beatitudinis
797 451 1016 542 gloria
1072 448 1454 530 conferens,
1510 462 1574 520 et
1621 451 2046 521 conferentes
2092 450 2410 531 audiam,
2450 473 2609 519 cum
2664 452 2735 518 in

186 554 491 612 secretae
523 540 740 609 noctis
789 540 1062 609 silentio
1108 539 1394 627 quidam
1436 560 1514 608 ex
1545 539 1643 609 eis
1684 540 1975 620 sitirent,
2015 541 2302 611 missum
2338 551 2439 608 est
2468 539 2553 606 ad
2585 538 2736 608 fon-

188 645 349 707 tem,
405 641 486 699 ut
532 628 894 699 afferretur
936 649 1140 715 aqua.
1196 629 1717 699 Revertentibus
1753 628 1964 719 igitur
2012 629 2133 715 qui
2183 629 2376 699 missi
2440 628 2731 711 fuerant,

189 718 419 790 statim
470 730 550 788 ut
595 717 848 787 ostium
891 717 1188 788 ‘cellulae
1250 717 1545 818 ingressi
1594 730 1796 786 sunt:
1852 721 2113 799 Quare,
2171 717 2395 804 inquit
2444 717 2544 784 vir
2593 718 2731 797 Dei,

191 827 443 894 aquam
489 806 921 875 immundam
974 807 1112 875 huc
1162 805 1537 875 attulistis?
1583 812 1658 874 At
1708 806 1809 874 illi
1861 806 2201 896 timentes,
2246 806 2637 896 stupebant,
2670 818 2736 875 et

194 917 309 965 vas
357 895 534 964 bene
585 894 798 964 lotum
825 910 889 965 et
923 917 1175 982 aquam
1230 896 1674 984 purissimam
1716 917 1786 965 se
1812 895 2125 964 attulisse
2151 895 2730 983 protestabantur.

199 989 502 1070 Cumque
549 983 634 1053 de
679 1006 856 1053 urna
907 985 975 1052 in
1042 983 1383 1072 scyphum
1425 984 1920 1064 effunderetur,
1976 983 2185 1054 semel
2236 996 2439 1070 atque
2488 983 2737 1052 iterum

186 1073 396 1163 jussit
444 1094 696 1160 aquam
747 1072 1045 1142 infusam
1080 1073 1367 1153 effundi,
1405 1074 1689 1142 omnino
1743 1074 2139 1164 prohibens,
2198 1095 2278 1140 ne
2331 1073 2488 1158 quis
2534 1094 2611 1140 ex
2659 1094 2741 1141 ea

195 1162 292 1230 vel
362 1161 745 1251 pauxillum
809 1175 1137 1251 gustaret;
1181 1173 1245 1230 et
1292 1183 1451 1231 cum
1505 1163 1700 1231 tertio
1746 1184 1969 1248 usque
2016 1161 2101 1230 ad
2155 1160 2452 1230 fundum
2519 1183 2738 1229 urnae

193 1263 471 1320 ventum
535 1263 732 1328 esset,
786 1272 1212 1338 accensoque
1271 1250 1535 1320 lumine
1584 1251 1842 1320 clarius
1898 1252 2357 1329 intuerentur,
2422 1249 2741 1319 viderunt

193 1339 522 1408 bufonem
560 1339 771 1407 mirae
821 1339 1326 1428 magnitudinis
1379 1340 1444 1408 in
1498 1327 1757 1430 scypho
1807 1352 2211 1429 reptantem,
2257 1353 2320 1408 et
2368 1339 2741 1427 obstupue-

193 1442 380 1498 runt.
430 1429 928 1516 Obstupescere
966 1429 1125 1518 jure
1176 1441 1512 1518 poterant,
1557 1443 1622 1497 et
1670 1450 1882 1517 supra
1934 1428 2215 1496 modum
2272 1428 2533 1504 mirari,
2592 1441 2738 1498 tum

191 1518 355 1604 quia
407 1516 645 1604 hyems
693 1529 858 1597 erat,
896 1516 1178 1603 quando
1225 1517 1623 1605 hujusmodi
1675 1539 1940 1585 vermes
1968 1538 2298 1616 apparere
2324 1537 2459 1584 non
2492 1515 2735 1584 solent:

193 1620 336 1675 tum
390 1604 559 1692 quia
606 1602 948 1676 senserat
998 1605 1438 1695 purissimuS,
1478 1620 1542 1674 et
1600 1628 1720 1675 vas
1779 1605 2320 1675 mundissimum
2374 1603 2587 1673 fuisse
2637 1626 2741 1673 re-

194 1693 685 1763 cordabantur.
727 1694 977 1762 Videns
1025 1716 1140 1763 eos
1189 1694 1510 1763 attonitos
1547 1706 1738 1784 pater
1763 1694 2194 1763 Nortbertus:
2249 1693 2451 1775 Quid,
2487 1694 2735 1781 inquit,

194 1782 437 1852 fratres
490 1781 891 1851 miramini?
939 1782 1119 1851 Mille
1167 1782 1406 1851 artifex
1436 1796 1536 1851 est
1586 1782 1700 1851 ille
1749 1783 2036 1872 spiritus
2098 1804 2391 1869 nequam
2446 1783 2563 1869 qui
2616 1804 2741 1854 nos

195 1869 536 1941 hostiliter
565 1872 1035 1961 persequitur:
1072 1872 1189 1940 sed
1230 1871 1537 1960 projicite
1570 1894 1729 1941 eum
1760 1897 1771 1938 :
1827 1872 1990 1958 quia
2023 1873 2242 1960 major
2281 1872 2431 1958 ejus
2465 1884 2564 1940 est
2593 1893 2742 1940 ver—

197 1961 374 2029 sutia
408 1971 476 2029 et
514 1960 931 2049 arrogantia,
963 1981 1171 2046 quam
1199 1959 1548 2030 fortitudo.
1588 1961 1792 2044 Quid,
1827 1981 2106 2047 quaeso,
2147 1959 2230 2028 de
2264 1959 2391 2028 hoc
2422 1961 2562 2028 viro
2593 1981 2744 2027 sen-

200 2048 512 2118 tiendum
562 2051 713 2116 est?
759 2049 1106 2136 Numquid
1159 2048 1273 2118 ille
1328 2050 1694 2140 spiritibus
1735 2049 2121 2118 immundis
2155 2061 2295 2117 tam
2346 2048 2584 2118 subtili
2637 2071 2745 2117 ra·-

198 2138 386 2206 tione
432 2136 707 2220 obviare
778 2137 1152 2227 potuisset,
1230 2139 1364 2207 nisi
1429 2140 1658 2208 Sancti
1730 2138 2027 2228 Spiritus
2096 2137 2350 2207 infusio
2413 2151 2475 2206 et
2525 2138 2747 2226 gratia

199 2226 573 2296 abundans
612 2248 769 2295 eum
823 2226 1210 2298 docuisset?
1900 2287 1903 2292 .

287 2317 324 2400 ξ
373 2319 531 2388 11².
587 2314 869 2384 Cuidarn
905 2316 1107 2385 etiam
1143 2327 1359 2404 puero
1392 2316 1645 2404 pastori
1680 2315 1907 2384 ovium
1937 2315 2318 2402 quaerenti,
2350 2337 2508 2383 cum
2538 2336 2745 2384 canes

202 2424 335 2472 non
392 2402 691 2484 haberet,
746 2404 799 2472 si
838 2404 1047 2493 lupus
1094 2403 1155 2473 ei
1193 2424 1383 2473 ovem
1413 2402 1732 2483 auferret,
1773 2404 1940 2491 quid
1972 2403 2242 2482 faceret,
2276 2405 2434 2492 joco
2464 2425 2743 2493 respon-

199 2513 356 2562 sum
410 2503 533 2571 est,
569 2504 647 2561 ut
695 2492 973 2562 nomine
1021 2493 1333 2582 magistri
1382 2493 1488 2561 sui
1524 2493 1967 2584 praeciperet,
2013 2516 2094 2562 ne
2134 2492 2416 2562 auderet
2440 2515 2589 2561 eam
2628 2492 2746 2561 de-

199 2602 437 2650 vorare
489 2581 584 2649 vel
640 2581 926 2651 laedere.
997 2587 1136 2651 Non
1189 2583 1312 2651 diu
1365 2596 1513 2672 post
1570 2604 1760 2651 more
1825 2583 2024 2651 solito
2073 2594 2381 2651 servante
2445 2603 2523 2650 eo
2589 2603 2746 2650 oves

198 2670 263 2739 in
309 2690 504 2759 agro,
553 2669 760 2760 lupus
808 2670 1088 2739 veniens
1136 2692 1346 2740 unam
1399 2694 1478 2739 ex
1526 2673 1625 2740 eis
1659 2672 1910 2761 rapuit,
1950 2684 2015 2739 et
2062 2670 2328 2741 concito
2369 2691 2583 2738 cursu
2621 2693 2743 2738 au-

197 2759 396 2849 fugit.
438 2762 651 2840 Quem
687 2757 892 2827 frater
941 2759 1176 2848 procul
1230 2759 1596 2849 aspiciens,
1635 2760 1980 2850 praecepti
2014 2781 2148 2828 non
2180 2760 2567 2837 immemor,
2606 2758 2747 2827 alta

198 2869 357 2916 voce
406 2846 709 2916 clamare
756 2847 1012 2938 coepit:
1068 2852 1213 2931 Quo
1262 2847 1446 2938 fugis
1478 2904 1493 2931 ,
1559 2871 1598 2918 o
1647 2848 2150 2939 malignissime
2202 2859 2477 2938 raptor,
2542 2848 2741 2917 solito

201 2936 544 3005 velocior?
596 2941 863 3026 Depone
909 2958 1129 3014 ovem,
1168 2937 1456 3027 depone,
1500 2938 1827 3033 inquam:
1882 2960 1960 3006 ex
2002 2949 2191 3028 parte
2241 2936 2553 3026 magistri
2607 2936 2741 3005 mei

197 3025 324 3094 hoc
365 3023 490 3094 tibi
542 3026 910 3115 praecipio,
945 3037 1010 3093 et
1059 3047 1194 3094 non
1228 3025 1460 3096 laedas
1490 3048 1666 3106 eam,
1706 3048 1828 3096 nec
1872 3026 2148 3116 longius
2188 3026 2589 3114 absportare
2620 3048 2743 3095 au-

195 3136 316 3185 sus
349 3114 468 3183 sis.
508 3119 652 3182 Mox
701 3113 911 3202 lupus
958 3135 1149 3183 ovem
1189 3114 1492 3184 illaesam
1530 3114 1871 3204 deposuit,
1908 3128 1973 3184 et
2022 3114 2135 3183 ille
2176 3114 2466 3183 festinus
2502 3114 2568 3181 in
2615 3114 2743 3183 hu·

200 3224 424 3272 meros
473 3202 841 3282 sublatam,
878 3202 960 3270 ad
1014 3202 1186 3272 alias
1232 3225 1379 3272 eam
1417 3204 1809 3291 reportavit.

283 3294 320 3377 ἓ
367 3294 525 3363 48.
583 3291 867 3360 Veniens
919 3292 1158 3361 beatus
1209 3305 1398 3381 pater
1434 3292 1728 3382 Spiram,
1786 3298 2083 3361 Saxones
2131 3304 2197 3360 et
2244 3291 2531 3361 clericos
2580 3296 2742 3359 Par-

201 3378 587 3469 thenopolis
635 3379 930 3449 civitatis
987 3402 1068 3449 ex
1120 3402 1370 3469 magna
1422 3395 1609 3469 parte
1675 3382 1758 3449 ad
1821 3380 2216 3483 eligendum
2270 3380 2743 3470 Archiepisco-

199 3490 363 3557 pum
417 3489 645 3537 coram
684 3490 840 3555 rege
881 3469 1194 3539 Lothario
1221 3481 1670 3560 congregatos
1705 3470 1985 3551 invenit.
2032 3470 2160 3559 Qui
2192 3469 2550 3538 audientes
2583 3490 2745 3538 eum

198 3557 558 3627 advenisse
599 3556 976 3639 hominem,
1014 3579 1216 3646 quem
1258 3579 1378 3647 per
1415 3558 1722 3629 diversas
1772 3571 2107 3627 terrarum
2173 3558 2483 3626 nationes
2518 3557 2745 3626 virum

198 3658 518 3714 sanctum
573 3646 870 3737 populus
917 3646 1313 3728 affirmaret,
1362 3660 1773 3715 vocaverunt
1811 3669 1995 3727 eum,
2040 3660 2181 3715 tum
2228 3647 2314 3715 ad
2354 3668 2744 3717 sermonem

197 3733 618 3815 faciendum,
687 3736 752 3803 in
811 3735 1290 3823 quo'libenter
1342 3735 1570 3804 audiri
1619 3735 1912 3816 solebat,
1976 3750 2120 3805 tum
2173 3734 2256 3804 ad
2315 3735 2745 3804 audiendum

196 3823 566 3892 consilium
634 3844 842 3914 super
909 3824 1198 3914 negotiis
1258 3823 1706 3910 quibusdam,
1759 3825 1939 3911 quod
2000 3818 2569 3911 quorundam‘ex
2618 3823 2740 3904 iis,

197 3912 315 3998 qui
364 3924 848 3994 convenerant,
906 3912 1276 3983 necessitas
1315 3926 1730 4003 exposceret.
1767 3918 1843 3982 Et
1875 3914 2099 4002 primo
2136 3912 2414 4000 quidem
2466 3912 2746 3982 Parthe-

197 3999 761 4090 nopolitanorum
822 4023 1056 4081 causa,
1113 4002 1234 4089 qui
1299 4015 1488 4092 patre
1545 4002 1767 4071 orbati
1816 4013 2032 4080 erant,
2097 4001 2450 4091 agebatur.
2504 4001 2748 4070 Aderat

199 4087 457 4158 ibidem
494 4087 775 4175 quidam
829 4090 1234 4172 Cardinalis,
1288 4090 1409 4177 qui
1445 4112 1482 4159 a
1533 4096 1841 4159 Romana
1877 4089 2047 4159 Sede
2079 4112 2316 4159 recens
2349 4090 2740 4171 advenerat,

199 4189 260 4247 et
309 4177 604 4247 aliorum
660 4178 1052 4268 principum
1103 4179 1470 4248 innumera
1523 4178 1926 4248 multitudo:
1981 4192 2045 4248 et
2095 4179 2163 4247 in
2215 4178 2582 4255 electione,
2630 4199 2745 4246 eo-

201 4287 354 4335 rum
417 4265 730 4347 consili0‚
787 4280 920 4337 tres
959 4268 1295 4337 nominati
1334 4278 1518 4347 sunt,
1565 4288 1862 4353 quorum
1914 4289 2100 4337 unus
2140 4280 2284 4337 erat
2320 4280 2508 4357 pater
2556 4272 2747 4336 Nort-

201 4353 459 4433 bertuS,
515 4354 627 4424 sed
671 4377 749 4423 eo
796 4355 1181 4446 ignorante.
1221 4361 1497 4425 Factum
1532 4368 1631 4427 est
1682 4367 1933 4426 autem.
1974 4378 2131 4426 cum
2169 4355 2268 4424 illi
2297 4355 2736 4436 haesitarent,

205 4455 270 4510 et
314 4466 351 4511 e
399 4444 621 4514 tribus
678 4444 1015 4533 optimum
1072 4444 1210 4513 sibi
1255 4457 1645 4535 cuperent,
1710 4444 1924 4534 digito
1976 4444 2263 4513 latenter
2317 4466 2396 4513 ex
2461 4444 2745 4512 adverso
