3357 4995
640 328 766 399 35⁹2
1392 351 1470 396 nn
1518 351 1574 397 s.
1629 350 1756 397 vm
1804 349 2274 397 TRANSLAnoNn
2750 330 2973 397 JUNII
3025 331 3113 396 ⁴5

546 456 707 505 cum
775 433 1160 525 praesentia
1222 432 1471 503 Christi
1520 433 1860 505 miracula
1916 434 2246 522 majorem
2296 434 2381 502 iis
2430 432 2744 521 reliquiis
2818 455 3106 504 venera-

544 524 798 593 tionem
827 522 1195 592 conciliare
1226 534 1506 610 queant,
1566 544 1779 611 quam
1827 522 2085 593 literae.
2152 523 2248 592 Ab
2299 543 2378 591 eo
2427 544 2584 591 vero
2632 532 2963 614 tempore,
3030 532 3114 593 ut

544 612 616 681 in
665 611 885 682 Gestis
932 611 1285 682 Saxonicis
1333 611 1607 703 legitur,
1650 613 1782 682 sub
1815 611 1985 682 tanti
2033 610 2430 682 defensione
2478 610 2790 681 advocati
2839 633 2948 682 res
2979 617 3105 683 Sa-

543 722 802 771 xonum
849 721 1154 771 crescere
1200 713 1601 791 coeperunt,
1654 701 1873 771 donec
1922 699 2203 770 dilatate
2243 699 2392 789 jam
2450 701 2604 790 ipsa
2652 722 2779 771 sua
2829 700 3112 792 magni-

546 788 785 859 tudine
833 789 1168 859 laborant.
1239 790 1430 859 Unde
1491 812 1626 859 non
1680 789 1906 860 solum
1959 790 2027 858 in
2081 789 2435 869 Saxoniae,
2501 788 2621 858 sed
2697 788 2769 857 in
2832 790 3111 861 cunctis

547 900 723 969 pene
755 882 1066 970 Europae
1099 877 1384 960 finibuS‚
1437 879 1589 969 ejus
1637 878 1921 948 nomini¹
1957 877 2320 969 permultis
2360 878 2777 949 constructis
2834 888 2900 947 et
2938 900 3109 948 con-

551 965 833 1039 secratis
872 966 1173 1058 templis,
1207 965 1400 1037 illius
1440 966 1644 1037 fidele
1675 967 2143 1057 patrocinium
2179 966 2592 1057 imploratur
2612 968 2699 1037 ab
2739 967 3104 1050 omnibus,

551 1056 932 1143 quantique
978 1079 1019 1126 a
1071 1055 1165 1125 ud
1201 1061 1413 1126 Deum
1463 1055 1574 1137 sit,
1620 1056 1980 1127 miraculis
2025 1054 2437 1126 declaratur.

641 1147 678 1232 ξ
725 1148 817 1215 3.
870 1149 921 1215 Ο
975 1167 1012 1214 0
1043 1144 1440 1214 arissimum
1493 1145 1742 1215 Christi
1795 1167 2114 1235 puerum,
2177 1156 2335 1214 ante
2382 1143 2616 1214 secula
2656 1166 2814 1214 cum
2873 1143 3113 1217 electis

555 1234 883 1303 omnibus
947 1232 1554 1324 praedestinatum,
1657 1234 1915 1304 enerali
1967 1246 2375 1304 cunctorum
2427 1233 2787 1303 sanctitate
2836 1232 3112 1324 fulgen-

562 1334 721 1402 tem,
757 1321 1167 1412 specialiter,
1204 1343 1378 1412 pene
1407 1257 1849 1411 singulorum
1884 1323 2152 1404 virtute,
2193 1320 2691 1412 specialissime
2723 1344 2883 1391 vero
2919 1344 3114 1393 mar-

556 1411 718 1500 tyrii
763 1411 1149 1481 constantia
1197 1422 1714 1481 coruscantem:
1778 1412 1900 1499 qui
1947 1411 2348 1481 rabidorum
2398 1409 2743 1479 insaniam
2802 1411 3110 1482 hostium

558 1500 913 1570 interritus
960 1500 1153 1581 adiit,
1202 1498 1554 1570 modestus
1601 1500 1955 1580 sustinuit,
2000 1522 2285 1570 securus
2316 1499 2555 1570 irrisit.
2595 1503 2645 1568 O
2695 1498 3105 1589 gloriosum,

559 1610 600 1657 o
646 1588 1163 1658 sanctissimum
1230 1588 1345 1657 Dei
1395 1600 1768 1678 martyrem
1820 1589 2072 1669 Vitum,
2146 1587 2447 1659 fornacis
2495 1587 2657 1677 igne
2699 1588 3107 1678 probatum,

556 1676 887 1746 victorem
939 1689 1461 1758 tormentorum,
1501 1679 1680 1748 inter
1707 1676 2005 1767 flagella,
2059 1676 2313 1749 bestias
2360 1690 2425 1747 et
2455 1689 2786 1747 catastam
2838 1680 3136 1778 semper

562 1765 1016 1855 intrepidum,
1069 1778 1134 1835 et
1181 1786 1453 1856 semper
1483 1766 1840 1848 invictum,
1899 1778 2409 1856 praepotentem
2511 1765 2807 1848 recibus,
2862 1766 3116 1837 Christi

567 1875 843 1945 semper
875 1876 1107 1924 amore
1154 1853 1548 1924 incredibili
1611 1854 2006 1939 ferventem,
2048 1855 2163 1925 Dei
2210 1877 2360 1925 com
2417 1876 2454 1923 e
2484 1854 2737 1925 latione
2794 1867 3119 1925 vocatum

566 1942 655 2012 ad
689 1943 1050 2024 000105,οῐ
1086 1964 1248 2013 cum
1290 1943 1643 2034 triumpho
1693 1943 1966 2034 Angelis
2012 1944 2367 2014 comitanti
2420 1967 2505 2015 us
2552 1965 2633 2013 eo
2668 1943 3117 2033 proficiscen-

567 2042 729 2100 tem.
765 2037 853 2101 Te
885 2053 1071 2101 nunc
1104 2031 1567 2102 communiter
1596 2031 1993 2113 laudamus,
2028 2032 2507 2103 benedicimus
2544 2045 2609 2103 et
2640 2032 3120 2123 glorificamus

564 2119 827 2191 Christe
861 2124 1059 2202 Deus,
1113 2121 1234 2208 qui
1274 2142 1399 2190 nos
1446 2120 1517 2189 in
1560 2120 1767 2191 odore
1814 2135 2328 2212 unguentorum
2381 2135 2658 2192 tuorum
2697 2121 2902 2192 corde
2949 2144 3116 2192 sau-

561 2209 669 2278 cio
716 2222 1095 2291 currenteS‚
1150 2221 1288 2278 tam
1353 2209 1680 2280 bellicoso
1726 2210 2006 2281 voluisti
2055 2210 2231 2280 duce
2278 2211 2556 2301 corrigi,
2611 2222 2747 2280 tam
2818 2232 3112 2301 praepo-

563 2309 768 2367 tente·
793 2310 1080 2389 patrono
1119 2296 1374 2378 fulciri,
1413 2299 1533 2385 qui
1583 2320 1721 2367 non
1772 2298 1996 2369 solum
2038 2310 2278 2369 contra
2324 2311 2686 2390 potestates
2740 2301 2973 2369 aereas
3012 2299 3117 2369 vi-

562 2386 817 2457 ctoriae
850 2408 1122 2477 semper
1167 2385 1415 2456 vexilla
1450 2386 1811 2478 praeferat,
1846 2410 2084 2458 verum
2112 2409 2356 2458 omnes
2386 2401 2703 2459 terrenae
2727 2387 3117 2459 altitudinis

560 2475 781 2546 fasces
827 2476 1028 2548 nobis
1057 2475 1362 2557 infestos,
1416 2489 1493 2547 ut
1528 2475 1685 2546 luce
1730 2476 1989 2549 clarius
2028 2489 2315 2560 constat,
2370 2499 2641 2570 semper
2689 2476 3106 2570 pudefaciat,

561 2564 899 2653 quosdam
949 2565 1232 2653 quidem
1283 2565 1368 2636 ad
1422 2565 1935 2657 poenitentiam,
1990 2566 2163 2637 alios
2211 2589 2366 2637 vero
2414 2567 2501 2637 ad
2567 2589 2882 2658 poenam.

636 2760 682 2822 E
724 2759 1104 2826 Cracoviensi
1146 2762 1363 2827 Missali
1408 2762 1567 2826 hanc
1599 2764 1661 2825 in
1692 2764 1940 2827 laudem
1968 2762 2031 2825 S.
2063 2764 2343 2844 Martyris
2373 2765 2775 2844 sequentiam,
2808 2763 2885 2828 ob
2913 2764 3119 2827 lusum

563 2842 892 2905 verborum
936 2842 1096 2904 lectu
1140 2842 1416 2921 dignam,
1458 2844 1760 2906 exhibent
1803 2843 2220 2908 Bollandiani:
2552 2884 2565 2893 -

647 2973 788 3035 Vito
829 2973 1074 3052 plaudat
1112 2976 1318 3036 omnis
1357 2982 1524 3038 aetas
1565 3009 1643 3019 —
1685 2983 1747 3038 et
1768 2977 2086 3118 xprofifito
2129 2977 2333 3040 laudes
2374 2977 2558 3041 laetas
2598 3014 2674 3024 -
2714 2975 2957 3038 Christo
2998 2976 3118 3039 sol-

571 3061 721 3115 vant
764 3054 987 3117 omnia.
1048 3079 1128 3110 =
1170 3054 1280 3116 Hic
1320 3072 1353 3116 a
1402 3055 1528 3118 vita
1573 3072 1720 3118 vera
1824 3058 2064 3127 itus,—
2107 3056 2306 3119 nullos
2348 3058 2564 3119 mortis
2606 3072 2796 3133 agens
2840 3058 2996 3118 ritus
3037 3090 3120 3103 —

561 3133 723 3194 Puer
765 3134 1026 3210 pueritia
1052 3180 1069 3205 ,
1112 3157 1187 3187 =
1243 3133 1407 3196 More
1434 3183 1450 3208 ,
1497 3142 1670 3212 gestu
1716 3136 2132 3199 trascendebat
2185 3171 2262 3182 —
2314 3153 2450 3199 cum
2495 3153 2607 3216 pro
2651 3135 2895 3198 Christo
2935 3153 3122 3213 quem

562 3212 798 3275 colebat
839 3248 913 3258 —
958 3214 1176 3275 mundi
1221 3216 1454 3293 sprevit
1495 3215 1716 3291 gaudia
1761 3242 1847 3272 Ξ,
1882 3215 2098 3278 Dulces
2140 3216 2332 3296 patris
2372 3217 2605 3295 sprevit
2644 3218 2838 3288 sinuS,
2883 3214 3118 3292 laudeS,

558 3292 763 3370 jocOS,
810 3292 967 3354 nihil
1010 3294 1217 3355 minus
1256 3292 1331 3371 (1)
1375 3327 1450 3338 —
1497 3295 1660 3358 Vana
1706 3312 1960 3359 censens
1999 3298 2202 3359 omnia
2211 3342 2327 3360 .....
2370 3298 2541 3359 Pater
2582 3296 2711 3373 ejus
2756 3297 2867 3356 hoc
2908 3297 3118 3358 audito

563 3406 641 3416 —
688 3371 855 3435 hunc
898 3371 1152 3434 subduci
1194 3389 1383 3435 cursu
1426 3374 1548 3435 cito
1607 3411 1685 3421 -—
1742 3376 1914 3453 Jubet
1955 3375 2028 3438 ad
2072 3376 2325 3453 flagitia.
2372 3400 2449 3430 ε
2491 3377 2628 3437 Post
2670 3374 2903 3453 flagella
2949 3375 3120 3439 blan-

563 3450 856 3513 dimentis
898 3485 974 3496 —
1019 3451 1117 3513 hic
1162 3458 1471 3524 tentatur,
1514 3454 1620 3515 sed
1665 3456 1984 3517 tormentis
2013 3459 2283 3534 —pueri
2333 3456 2667 3519 constantia
2699 3478 2779 3509 =
2817 3453 2959 3516 Plus
2987 3455 3120 3519 ele-

563 3533 657 3609 git
698 3532 1088 3610 contorqueri
1150 3567 1224 3577 —
1284 3549 1470 3612 quam
1544 3533 1757 3613 iniqua
1816 3534 2165 3613 persuaderi
2224 3569 2303 3579 —
2368 3537 2553 3613 patris
2611 3534 2687 3597 ab
2742 3536 2988 3597 astutia.
3040 3561 3120 3594 =

567 3656 687 3672 .....
736 3609 912 3687 Cogit
956 3613 1165 3690 poenis
1207 3612 1335 3675 Rex
1379 3614 1566 3675 iratus
1627 3648 1708 3659 —
1768 3614 1979 3677 suadet
2021 3621 2188 3692 pater
2227 3615 2528 3678 desolatus
2572 3650 2645 3660 —
2690 3620 2810 3678 tota
2853 3630 2996 3677 cum
3037 3616 3124 3678 fa-

559 3689 731 3751 milia
771 3715 853 3747 =
889 3690 1007 3752 Sed
1051 3708 1161 3753 nec
1201 3691 1416 3755 Vitum
1465 3694 1843 3773 perterrebat
1886 3694 2066 3772 Regis
2116 3696 2242 3769 ira,
2289 3711 2401 3757 nec
2454 3694 2739 3757 movebat
2782 3729 2861 3740 -—
2904 3702 3118 3759 mente

558 3778 734 3848 pater
773 3771 953 3833 anxia
996 3796 1075 3828 =
1117 3769 1269 3835 Cum
1316 3773 1378 3833 in
1424 3773 1640 3851 poenis
1683 3776 1877 3835 victor
1920 3779 2146 3847 staret,
2202 3807 2277 3818 —-
2319 3781 2382 3836 et
2442 3790 2552 3852 pro
2615 3773 2857 3836 Christo
2921 3776 3117 3837 vitam

557 3849 731 3911 daret
773 3884 854 3895 -
895 3850 1030 3914 viva
1073 3852 1265 3914 factus
1307 3852 1500 3915 hostia
1542 3878 1622 3909 =
1662 3852 1710 3915 Ο
1752 3853 2105 3915 mirandum
2150 3853 2503 3917 bellatorem
2545 3889 2621 3900 —
2662 3870 2699 3916 0
2742 3854 3119 3931 stupendum

558 3927 727 3991 hunc
789 3930 1085 3993 victorem
1128 3965 1203 3977 —
1244 3948 1280 3992 o
1323 3932 1480 3994 mira
1529 3933 1824 3995 victoria!
1869 3956 1951 3989 =
1989 3933 2167 3996 Vitus
2210 3950 2360 4011 puer
2427 3936 2490 3996 in
2551 3941 2748 3998 aetate
2804 3967 2884 3979 —
2925 3933 3119 3997 Senes

554 4008 707 4071 vicit
749 4010 1051 4087 gravitate
1094 4043 1172 4055 —-
1212 4010 1384 4074 Fidei
1427 4014 1762 4077 constantia
1803 4038 1884 4069 =
1915 4012 2073 4091 Ergo
2117 4013 2328 4075 Vitum
2374 4014 2791 4093 imploremus,
2834 4019 2955 4076 etc.

2079 4119 2119 4151 Ο
