3357 4995
246 322 466 390 JUNII
521 325 603 388 ⁴8
871 313 887 330 ³
1021 341 1101 386 nr.
1147 341 1203 386 S.
1257 340 1522 387 monuo
1571 342 1646 387 Er
1696 340 1830 388 soe.
1885 341 2074 387 naar.
2600 324 2728 388 457

249 427 640 505 verberari,
698 437 761 494 et
813 446 1217 513 praeconem
1287 425 1517 514 ipsum
1569 425 1905 495 clamare:
1961 425 2090 507 Qui
2140 425 2304 493 deos
2372 438 2640 495 nostros
2691 448 2815 515 pro

252 516 473 585 nihilo
521 514 827 594 faciunt,
882 526 946 582 et
992 514 1436 605 Imperatoris
1483 514 1785 583 edictum
1842 535 1975 584 non
2022 514 2437 592 observant,
2494 514 2584 582 ita
2632 515 2814 602 peri-

255 607 455 675 bunt.
513 609 676 674 Cum
729 603 995 672 diutius
1044 603 1366 671 Leontius
1406 603 1916 682 verberaretur,
1985 615 2051 672 et
2117 602 2482 672 carnifices
2551 602 2807 673 defessi

253 708 502 773 essent,
556 691 639 762 ad
691 693 1078 761 Praesidem
1118 691 1444 778 loquens:
1507 721 1527 753 «
1574 692 1925 773 Quamvis,
1968 691 2214 778 inquit,
2251 713 2504 781 corpus
2542 712 2802 773 meum,

258 783 551 874 pessime
605 782 836 860 homo,
890 781 1358 860 dilaniaveris,
1414 802 1773 866 nunquam
1843 793 2068 849 tamen
2120 781 2395 849 animae
2445 801 2636 849 meae
2684 781 2807 849 do-

260 872 489 940 minus
527 870 762 940 fueris.
818 894 851 936 »
913 871 1132 939 ,tussit
1179 868 1427 939 deinde
1476 869 1815 938 Adrianus
1857 868 2055 937 illum
2107 869 2175 936 in
2241 868 2429 958 ligno
2472 869 2811 957 suspendi

257 973 322 1030 et
367 960 514 1048 ejus
550 959 763 1028 latera
800 972 1006 1045 atque
1039 982 1242 1027 crura
1303 959 1610 1027 lacerari.
1667 959 1795 1039 Qui
1845 979 2005 1027 cum
2048 958 2312 1026 diutius
2354 958 2797 1039 laceraretur,

259 1070 477 1135 neque
514 1049 888 1135 quicquam
940 1048 1125 1116 aliud
1165 1048 1439 1124 diceret,
1489 1047 1620 1144 nisi
1670 1048 1799 1116 hoc
1835 1060 2142 1115 tantum:
2181 1052 2378 1126 Deus,
2421 1048 2487 1116 in
2545 1061 2605 1115 te
2657 1069 2802 1136 spe·

256 1139 422 1217 ravi,
478 1137 663 1206 salva
718 1160 846 1215 me,
894 1138 1216 1215 Domine;
1252 1158 1553 1222 cumque
1601 1136 1869 1205 coelum
1909 1141 2157 1222 Martyr
2188 1137 2592 1224 suspiceret,
2643 1149 2808 1205 tunc

255 1226 339 1295 ad
396 1227 749 1295 ministros
797 1249 962 1295 suos
1033 1225 1371 1293 Adrianus
1412 1247 1824 1294 conversus:
1884 1225 2227 1324 Deponite,
2292 1225 2537 1310 inquit,
2609 1224 2807 1293 illum

255 1314 340 1384 de
382 1314 596 1405 ligno:
650 1316 790 1383 scio
839 1315 1050 1393 enim,
1104 1314 1287 1400 quod
1340 1336 1499 1382 cum
1545 1315 1611 1381 in
1664 1313 1933 1381 coelum
1980 1326 2349 1393 intueatur,
2404 1314 2567 1382 deos
2619 1314 2805 1402 ipsos

255 1417 425 1481 orat,
465 1418 541 1472 ut
577 1404 878 1489 requiem
917 1402 1017 1471 illi
1048 1404 1355 1471 affimant,
1403 1402 1492 1470 Ad
1549 1402 1716 1470 haec
1763 1407 1827 1470 S.
1871 1402 2190 1472 Leontius
2221 1402 2427 1471 dixit:
2473 1408 2808 1471 «Pereant

259 1492 356 1560 dii
408 1494 531 1572 tui,
579 1493 869 1560 Adriane
920 1491 1413 1570 infelicissime,
1467 1514 1594 1577 ego
1642 1492 1828 1560 enim
1886 1497 2090 1559 Deum
2147 1513 2371 1559 meum
2430 1514 2688 1580 precor,
2735 1505 2811 1562 ut

259 1583 470 1651 robur
517 1603 597 1649 ac
645 1582 822 1650 vires
880 1581 1049 1649 mibi
1100 1592 1464 1670 suggerat,
1519 1603 1656 1665 quo
1707 1592 2042 1648 tormenta
2096 1593 2206 1648 tua
2259 1580 2598 1652 sustinere
2652 1602 2802 1669 pos·

257 1671 415 1739 sim.
462 1673 626 1738 Cum
672 1669 882 1758 igitur
920 1670 1261 1738 Adrianus
1313 1669 1568 1737 Leontii
1610 1682 1906 1737 mentem
1957 1681 2381 1737 constantem
2429 1683 2494 1738 et
2535 1669 2807 1737 firmam

261 1759 561 1838 vidisset,
620 1781 861 1827 rursus
909 1758 1121 1846 jussit
1162 1759 1227 1826 in
1284 1757 1470 1847 ligno
1510 1779 1668 1826 eum
1722 1757 2092 1845 suspendi,
2140 1758 2363 1846 capite
2428 1759 2494 1826 in
2561 1772 2809 1827 terram

259 1847 598 1927 devolutO,
653 1859 717 1915 et
774 1870 1100 1937 magnum
1160 1869 1400 1914 saxum
1452 1869 1528 1914 ex
1577 1846 1730 1932 ejus
1778 1845 1956 1915 collo
2001 1846 2317 1935 pendere,
2373 1862 2448 1915 ut
2515 1849 2607 1916 ita
2654 1870 2814 1915 cru-

259 1936 582 2005 ciaretur.
622 1941 698 2004 At
732 1953 1014 2005 sanctus
1058 1949 1316 2021 martyr
1356 1957 1687 2024 generoso
1719 1948 1784 2004 et
1822 1934 1976 2003 forti
2018 1935 2250 2003 animo
2281 1937 2629 2005 cruciatus
2660 1936 2812 2004 illos

267 2024 635 2114 perferens,
674 2047 754 2092 ac
800 2023 1066 2093 coelum
1108 2025 1407 2104 intuens,
1443 2025 1540 2094 sic
1579 2030 1785 2092 Deum
1820 2024 2035 2092 oravit
2066 2047 2078 2090 :
2113 2025 2396 2092 Domine
2428 2032 2594 2094 2lesu
2622 2026 2813 2094 Chri-

259 2126 382 2192 ste,
422 2114 542 2199 qui
577 2114 1032 2182 corroborasti
1070 2135 1299 2182 servos
1327 2126 1478 2182 tuos
1513 2113 1894 2181 Tribunum
1931 2126 1994 2181 et
2033 2112 2458 2181 Theodulum
2496 2114 2579 2181 ad
2619 2136 2811 2201 prae-

261 2202 578 2272 standam
616 2202 716 2271 tui
755 2202 1054 2271 nominis
1082 2202 1607 2281 confessionem,
1644 2215 1709 2270 et
1742 2223 1849 2269 me
1876 2223 2147 2270 servum
2186 2215 2381 2270 tuum
2418 2202 2803 2290 supplicem

258 2301 324 2357 et
374 2302 792 2379 peccatorem
846 2290 1237 2370 confirmeS,
1283 2304 1360 2359 ut
1407 2303 1744 2360 tormenta
1795 2290 1962 2359 haec
1997 2290 2336 2360 sustinere
2374 2292 2656 2380 possim,
2693 2312 2810 2358 ne-

260 2399 394 2465 que
432 2380 886 2467 expectationi
938 2401 1127 2448 meae
1175 2379 1411 2449 deesse
1461 2378 1651 2448 velis.

347 2468 383 2554 §
431 2471 584 2539 18.
639 2473 809 2537 Tum
854 2467 1232 2538 Adrianus:
1289 2491 1322 2533 «
1379 2469 1553 2549 Scio,
1608 2468 1878 2555 inquit,
1937 2468 2210 2548 Leonti,
2267 2467 2401 2537 diis
2455 2466 2704 2537 nostris
2753 2478 2816 2536 te

258 2556 560 2626 amicum
592 2556 928 2625 futurum.
956 2584 979 2621 ι
1020 2563 1097 2626 At
1130 2557 1243 2627 ille
1273 2581 1286 2620 ι
1316 2581 1351 2623 «
1377 2564 1514 2647 Ego
1556 2580 1793 2627 servus
1828 2580 1982 2626 sum
2022 2558 2134 2626 Dei
2165 2557 2521 2626 altissimi:
2556 2570 2629 2625 tu
2659 2578 2812 2623 vero

260 2645 547 2715 deorum
586 2658 861 2715 tuorum
901 2667 1137 2716 servus
1170 2667 1263 2715 es.
1304 2652 1469 2714 Cum
1507 2646 1645 2714 illis
1687 2646 1901 2746 igitur
1937 2658 2003 2714 et
2043 2660 2140 2726 tu,
2183 2661 2248 2715 et
2281 2647 2619 2714 exercitus
2653 2658 2814 2714 tuus

264 2734 536 2834 peribit.
580 2758 613 2800 »
664 2741 870 2803 Porro
919 2735 1261 2805 Adrianus
1300 2758 1459 2804 cum
1513 2735 1770 2803 Leontii
1824 2748 2120 2805 mentem
2150 2735 2463 2804 stabilem
2501 2734 2803 2812 vidisset,

263 2822 461 2892 illum
504 2824 717 2912 jussit
764 2824 832 2891 in
885 2846 1157 2893 carcere
1189 2824 1446 2892 servari
1479 2846 1701 2910 usque
1732 2823 1815 2891 ad
1853 2823 2036 2892 diem
2075 2835 2454 2912 posterum.
2502 2822 2624 2891 Ille
2653 2844 2810 2891 vero

260 2911 330 2980 in
382 2935 728 2981 carcerem
780 2912 1159 3001 ingressuS,
1218 2936 1336 3003 per
1384 2923 1592 2982 totam
1645 2924 1910 2980 noctem
1969 2912 2314 3002 psalmum
2365 2918 2450 2981 26
2497 2913 2808 2981 canebat:

262 3005 578 3070 Dominus
616 3003 1030 3070 illuminatio
1082 3025 1255 3078 mea,
1296 3014 1359 3070 et
1386 3012 1569 3071 salus
1620 3024 1820 3070 mea:
1864 3024 2061 3091 quem
2095 3003 2389 3070 timebo?
2437 3007 2605 3070 Cum
2652 3022 2808 3069 vero

262 3089 606 3179 psalmum
638 3104 932 3170 caneret,
955 3090 1255 3178 Angelus
1284 3090 1384 3158 illi
1412 3091 1759 3180 apparuit,
1790 3101 1855 3158 et
1880 3090 2084 3159 dixit:
2119 3095 2273 3158 Esto
2302 3090 2516 3169 fortiS,
2551 3090 2809 3168 Leonti,

259 3200 384 3268 ego
431 3178 615 3247 enim
670 3190 891 3248 tecum
946 3201 1127 3247 sum.
1199 3184 1298 3247 Me
1365 3180 1697 3248 Dominus
1749 3184 1924 3248 Deus
1974 3193 2137 3248 tuus
2190 3179 2429 3259 misit,
2483 3198 2688 3265 quem
2742 3190 2815 3246 tu

259 3268 558 3352 quaeris.
606 3271 772 3336 Cum
826 3289 981 3336 vero
1030 3268 1177 3336 dies
1211 3267 1571 3346 illuxisset,
1606 3268 1820 3357 jussit
1860 3268 2200 3337 Adrianus
2231 3268 2316 3336 ad
2350 3290 2420 3337 se
2457 3266 2812 3335 Leontium

259 3354 537 3437 adduci,
580 3377 785 3442 quem
839 3357 937 3426 sic
986 3357 1233 3426 affatus
1281 3370 1419 3425 est:
1474 3356 1822 3443 Numquid
1861 3411 1876 3436 ‚
1942 3357 2225 3435 Leonti,
2281 3356 2596 3446 cogitasti
2646 3354 2813 3441 quid

262 3443 384 3513 tibi
432 3444 793 3545 expediat?
841 3451 1009 3515 Tum
1064 3457 1349 3515 sanctus
1398 3459 1697 3534 martyr:
1754 3469 1790 3510 (ι
1828 3450 1994 3514 Cum
2038 3466 2332 3535 semper,
2392 3446 2644 3531 inquit,
2697 3467 2813 3513 co-

260 3553 640 3623 gnoverim,
673 3533 839 3620 quid
870 3534 1038 3602 mihi
1069 3533 1406 3623 expediat,
1445 3536 1639 3604 vanis
1675 3535 1813 3603 tuis
1848 3534 2286 3604 sermonibus
2314 3534 2569 3603 restiti:
2602 3554 2817 3619 quare

263 3622 500 3703 semel,
556 3622 663 3692 bis
701 3636 765 3692 et
813 3635 913 3691 ter
975 3623 1096 3692 tibi
1145 3623 1456 3703 affirmo,
1513 3645 1620 3691 me
1689 3644 2048 3709 nunquam
2099 3624 2686 3702 commissurum,
2742 3634 2818 3691 ut

260 3709 738 3798 derelinquam
772 3733 931 3780 eum
968 3712 1088 3798 qui
1123 3711 1281 3781 fecit
1312 3712 1580 3781 coelum
1613 3724 1681 3780 et
1712 3724 1988 3791 terram,
2031 3732 2218 3780 mare
2256 3725 2322 3780 et
2350 3712 2586 3781 omnia
2636 3731 2816 3797 quae

260 3799 329 3867 in
381 3799 481 3870 eis
529 3813 715 3881 sunt,
774 3801 1140 3870 Dominum
1188 3807 1425 3870 Jesum
1478 3801 1826 3870 Christum
1867 3801 1982 3869 Dei
2031 3800 2307 3880 Filium,
2362 3801 2482 3886 qui
2536 3812 2817 3889 propter

268 3907 390 3955 nos
430 3888 748 3959 homines
798 3892 1079 3958 Crucem
1132 3889 1273 3979 pati
1324 3888 1572 3957 voluit:
1627 3888 1859 3967 illum,
1915 3890 2226 3975 inquam.
2284 3889 2575 3957 minime
2623 3888 2819 3957 dese-

267 3995 439 4072 ram,
491 3978 560 4046 in
600 4000 680 4047 eo
726 3978 912 4047 enim
959 3978 1126 4058 solo,
1183 3991 1248 4047 et
1297 3978 1365 4046 in
1416 3979 1567 4067 ejus
1617 3977 1898 4046 nomine
1945 4000 2138 4067 spem
2180 3976 2552 4057 collocanS,
2610 3977 2818 4047 mise-

267 4064 632 4136 ricordiam
684 4088 1090 4153 consequar.
1130 4090 1166 4133 »
1199 4072 1371 4135 Tum
1394 4066 1606 4155 jussit
1653 4088 1813 4135 eum
1858 4066 2199 4135 Adrianus
2233 4067 2303 4134 in
2348 4069 2507 4134 aere
2553 4091 2593 4135 a
2642 4087 2819 4152 qua—

266 4162 426 4220 tuor
462 4155 907 4225 carnificibus
954 4156 1337 4246 suspendi,
1389 4167 1459 4224 et
1505 4156 1941 4224 vehementer
2000 4155 2364 4224 verberari.
2444 4160 2610 4224 Cum
2661 4175 2818 4223 vero

267 4239 385 4309 ille
431 4243 924 4325 verberaretur,
968 4244 1292 4314 clamavit
1339 4244 1730 4314 Adrianus:
1774 4249 1923 4325 Fac,
1978 4245 2249 4325 Leonti,
2303 4243 2486 4331 quod
2541 4243 2718 4322 dicO,
2754 4256 2819 4311 et

263 4329 405 4399 diis
453 4331 799 4402 sacrifica:
855 4333 923 4402 id
973 4334 1156 4403 enim
1208 4335 1267 4405 si
1316 4333 1557 4403 feceris
1588 4388 1603 4414 ,
1660 4354 1782 4423 per
1827 4333 2114 4403 deorum
2168 4345 2560 4403 nostrorum
2624 4331 2813 4400 salu-

265 4432 403 4490 tem
453 4439 532 4488 ac
580 4420 1070 4512 benignitatem
1100 4421 1377 4504 faciam,
1412 4436 1491 4493 ut
1520 4422 1882 4514 dignitatis
1915 4422 2235 4513 gradum,
2273 4435 2339 4492 et
2371 4422 2574 4510 longe
2611 4419 2816 4509 plura
