3357 4995
280 340 493 410 JUNII
542 345 627 410 29
1060 361 1138 407 nn
1186 361 1239 408 s.
1295 360 1491 409 rna-ao
1538 359 1854 410 Arosroro
2516 350 2643 413 627

183 447 427 518 salutis
474 446 857 517 custodiam
906 443 1238 515 feralibus
1284 447 1549 516 artibus
1610 447 2063 536 pollicebatur
2093 504 2108 530 ,
2169 461 2375 536 atque
2415 450 2531 519 ille
2579 472 2730 520 cre-

182 537 432 617 debat,
501 537 622 623 qui
668 535 807 604 vim
857 557 1088 603 rerum
1139 536 1431 605 nesciret
1490 536 1907 606 examinare.
1992 538 2294 625 Denique
2364 560 2722 610 summum

182 625 367 715 apud
418 646 576 694 eum
629 624 899 694 tenebat
944 624 1286 693 amicitiae
1328 624 1594 694 locum:
1648 624 2216 713 quandoquidem
2266 626 2471 697 etiam
2525 650 2726 729 prae-

178 714 398 783 sulem
452 735 618 784 suae
648 713 913 794 salutis,
951 711 1263 799 vitaeque
1302 712 1657 784 custodem
1716 714 2204 785 arbitrabatur.
2248 716 2376 786 Sed
2425 718 2544 786 ubi
2596 723 2719 787 Pe-

177 815 329 874 trus
365 803 515 892 ejus
565 802 894 872 vanitates
925 813 990 871 et
1022 801 1283 891 flagitia
1313 801 1586 884 detexit,
1617 816 1683 873 et
1714 804 1975 893 species
2025 804 2223 872 illum
2254 827 2482 875 rerum
2522 827 2720 891 men÷

176 891 317 972 tiri,
355 913 489 960 non
525 891 824 961 solidum
866 889 1132 977 aliquid
1163 903 1282 960 aut
1310 912 1546 961 verum
1567 890 1836 962 efficere
1862 893 2375 973 demonstravit,
2419 892 2726 964 ludibrio

176 980 482 1062 habitus,
518 994 584 1050 et
622 980 833 1069 digno
881 991 983 1048 est
1030 993 1489 1069 consumptus
1540 1002 1865 1052 moerore.
1923 987 2000 1051 Et
2060 983 2378 1069 quamvis
2428 982 2496 1050 in
2562 982 2722 1053 aliis

176 1082 519 1140 terrarum
595 1068 908 1159 partibus
958 1068 1132 1138 Petri
1181 1081 1360 1139 esset
1405 1082 1724 1159 expertus
1748 1070 2173 1228 AEotentiam,
2245 1082 2469 1140 tamen
2525 1094 2724 1163 prae-

178 1158 466 1229 veniens
516 1163 829 1238 Romam,
866 1178 1080 1227 ausus
1125 1169 1228 1227 est
1267 1157 1551 1246 jactare,
1604 1180 1743 1246 quo
1844 1172 2150 1230 mortuos
2199 1160 2636 1231 resuscitaret
2659 1162 2717 1231 ⁴.

271 1250 308 1335 ξ
359 1252 448 1319 ².
503 1246 871 1316 Defunctus
919 1259 1064 1314 erat
1130 1245 1198 1314 id
1250 1246 1578 1336 temporis
1646 1251 1903 1318 Romae
1963 1248 2362 1318 adolescens
2421 1249 2716 1331 nobiliS,

174 1336 618 1428 propinquus
634 1334 961 1414 Caesaris,
994 1356 1155 1405 cum
1182 1335 1663 1406 universorum
1684 1336 1943 1406 dolore.
1968 1337 2398 1407 Admonuere
2469 1338 2732 1426 lerique

175 1425 704 1515 experiendum,
758 1435 990 1493 utrum
1038 1435 1263 1512 posset
1301 1424 1724 1494 resuscitari.
1764 1425 2264 1496 celeberrimus
2305 1426 2373 1495 in
2417 1360 2525 1496 llis
2566 1450 2730 1518 ope-

179 1515 380 1585 ribus
413 1514 794 1584 habebatur
844 1517 1118 1582 Petrus:
1175 1513 1291 1584 sed
1342 1513 1527 1604 apud
1559 1514 1852 1604 gentiles
1886 1514 2078 1584 nulla
2126 1514 2287 1585 sacti
2322 1516 2725 1606 hujusmodi

180 1602 616 1673 deferebatur
662 1601 857 1671 fides.
915 1601 1114 1671 Dolor
1162 1602 1383 1690 exegit
1421 1601 1845 1673 remedium:
1885 1615 2269 1693 perrectum
2322 1616 2425 1674 est
2470 1605 2555 1674 ad
2607 1611 2727 1674 Pe-

181 1707 392 1763 trum.
439 1696 650 1761 Fuere
699 1690 819 1777 qui
850 1690 1070 1759 -etiam
1107 1691 1454 1761 Simonem
1505 1691 1998 1761 accersendum
2036 1705 2398 1782 putarent:
2444 1707 2731 1781 uterque

184 1782 554 1851 affuerunt.
592 1781 694 1849 Ait
715 1784 952 1850 Petrus
980 1779 1267 1859 Simoni,
1298 1780 1417 1866 qui
1450 1801 1521 1850 se
1541 1780 1627 1850 de
1656 1803 1783 1850 sua
1804 1781 2096 1870 jactaret
2119 1782 2440 1870 potentia,
2515 1782 2730 1852 riores

187 1892 339 1939 sese
392 1882 618 1960 partes
667 1868 861 1937 dare:
915 1879 992 1936 ut
1039 1868 1099 1936 si
1147 1881 1400 1959 posset,
1458 1881 1806 1938 mortuum
1846 1871 2300 1940 resuscitaret.
2342 1872 2409 1941 Si
2441 1871 2460 1939 i
2495 1871 2556 1940 le
2591 1894 2728 1941 non

184 1959 648 2041 resuscitaret,
683 1979 755 2027 se
789 1977 922 2026 non
972 1955 1399 2037 defuturum,
1435 1969 1512 2026 ut
1560 1957 1872 2029 Christus
1897 1980 2097 2049 opem
2138 1958 2343 2030 ferret
2373 1959 2719 2042 defuncto,

183 2068 323 2135 quo
376 2058 603 2137 posset
642 2067 1021 2136 resurgere.
1078 2046 1337 2126 Simon,
1369 2047 1488 2133 qui
1529 2059 1801 2136 putaret
1848 2046 2035 2138 apud
2068 2048 2310 2117 urbem
2361 2047 2726 2138 gentilium

184 2136 573 2227 plurimum
611 2156 774 2205 suas
821 2132 1152 2204 valituras
1200 2146 1403 2217 arteS,
1438 2135 1900 2205 conditionem
1954 2137 2334 2227 proposuit,
2381 2150 2458 2206 ut
2490 2138 2547 2206 si
2582 2138 2729 2229 ipse

182 2224 663 2294 resuscitasset
726 2236 1121 2303 mortuum,
1176 2228 1415 2293 Petrus
1463 2223 1912 2304 occideretur,
1965 2226 2086 2312 qui
2139 2248 2431 2316 magnae
2491 2238 2727 2316 poten-

181 2314 314 2384 tiae
361 2313 494 2401 (sic
534 2311 719 2381 enim
750 2311 1263 2403 appellabatur)
1309 2313 1705 2382 lacessendo
1756 2313 2050 2404 injurias
2090 2314 2567 2403 irrogavisset:
2617 2315 2722 2385 sin

180 2423 340 2471 vero
394 2400 883 2491 praevaluisset
931 2406 1193 2482 Petrus,
1233 2402 1300 2468 in
1356 2402 1700 2471 Simonem
1756 2403 1899 2492 pari
1949 2424 2197 2492 genere
2235 2402 2719 2473 vindicaretur.

178 2490 531 2578 Acquievit
576 2495 837 2571 PetruS,
882 2488 1177 2560 adorsus
1206 2503 1307 2561 est
1340 2491 1608 2561 Simon:
1661 2490 1949 2563 accessit
1978 2492 2064 2561 ad
2116 2490 2442 2562 lectulum
2479 2491 2725 2563 defun—

177 2581 292 2664 cti,
348 2580 705 2650 incantare
753 2592 957 2666 atque
1007 2579 1549 2650 immurmurare
1579 2580 1733 2649 dira
1772 2582 2084 2650 carmina
2130 2591 2206 2651 ut
2252 2582 2497 2671 coepit,
2535 2583 2723 2652 visus

176 2682 279 2739 est
324 2680 534 2758 caput
578 2668 860 2769 agitare,
914 2669 1032 2755 qui
1100 2682 1416 2739 mortuus
1463 2681 1628 2738 erat.
1685 2669 1954 2739 Clamor
2019 2670 2262 2759 ingens
2309 2670 2716 2771 gentilium,
2795 2702 2804 2712 ·

171 2757 358 2846 quod
378 2758 530 2849 jam
582 2768 855 2839 v1veret,
907 2755 1090 2844 quod
1126 2757 1519 2845 loqueretur
1564 2781 1724 2827 cum
1761 2758 2059 2828 Simone.
2098 2764 2206 2828 Ira
2238 2771 2303 2828 et
2335 2759 2725 2850 mdignatio

172 2847 245 2917 in
283 2852 588 2927 Petrum,
625 2846 807 2933 quod
844 2867 1062 2917 ausus
1108 2858 1285 2916 esset
1331 2846 1642 2916 conferre
1691 2869 1838 2916 sese
1888 2858 2112 2917 tantae
2155 2849 2493 2938 potestati.
2558 2853 2729 2918 San-

177 2949 334 3007 ctus
382 2933 746 3026 Apostolus
789 2935 1097 3024 poposcit
1146 2934 1526 3018 silentium,
1571 2948 1636 3004 et
1692 2936 1897 3005 dixit:
1936 2959 1971 3001 «
2009 2936 2075 3005 Si
2127 2937 2291 3005 vivit
2328 2935 2718 3017 defunctuS,

177 3024 537 3114 loquatur:
577 3023 636 3093 si
669 3023 1117 3094 resuscitatus
1164 3035 1287 3106 est,
1341 3036 1601 3115 surgat,
1634 3023 1967 3104 ambulet,
2022 3024 2392 3096 fabuletur.
2433 3049 2468 3092 »
2502 3025 2729 3095 Phan—

179 3125 401 3184 tasma
456 3111 628 3182 illud
678 3133 850 3191 esse,
909 3133 1045 3182 non
1103 3114 1480 3194 veritatem,
1534 3114 1719 3201 quod
1773 3112 2083 3184 videatur
2145 3127 2354 3204 caput
2404 3114 2723 3184 movisse.

180 3201 486 3289 Denique
524 3212 905 3291 separetur,
940 3201 1190 3359 inguit,
1241 3201 1474 3271 Simon
1509 3224 1550 3271 a
1602 3202 1877 3283 lectulo,
1917 3215 1982 3270 et
2010 3216 2171 3272 tunc
2223 3224 2308 3272 ne
2343 3202 2409 3272 id
2443 3202 2724 3289 quidem

179 3291 479 3361 ostentui
528 3289 867 3360 futurum.
920 3292 1016 3360 Ab
1071 3290 1302 3361 ucitur
1348 3290 1580 3361 Simon
1633 3315 1673 3361 a
1724 3291 1997 3372 lectulo,
2052 3304 2282 3361 manet
2316 3292 2464 3361 sine
2499 3291 2728 3381 specie

185 3391 413 3451 motus
452 3378 758 3468 alicujus
790 3378 912 3466 qui
953 3389 1269 3449 mortuus
1299 3391 1466 3448 erat.
1498 3379 1767 3451 Adstitit
1805 3386 2043 3450 Petrus
2082 3380 2382 3471 longiuS,
2433 3393 2497 3449 et
2545 3380 2728 3450 intra

183 3489 255 3540 se
290 3467 649 3559 paulisper
694 3467 989 3538 orationi
1036 3467 1369 3550 intentus,
1412 3490 1573 3537 cum
1614 3489 1860 3561 magna
1912 3491 2073 3539 voce
2120 3470 2249 3538 ait:
2288 3468 2721 3551 AdolescenS,

183 3577 429 3649 surge:
486 3568 678 3627 sanet
724 3569 788 3625 te
826 3555 1153 3626 dominus
1197 3563 1424 3628 Jesus.
1470 3562 1547 3627 Et
1577 3557 1804 3627 statim
1856 3558 2152 3628 surrexit
2183 3556 2606 3638 adolescenS,
2661 3569 2729 3628 et

187 3643 458 3717 locutus
507 3656 631 3727 est,
674 3644 1077 3727 ambulavit,
1121 3657 1187 3715 et
1232 3645 1466 3716 cibum
1522 3648 1859 3737 sumpsit:
1913 3659 1978 3716 et
2026 3645 2214 3716 dedit
2272 3668 2431 3716 eum
2482 3652 2722 3716 Petrus

182 3735 383 3805 matri
434 3755 629 3807 suae.
682 3733 813 3817 Qui
858 3755 1018 3803 eum
1073 3747 1430 3824 rogaretur
1463 3790 1478 3816 ,
1532 3746 1608 3805 ut
1654 3735 1741 3804 ab
1788 3757 1867 3805 eo
1936 3757 2071 3804 non
2113 3735 2531 3816 discederet,
2586 3736 2721 3805 ait:

184 3840 222 3886 «ι
254 3826 396 3893 Non
445 3823 965 3910 derelinquetur
1018 3822 1105 3893 ab
1142 3844 1224 3894 eo
1269 3823 1391 3911 qui
1450 3845 1609 3894 eum
1674 3823 1835 3894 fecit
1898 3846 2276 3915 resurgere,
2330 3824 2533 3915 cujus
2597 3846 2723 3894 nos

186 3912 360 3980 servi
399 3933 671 3984 sumus.
726 3917 978 3982 Secura
1023 3922 1165 3983 esto
1215 3925 1432 3983 mater
1475 3913 1559 3982 de
1608 3912 1779 3995 filio,
1817 3934 1953 3984 non
1998 3912 2328 3983 verearis:
2367 3913 2572 3982 habet
2605 3935 2727 3982 cu-

187 3996 446 4095 stodem
481 4023 717 4071 suum.
764 4024 800 4067 »
831 4006 1101 4071 Etcum
1142 4001 1443 4092 populus
1492 4001 1561 4070 in
1614 4001 1962 4072 Simonem
2023 4002 2435 4094 insurgeret,
2498 4014 2576 4072 ut
2622 4001 2723 4070 la-

188 4084 560 4172 pidaretur,
609 4091 705 4159 ait
751 4094 1027 4160 Petrus:
1084 4090 1259 4159 Satis
1308 4103 1410 4160 est
1454 4090 1540 4159 ad
1582 4113 1870 4179 poenam
1920 4091 2092 4181 ejus,
2146 4091 2331 4179 quod
2369 4091 2726 4182 cognoscit

186 4193 351 4328 sniis
394 4191 570 4277 artes
611 4178 781 4247 nihil
817 4178 1077 4248 valere:
1131 4179 1331 4260 vivat,
1372 4192 1436 4248 et
1486 4180 1733 4249 Christi
1783 4201 2078 4271 regnum
2135 4201 2441 4251 crescere
2497 4179 2723 4248 videat

192 4281 269 4328 ve
338 4278 613 4337 invitus.

272 4351 308 4435 ξ
353 4354 444 4421 3.
496 4356 966 4443 Torquebatur
1013 4361 1250 4447 Magus
1297 4355 1596 4448 Apostoli
1642 4356 1910 4447 gloria:
1964 4355 2238 4448 collegit
2288 4377 2461 4437 sese,
2519 4366 2725 4443 atque

243 4470 269 4496 ¹·
300 4470 412 4513 Vide
431 4475 479 4515 et
497 4475 620 4517 turra
639 4478 688 4518 in
709 4478 1053 4520 commenta-10
1073 4479 1204 4520 Δηοῖ.
1220 4478 1557 4529 metaphraste.
1573 4488 1706 4530 pagg.
1728 4479 1805 4520 6³4
1833 4481 1882 4520 et
1900 4488 2030 4529 seqq.
