3357 4995
657 335 783 399 634
1164 341 1171 349 '
1231 350 1311 396 nn
1357 350 1449 398 ss.
1506 349 1845 397 Arosrous
1893 350 2089 397 ramo
2136 350 2211 396 ar
2262 348 2465 397 raum
2759 331 2980 397 JUNII
3031 331 3128 397 29

615 435 848 506 uidem
880 456 1150 525 maguS,
1186 455 1326 515 eos,
1361 434 1483 521 qui
1522 433 1607 503 ad
1649 456 1809 504 eum
1838 434 2315 521 quaerendum
2350 434 2438 504 ab
2472 438 2894 525 Imperatore
2917 434 3130 504 missi

598 537 866 606 nerant,
922 523 1305 605 declinans,
1343 523 1703 594 constituit
1747 523 1984 614 fugere
2024 524 2096 592 in
2145 522 2452 593 civitates
2501 523 2826 593 Judaeae.
2879 526 3131 592 Petrus

568 627 797 686 autem
834 613 1107 682 Domini
1141 611 1524 702 Apostolus,
1570 634 1728 682 cum
1763 610 2058 682 simulac
2087 623 2265 683 esset
2297 611 2674 702 ingressuS,
2724 610 3130 699 multasque

571 701 965 773 Antiochiae
1012 701 1282 772 fecisset
1326 702 1742 783 curationes,
1781 713 1846 771 et
1893 721 2115 771 unum
2153 706 2365 770 Deum
2404 701 2469 769 in
2506 701 2728 770 tribus
2773 700 3123 790 personis,

573 792 661 861 iis
706 791 828 878 qui
866 802 1064 860 erant
1108 790 1529 881 congregati,
1573 789 1863 859 feliciter
1910 790 2425 867 annunciasset,
2478 802 2544 860 et
2590 789 2968 880 Episcopos
3011 811 3132 858 or-

572 880 900 964 dinasset,
942 880 1352 949 Martianum
1390 878 1669 965 quidem
1725 878 2087 968 Syracusis
2120 879 2188 947 in
2225 878 2479 959 Sicilia,
2528 879 2967 947 Pancratium
2997 900 3129 948 au·

574 982 710 1039 tem
761 968 1221 1048 Tauromenii‚
1290 967 1474 1038 venit
1521 974 1795 1058 Tyanen
1856 967 2347 1058 Cappadociae,
2401 980 2467 1037 et
2517 966 2711 1036 illinc
2776 971 3126 1057 Ancyram

577 1057 903 1129 Galatiae.
956 1062 1030 1126 In
1065 1080 1200 1144 qua
1236 1079 1395 1126 cum
1439 1056 1828 1148 precatione
1877 1056 2276 1127 suscitasset
2305 1067 2680 1135 mortuum,
2727 1056 3131 1143 multosque

576 1147 918 1217 catechesi
978 1146 1411 1227 instituisset,
1464 1158 1528 1215 et
1574 1145 2011 1235 baptizasset,
2063 1158 2129 1215 et
2181 1145 2556 1215 Ecclesiam
2607 1144 3122 1224 constituisset,

577 1246 642 1304 et
700 1237 1116 1327 Episcopum
1169 1234 1599 1316 ordinasset,
1654 1234 1837 1303 venit
1885 1235 2137 1325 Sinope
2200 1234 2392 1304 Ponti
2440 1234 2807 1304 civitatem.
2866 1232 3132 1303 Deinde

579 1329 933 1394 Amaseam
966 1345 1142 1411 quae
1188 1335 1291 1392 est
1328 1324 1398 1391 in
1457 1323 1978 1393 mediterraneis
2025 1324 2244 1393 Ponti.
2301 1322 2555 1393 Deinde
2604 1327 2946 1412 Gangram
3000 1327 3134 1391 Pa·

579 1412 1031 1503 phlagonum.
1062 1411 1314 1481 Deinde
1346 1411 1846 1503 Claudiopolim
1899 1412 2333 1482 Honoriadis.
2377 1411 2628 1481 Deinde
2653 1410 3130 1481 Nicomediam

578 1501 959 1591 Bithyniae.
995 1501 1247 1570 Deinde
1294 1501 1590 1571 Niceam.
1652 1500 1903 1571 Deinde
1935 1523 2096 1571 cum
2129 1501 2479 1570 festinaret
2512 1500 2881 1570 ascendere
2926 1501 3134 1570 Jero-

579 1590 847 1679 solyma
920 1603 1196 1680 propter
1263 1590 1562 1659 Paschae
1632 1588 1920 1673 festum,
1995 1602 2337 1659 revertens
2411 1590 2595 1659 venit
2663 1590 3125 1660 Pisinuntem.

584 1678 835 1747 Deinde
884 1700 1005 1769 per
1082 1679 1581 1769 Cappadociam
1630 1691 1697 1748 et
1745 1680 2006 1767 Syriam
2035 1732 2055 1759 ,
2122 1701 2366 1749 rursus
2434 1679 2616 1747 venit
2662 1677 3126 1747 Antiochiam.

582 1772 659 1835 Et
692 1767 886 1836 illinc
938 1768 1302 1856 profectus,
1344 1769 1525 1836 venit
1569 1768 1980 1838 Jerusalem.

669 1858 705 1943 §
753 1862 844 1927 6.
901 1861 1048 1938 Quo
1097 1857 1164 1925 in
1220 1856 1388 1937 loc0‚
1421 1878 1578 1926 cum
1603 1857 1751 1947 jam
1807 1857 2043 1926 tertius
2091 1879 2319 1926 annus
2356 1856 2815 1946 praeteriisset
2854 1877 2894 1923 a
2929 1876 3135 1924 voca-

584 1944 765 2013 tione
816 1946 1045 2035 magni
1099 1945 1314 2023 Pauli,
1382 1946 1469 2015 ab
1537 1945 1688 2034 ipso
1747 1945 1956 2014 Paulo
2007 1945 2273 2027 visitur,
2329 1946 2507 2015 sicut
2555 1943 2670 2013 ille
2720 1944 2868 2034 ipse
2911 1943 3128 2013 dicit:

583 2056 618 2099 α
646 2038 799 2102 Post
850 2044 983 2103 tres
1014 2055 1233 2103 annos
1268 2033 1547 2103 ascendi
1574 2033 2069 2123 Jerosolymam
2112 2034 2198 2102 ad
2251 2034 2623 2103 videndum
2694 2038 3014 2114 Petrum,
3065 2047 3134 2101 et

583 2124 808 2191 mansi
865 2123 1051 2212 apud
1111 2145 1267 2193 eum
1319 2122 1467 2193 dies
1512 2122 1934 2209 quindecim.
1975 2147 2009 2187 »
2060 2126 2136 2190 In
2189 2124 2446 2210 quibus
2493 2143 2656 2192 cum
2706 2125 3017 2191 Canones
3064 2135 3136 2190 et

583 2210 1091 2281 Ecclesiasticas
1137 2211 1658 2281 constitutiones
1706 2212 2204 2301 exposuissent,
2263 2213 2504 2281 beatus
2551 2210 2830 2298 quidem
2868 2210 3135 2280 Paulus

582 2300 927 2390 profectus
960 2313 1062 2369 est
1100 2301 1185 2369 ad
1235 2323 1412 2390 opus
1444 2300 1530 2370 ad
1572 2300 1758 2387 quod
1810 2313 2089 2369 vocatus
2123 2299 2367 2370 fuerat.
2408 2306 2697 2389 Magnus
2745 2312 2975 2368 autem
3012 2304 3135 2367 Pe-

583 2402 731 2460 trus
780 2411 1023 2459 rursus
1072 2411 1387 2459 reversus
1438 2402 1539 2459 est
1586 2389 2037 2458 Antiochiam.
2107 2389 2236 2458 Ubi
2293 2410 2453 2457 cum
2505 2388 2836 2457 Evodium
2869 2389 3136 2457 consti-

586 2481 825 2549 tuisset
872 2478 1314 2569 Episcopum,
1369 2480 1551 2549 venit
1580 2478 1921 2568 Synadem
1959 2478 2295 2579 Phrygiae
2329 2478 2696 2548 civitatem.
2733 2475 2987 2545 Deinde
3017 2477 3131 2547 Ni-

581 2568 989 2639 comediam.
1051 2573 1124 2637 ln
1176 2590 1315 2654 qua
1360 2590 1517 2637 cum
1563 2568 1980 2639 Prochorum
2023 2569 2409 2637 ordinasset
2444 2568 2888 2657 Episcopum,
2945 2567 3136 2634 venit

581 2657 785 2726 Ilium
828 2658 1168 2727 civitatem
1222 2655 1667 2746 Hellesponti.
1716 2662 1861 2739 Quo
1913 2657 1978 2724 in
2025 2656 2171 2726 loco
2228 2679 2386 2725 cum
2430 2655 2911 2725 Centurionem
2975 2659 3135 2723 Cor—

581 2746 839 2815 nelium
891 2746 1357 2815 constituisset
1426 2746 1867 2836 Episcopum,
1938 2767 2250 2816 reversus
2297 2757 2398 2813 est
2444 2743 2850 2814 Jerusalem.
2921 2744 3129 2813 Visus

578 2848 679 2904 est
726 2847 955 2904 autern
997 2836 1057 2903 ei
1124 2835 1457 2904 Dominus
1505 2835 1575 2902 in
1615 2835 1898 2913 visione,
1954 2833 2226 2902 dicens:
2283 2839 2498 2923 Surge
2532 2838 2745 2914 Petre‚
2812 2831 2979 2901 vade
3043 2832 3134 2900 ad

580 2924 1047 2993 Occidentem:
1088 2945 1264 3012 opus
1303 2923 1488 2992 enim
1526 2923 1751 3001 habet,
1805 2935 1882 2992 ut
1913 2923 2048 2992 tuis
2090 2922 2476 2993 illustretur
2523 2920 2830 2991 facibus:
2876 2932 2942 2989 et
3005 2943 3136 3011 ego

577 3035 692 3081 ero
737 3026 987 3082 tecum.
1061 3013 1293 3081 Simon
1370 3025 1598 3081 autem
1651 3011 1859 3103 paulo
1917 3023 2072 3080 ante
2134 3023 2379 3100 captus
2443 3011 2529 3079 ab
2588 3010 2722 3091 iis,
2796 3010 2917 3096 qui
2969 3030 3134 3078 eum

578 3102 1022 3187 quaerebant,
1082 3115 1154 3169 ut
1207 3101 1397 3189 prius
1455 3100 1783 3180 diximus,
1840 3105 2126 3169 Romam
2177 3100 2480 3180 ducitur,
2537 3112 2610 3169 ut
2677 3098 2822 3166 luat
2874 3120 3136 3188 poenas

578 3212 815 3259 eorum
857 3212 1034 3276 quae
1084 3202 1611 3279 perpetraverat.
1669 3195 1744 3257 In
1800 3212 1938 3276 qua
1985 3210 2146 3256 cum
2195 3188 2460 3269 fuisset,
2499 3200 2563 3256 et
2602 3199 2746 3256 arte
2804 3209 2931 3255 sua
2984 3209 3137 3255 ma-

583 3279 733 3368 gica
771 3278 1026 3346 multos
1082 3290 1306 3348 mente
1359 3279 1677 3348 movisset
1731 3290 1795 3346 et
1843 3277 2250 3367 decepisset,
2292 3298 2423 3345 non
2478 3276 2700 3346 solum
2756 3297 2891 3344 non
2941 3274 3138 3344 dedit

581 3388 860 3456 poenaS‚
899 3367 1012 3434 sed
1061 3367 1265 3435 etiam
1308 3390 1348 3434 a
1381 3367 1617 3436 multis
1665 3367 1838 3436 deus
1887 3365 2016 3435 tuit
2047 3365 2500 3435 existimatus,
2544 3371 2891 3434 Romanos
2939 3364 3133 3432 enim

580 3477 990 3545 praecursor
1040 3454 1152 3524 ille
1201 3466 1478 3524 satanae
1531 3478 1658 3525 sua
1701 3455 1920 3544 Magia
1970 3456 2038 3522 in
2100 3466 2356 3523 tantam
2393 3454 2681 3524 adduxit
2729 3452 3139 3522 admiratio-

579 3566 760 3623 nem,
809 3544 1188 3630 quinetiam
1226 3545 1455 3631 ipsum
1498 3565 1773 3630 quoque
1809 3543 2208 3612 Claudium:
2236 3555 2309 3612 ut
2345 3544 2406 3611 ei
2443 3543 2663 3633 posita
2695 3545 2921 3610 statua
2953 3542 3138 3612 inter

576 3633 751 3702 duos
803 3647 1040 3722 pontes
1091 3633 1158 3700 in
1211 3633 1434 3701 Tiberi
1489 3633 1974 3702 inscriberent:
2032 3632 2295 3701 Simoni
2346 3631 2470 3701 deo
2512 3643 2771 3702 sancto.
2829 3635 2907 3698 Et
2961 3631 3135 3700 haec

575 3722 855 3809 quidem
887 3722 1207 3791 Justinus
1240 3734 1303 3789 et
1344 3727 1669 3790 Irenaeus
1699 3720 1921 3790 fusius
1973 3734 2506 3810 persequuntur.
2541 3725 2674 3790 Nos
2706 3731 2937 3789 autem
2979 3742 3133 3810 per-

575 3833 819 3902 gemus
868 3823 1176 3898 coeptam
1233 3812 1552 3900 persequi
1603 3809 2094 3878 narrationem.

662 3902 697 3986 §
743 3903 819 3969 θ.
878 3904 1042 3967 Cum
1094 3921 1169 3967 er
1217 3921 1256 3968 o
1286 3921 1464 3986 quae
1514 3899 1659 3968 visa
1692 3898 1958 3967 fuerant
2008 3920 2304 3988 magnus
2339 3902 2576 3968 Petrus
2625 3896 3133 3966 annunciasset

582 3988 932 4067 fratribu5‚
987 3999 1053 4055 et
1100 4010 1247 4056 vae
1295 3989 1394 4057 eis
1441 3988 1748 4069 dixisset,
1824 4010 2066 4058 rursus
2121 3987 2301 4056 venit
2363 3985 2790 4056 Antiochiam
2844 3985 3139 4054 visitans

577 4076 940 4146 Ecclesias.
996 4081 1141 4158 Quo
1189 4075 1259 4144 in
1314 4077 1461 4146 loco
1510 4099 1670 4146 cum
1732 4098 2062 4166 magnum
2114 4076 2489 4146 invenisset
2556 4074 2874 4150 Paulum,
2945 4088 3137 4144 certo

578 4165 877 4253 quodam
929 4164 1222 4234 consilio
1270 4165 1357 4234 ab
1406 4188 1484 4235 eo
1536 4165 1854 4254 arguitur
1892 4165 1947 4233 ¹³.
2019 4165 2273 4234 Deinde
2321 4187 2478 4235 cum
2530 4163 2721 4232 Tarsi
2774 4162 3133 4233 Urbanum

574 4253 1046 4324 constituisset
1086 4253 1529 4345 Episcopum,
1585 4268 1649 4323 et
1717 4254 2264 4344 Epaphroditum
2317 4252 2694 4322 Andriacae
2744 4251 3011 4340 Lyciae,
3070 4262 3137 4321 et

622 4418 646 4444 ¹·
680 4419 793 4458 Vide
819 4418 905 4457 hac
934 4418 992 4457 de
1022 4428 1072 4456 re
1102 4417 1248 4466 Epist.
1278 4417 1408 4456 Pauli
1440 4417 1597 4465 apost.
1628 4417 1688 4456 nd
1721 4416 1912 4456 Galatas
1945 4425 2042 4466 cap.
2074 4415 2135 4462 Π,
2162 4426 2240 4456 vv.
2272 4416 2330 4456 ab
2359 4417 2404 4455 11
2439 4414 2499 4455 nd
2530 4414 2600 4458 14:
2634 4412 2953 4463 Augustinum
2982 4412 3139 4461 Epist.

570 4472 620 4511 82
643 4472 699 4510 ad
719 4473 906 4511 Hieron.
927 4476 973 4510 ct
995 4469 1330 4519 Hieronymum
1351 4471 1451 4510 adv.
1471 4470 1744 4519 Pelagianos
1769 4470 1820 4510 1..
1847 4470 1884 4508 1.
