3357 4995
232 342 452 407 JUNII
502 342 584 407 24
932 361 1009 406 nr:
1053 361 1426 408 numme
1474 363 1531 409 s.
1583 362 1849 410 somnis
1897 362 2076 409 narr.
2560 344 2675 408 511

231 466 391 514 cum
432 443 836 524 advenisset,
890 443 1070 514 sicut
1117 445 1319 514 modo
1352 445 1737 527 audivistis,
1787 446 2201 536 Redemptor
2248 446 2463 514 nostri
2496 445 2769 536 generis

231 532 318 601 ad
367 555 573 602 suurn
623 531 949 633 amicum,
1002 531 1121 619 qui
1156 533 1224 601 in
1260 545 1452 604 utero
1491 537 1910 624 gestabatur,
1946 535 2176 604 statim
2209 534 2391 604 venit
2421 535 2566 625 ipse
2597 556 2771 621 quo-

231 644 366 709 que
413 644 573 690 cum
617 633 792 690 esset
840 643 909 689 in
964 634 1175 689 utero,

319 713 355 798 ξ
407 715 494 780 8.
548 709 819 778 Licebat
865 721 1090 778 autem
1145 711 1369 780 videre
1409 711 1631 784 lutum
1686 712 1970 783 salutari
2021 735 2060 781 a
2108 711 2346 813 figulo,
2383 711 2601 802 excipi
2634 716 2763 780 Re-

233 821 387 890 gem
427 799 497 866 in
552 798 993 868 tabernaculo
1042 798 1326 881 militis‘,
1365 812 1429 869 et
1460 803 1726 871 venisse
1759 800 2229 869 Dominarum
2265 801 2441 870 servi
2476 799 2774 869 domun-

231 888 486 960 culam.
558 892 770 969 Quem
820 908 980 955 cum
1041 909 1119 956 ex
1172 889 1451 958 matrice
1511 892 1578 960 in
1643 890 1926 960 matrice
1993 889 2370 979 aspexisset
2414 893 2764 969 JoanneS,

232 976 659 1068 praevidenS‚
711 975 1018 1057 exilienS,
1075 987 1358 1046 naturae
1407 980 1734 1048 terminos
1781 990 2070 1048 conatus
2118 989 2222 1047 est
2262 977 2630 1048 transilire.
2664 977 2771 1045 vi-

227 1067 355 1135 deo
404 1065 587 1133 enim
642 1065 1010 1134 Dominum
1055 1064 1270 1155 (apud
1322 1089 1393 1135 se
1441 1067 1740 1156 dicebat)
1786 1067 1908 1154 qui
1957 1068 2253 1157 imponit
2303 1078 2590 1136 naturae
2640 1078 2769 1135 ter-

228 1156 479 1223 minos
546 1158 687 1222 Non
738 1165 1014 1243 expecto
1064 1166 1374 1245 tempu5‚
1426 1178 1563 1243 quo
1613 1156 1782 1226 solet
1828 1155 2048 1226 foetus
2111 1156 2362 1246 gestari
2413 1157 2483 1224 in
2544 1168 2760 1236 utem,

230 1257 505 1334 tempus
562 1263 804 1311 novem
864 1241 1204 1313 mensium
1265 1264 1400 1312 non
1471 1258 1574 1315 est
1635 1245 1807 1314 mihi
1874 1245 2368 1314 necessarium.
2420 1245 2765 1323 Quaenam

228 1344 447 1402 mater
475 1337 686 1400 Deum
729 1331 1022 1400 Verbum
1060 1333 1403 1420 persuasit
1448 1334 1534 1402 ad
1587 1355 1710 1402 nos
1759 1344 1989 1424 aperte
2038 1333 2319 1402 venire?
2365 1332 2556 1415 Quis,
2598 1354 2760 1402 cum

227 1421 510 1491 functus
557 1430 734 1489 esset
773 1418 1132 1510 legatione,
1183 1422 1500 1491 excitavit
1537 1445 1617 1492 ex
1650 1423 1811 1491 sinu
1860 1422 2074 1513 patris
2106 1443 2264 1490 eum
2296 1420 2417 1508 qui
2467 1433 2569 1492 est
2616 1421 2765 1491 sine

229 1512 496 1579 matre?
528 1514 880 1591 Quaenam
931 1521 1157 1577 autem
1198 1521 1299 1578 est
1345 1511 1513 1580 haec
1564 1512 1776 1602 virgO,
1815 1533 1992 1599 quae
2023 1515 2154 1579 Deo
2207 1510 2348 1579 visa
2403 1521 2506 1581 est
2565 1530 2763 1599 prae—

227 1599 517 1667 stantior
562 1596 905 1667 universis
956 1599 1455 1669 Potestatibus?
1503 1605 1853 1683 Quaenam
1903 1622 1985 1669 ea
2033 1610 2157 1681 est,
2196 1621 2373 1686 quae
2420 1621 2604 1679 eum,
2644 1597 2766 1685 qui

228 1687 384 1778 capi
442 1707 576 1755 non
631 1695 869 1776 potest,
924 1686 1224 1755 continet
1271 1687 1342 1755 in
1391 1693 1625 1759 utero?
1656 1695 2006 1772 Quaenam
2049 1710 2128 1757 ea
2159 1700 2282 1770 est,
2315 1709 2491 1775 quae
2531 1687 2764 1756 sertin

229 1787 460 1845 ventre
507 1796 665 1843 eum
715 1774 796 1842 ad
849 1795 1052 1859 quem
1106 1796 1238 1843 non
1291 1788 1511 1865 potest
1557 1777 1838 1846 accedi?
1884 1782 2230 1859 Quaenam
2283 1799 2362 1846 ea
2409 1776 2561 1857 fuit,
2593 1797 2771 1863 quae

229 1863 644 1941 intercessit,
697 1875 774 1932 ut
821 1861 1017 1931 foeno
1065 1862 1514 1934 humanitatis
1562 1866 2038 1935 admoveretur
2089 1865 2271 1956 ignis
2328 1864 2766 1933 divinitatis?

228 1952 399 2035 Quis
435 1951 638 2041 primi
689 1951 991 2041 parentis
1040 1953 1474 2023 renunciabit
1519 1954 1717 2023 uxori
1765 1954 1859 2035 id,
1914 1954 2097 2041 quod
2139 1975 2327 2022 nunc
2379 1954 2754 2043 peragitur,

226 2041 683 2131 mysterium?
729 2040 898 2121 Quis
943 2039 1143 2119 dicet,
1198 2041 1285 2109 ab
1332 2064 1409 2110 ea
1451 2065 1627 2129 quae
1675 2042 1895 2111 fuerat
1924 2042 2092 2112 olim
2125 2042 2767 2123 condemnata„in-

228 2142 341 2199 tus
390 2129 461 2197 in
504 2141 732 2197 ventre
787 2128 1068 2209 scilicet,
1123 2129 1435 2199 habitum
1484 2131 1697 2200 fuisse
1744 2131 2041 2201 indicem
2094 2143 2299 2217 atque
2355 2136 2766 2200 Praecurso-

224 2239 420 2287 rem:
472 2238 784 2304 quaeque
833 2217 1116 2299 audivit,
1171 2218 1238 2286 in
1289 2219 1642 2289 doloribus
1694 2220 1918 2308 paries
1979 2219 2158 2290 filios
2208 2230 2394 2289 tuos:
2448 2241 2599 2288 eam
2652 2241 2762 2288 ve—

225 2305 411 2374 nisse
460 2305 657 2374 illum
701 2318 1106 2395 portantem,
1150 2307 1269 2393 qui
1308 2309 1502 2378 nobis
1549 2308 1995 2378 annunciavit
2027 2307 2283 2376 doloris
2315 2306 2763 2377 solutionem?

220 2399 467 2484 Papae,
503 2407 805 2481 quantus
838 2395 1076 2474 honor,
1131 2407 1195 2464 et
1241 2417 1418 2482 quae
1445 2397 1668 2467 verbis
1702 2418 1836 2466 non
1872 2407 2089 2487 potest
2118 2396 2411 2486 exprimi
2446 2396 2757 2466 mutatio.

222 2490 268 2553 A
323 2482 643 2574 paradiso
693 2483 1031 2574 separavit
1070 2489 1241 2554 Deus
1293 2485 1591 2575 primum
1641 2497 1943 2556 creatum
1998 2484 2374 2566 hominem,
2420 2499 2485 2556 et
2528 2486 2758 2576 ipsum

215 2572 422 2662 cepit,
460 2594 636 2659 quae
682 2572 768 2642 ab
815 2594 894 2642 eo
944 2573 1318 2643 descendit.
1374 2576 1503 2657 Qui
1554 2574 1767 2665 pelles
1818 2575 1887 2643 in
1930 2574 2254 2644 Paradiso
2299 2575 2598 2655 consuit,
2664 2588 2763 2644 te-

222 2662 414 2763 gitur
461 2662 527 2729 in
581 2674 796 2731 utero,
842 2667 915 2730 In
968 2684 1175 2748 quam
1231 2663 1530 2753 primum
1584 2676 1934 2755 parentem
1977 2664 2080 2732 ira
2120 2664 2422 2753 percitus
2469 2663 2754 2754 expulit,

219 2774 292 2820 1n
342 2772 496 2820 eam
539 2750 1010 2819 misericordia
1065 2766 1451 2822 commotus
1498 2752 1908 2822 adventavit.
1986 2758 2204 2833 Quam
2263 2765 2618 2824 execratus
2664 2763 2767 2823 est

219 2851 497 2920 terram,
551 2861 702 2908 eam
750 2839 1058 2922 calcavit,
1114 2840 1346 2910 divino
1376 2863 1620 2931 gressu
1657 2841 1880 2910 latam*
1915 2840 2285 2911 infirmans
2314 2841 2754 2921 sententiam,

220 2930 496 3019 spinam
548 2928 808 3015 peccati
847 2939 1207 2997 conterens
1256 2930 1641 3018 impollutis
1691 2930 2022 3019 vestigiis.

308 3020 478 3105 ὅθ.
518 3021 658 3086 Hae
705 3030 899 3086 erant
954 3017 1405 3088 exultationes
1450 3019 1777 3100 Joannis,
1831 3019 1931 3087 vel
1989 3017 2193 3088 verba
2244 3019 2496 3109 potius.
2553 3019 2769 3088 Verba

221 3107 411 3175 enim
462 3116 656 3175 erant
704 3106 899 3195 pueri
962 3105 1270 3176 nondum
1329 3108 1467 3177 nati
1524 3107 1945 3177 saltationes.
2001 3108 2169 3189 Quis
2222 3109 2311 3177 ab
2369 3130 2531 3177 aevo
2575 3107 2764 3197 apud

220 3200 513 3264 Graecos
571 3192 731 3263 talia
796 3195 1141 3284 sapienter
1196 3195 1450 3277 docuit,
1503 3196 1738 3283 qualia
1786 3210 1941 3266 ante
2006 3197 2253 3265 fascias
2303 3196 2604 3267 narravit
2650 3196 2764 3265 hic

223 3288 681 3353 Praecursor‘?
719 3282 904 3351 Talia
949 3295 1110 3352 sunt
1142 3286 1465 3373 mysteria
1511 3285 1722 3375 hujus
1756 3284 2192 3367 celebritatiS,
2236 3308 2412 3373 quae
2452 3286 2510 3355 si
2559 3284 2765 3353 velim

218 3372 644 3472 praedicare,
699 3372 1010 3441 inveniar
1040 3372 1240 3441 obrui
1291 3373 1632 3464 profundo
1690 3374 2211 3455 miraculorum,
2267 3387 2333 3444 et
2367 3396 2485 3465 per
2535 3376 2761 3442 aerem

222 3462 521 3620 ιηῗᾞᾶὶ,
562 3462 905 3531 narrando
935 3460 1276 3531 coelestia.
1331 3463 1663 3544 Quocirca
1700 3475 1761 3532 te
1804 3485 1989 3555 rog0‚
2034 3486 2074 3533 o
2106 3463 2431 3552 Baptista,
2469 3459 2766 3532 concede

218 3551 310 3618 mi
372 3551 747 3619 iancoram
782 3550 1306 3640 deprecationis,
1341 3564 1407 3621 et
1438 3563 1514 3620 ut
1561 3552 1680 3639 qui
1727 3552 1822 3621 sis
1858 3574 2004 3633 vox,
2057 3574 2384 3621 conserva
2417 3551 2591 3620 mihi
2617 3571 2764 3619 cer-

219 3651 321 3708 tos
367 3651 433 3709 et
466 3638 748 3708 stabiles
812 3660 1057 3707 sensus
1115 3639 1301 3708 vocis
1349 3641 1996 3711 instrumentorum.
2058 3640 2221 3708 Veni
2281 3641 2466 3709 enim
2507 3651 2763 3709 certam

218 3727 483 3798 habens
519 3727 748 3807 fidem,
797 3749 932 3797 non
970 3727 1339 3809 haesitans,
1376 3729 1738 3798 verborum
1775 3729 1896 3798 tibi
1928 3728 2236 3798 suffitum
2270 3730 2582 3799 offerens.
2619 3734 2765 3811 Qua

219 3817 500 3902 quidem
539 3837 607 3885 re
655 3816 891 3897 fretus,
943 3828 1057 3885 tua
1091 3817 1382 3885 narrabo
1413 3818 1811 3886 certamina.
1853 3818 2043 3900 Quod
2079 3818 2135 3887 si
2176 3818 2381 3887 etiam
2431 3819 2563 3888 sim
2618 3817 2769 3885 vin-

221 3906 506 3986 cenduS,
562 3905 855 3995 gaudeO,
894 3917 995 3974 est
1032 3905 1217 3974 enim
1272 3905 1441 3975 mihi
1491 3907 1796 3988 victoria,
1861 3907 2114 3976 vincia
2157 3907 2289 3976 mei
2328 3906 2597 3997 patroni
2635 3904 2764 3973 mi-

225 3994 506 4062 raculis.

234 4166 247 4178 ‚
311 4082 346 4165 ἓ
396 4087 481 4154 4.
545 4084 718 4165 Fuit,
779 4083 1024 4171 inquit,
1073 4083 1141 4150 in
1175 4082 1419 4155 diebus
1465 4084 1754 4153 Herodis
1788 4084 2029 4174 Regis:
2068 4089 2158 4154 Ne.
2207 4084 2485 4154 fallatur
2517 4081 2768 4169 aliquis

230 4189 315 4267 ln·
332 4172 778 4259 expositione,
815 4172 998 4259 quod
1049 4171 1285 4241 eodem
1328 4173 1609 4242 nomine
1650 4184 1934 4243 utantur
1974 4171 2360 4264 Evangelia.
2403 4173 2553 4241 Fuit
2583 4170 2769 4239 enim

226 4255 407 4355 alius
466 4260 789 4342 Herodes,
825 4262 946 4349 qui
999 4266 1517 4332 Praecursorem
1581 4261 1884 4343 sustulit,
1938 4274 2003 4331 et
2060 4262 2240 4332 alius
2281 4261 2394 4330 hic
2437 4258 2758 4333 Herodes,

224 4366 347 4430 qul
381 4345 663 4417 herbam
719 4349 1098 4419 demessuit
1146 4350 1554 4433 infantium,
1612 4351 1779 4420 dum
1837 4352 2104 4438 quaerit
2155 4350 2417 4441 spicam
2465 4347 2759 4439 pietatis.

225 4438 301 4501 In
359 4432 568 4523 hujus
627 4436 872 4510 diebus
926 4438 1055 4508 fuit
1086 4439 1370 4526 quidam
1413 4440 1732 4510 sacerdos
1784 4440 2062 4510 nomine
2101 4439 2481 4518 Zacharias,
2515 4448 2581 4507 et
2610 4436 2762 4526 ejus
