3357 4995
639 307 768 371 298
1279 321 1356 367 ns
1404 321 1460 367 s.
1513 318 1787 366 Ant-onio
1836 321 1875 365 A
1926 319 2132 367 mona
2180 319 2359 367 mcro
2737 302 2959 368 JUNII
3013 303 3099 368 ⁴3

551 410 738 478 enim
767 407 1042 499 regione
1065 418 1209 476 tum
1241 418 1375 476 tem
1430 405 1571 476 oris
1605 404 2040 493 potissimum
2073 406 2407 476 florebant
2438 405 2666 474 studia
2709 404 3099 488 literarum,

553 498 948 589 placuitque
993 495 1320 566 fratribus
1422 494 1765 574 ntonium,
1802 507 2126 581 tanquam
2165 517 2325 583 prae
2358 495 2646 565 caeteris
2695 495 2917 584 magis
2951 495 3107 564 ido-

552 609 786 667 neum,
841 585 982 654 illic
1025 583 1506 673 praelectorem
1564 579 2003 652 constituere.
2062 583 2246 652 Idem
2302 597 2533 652 autem
2584 583 2732 672 ipse
2786 583 2994 653 etiam
3028 584 3107 652 in

549 675 872 752 Aemiliae
921 673 1273 763 provincia
1305 694 1424 761 per
1455 672 1696 741 multis
1743 672 1948 741 annis
1996 672 2284 741 fratrum
2324 673 2630 743 Minister
2675 691 2837 742 curn
2891 672 3103 742 laude

552 764 701 834 suit.
747 764 882 834 Etsi
935 783 1093 831 vero
1139 761 1453 831 doctrina
1514 772 1581 829 et
1628 761 1832 829 verbo
1883 761 1947 828 in
2004 761 2199 830 Italia
2241 761 2346 829 vix
2396 783 2815 848 quemquam
2860 783 3104 851 parem

555 854 879 932 haberet,
942 864 1010 920 at
1061 849 1281 919 nihilo
1332 851 1566 918 minus
1619 850 1684 916 in
1738 872 1862 917 sua
1922 850 2348 939 praefectura
2409 850 2505 918 vel
2577 851 2868 920 Ministri
2932 850 3099 920 fun—

550 943 772 1012 ctione
823 940 994 1009 mire
1040 938 1482 1008 commodum
1525 950 1589 1006 et
1639 939 2025 1008 humanum
2063 961 2133 1008 se
2178 939 2568 1027 praebebat.

636 1034 673 1117 ξ
722 1035 864 1103 14.
919 1034 1083 1099 Cum
1144 1040 1373 1097 autem
1426 1027 1492 1095 in
1545 1027 1816 1095 civitate
1865 1026 2183 1096 Podiensi
2214 1028 2247 1057 ⁸
2287 1027 2667 1098 Guardiani
2717 1027 3105 1098 ministerio

550 1120 974 1209 fungeretur,
1027 1129 1171 1185 erat
1218 1115 1361 1185 illic
1409 1115 1718 1185 notarius
1747 1115 2030 1201 quidam
2081 1117 2367 1185 omnino
2402 1115 2740 1194 lubricus,
2794 1117 2984 1186 carni
3037 1130 3105 1186 et

554 1208 813 1277 mundo
864 1220 1045 1277 totus
1108 1204 1451 1274 addictus.
1505 1208 1674 1272 Eum
1728 1205 1996 1290 quoties
2051 1207 2443 1293 praeteriret
2496 1205 2598 1294 vir
2648 1206 2785 1283 Dei,
2843 1206 3104 1275 nudato

550 1297 772 1387 capite
819 1318 1049 1365 coram
1097 1293 1214 1362 illo
1247 1315 1431 1384 genu
1471 1293 1804 1361 flectebat.
1850 1293 1970 1362 Ille
2022 1316 2175 1362 vero
2224 1295 2626 1362 existimans
2659 1294 2725 1362 id
2764 1295 2830 1362 in
2868 1294 3104 1363 suiir-

552 1387 878 1455 risionem
937 1396 1001 1452 et
1057 1380 1546 1451 contumeliam
1601 1381 1772 1459 fieri,
1844 1383 2076 1451 animo
2118 1384 2696 1471 perturbabatur,
2756 1382 3104 1469 dabatque

552 1474 778 1544 modis
826 1472 1153 1541 omnibus
1193 1475 1497 1560 operam,
1559 1492 1641 1538 ne
1692 1470 1890 1539 illum
1943 1493 2250 1557 unquam
2288 1473 2565 1540 obvium
2613 1471 2915 1541 haberet.
2970 1472 3101 1540 Sed

550 1586 709 1632 cum
764 1562 874 1630 die
903 1560 1202 1648 quodam
1245 1559 1331 1628 ab
1369 1560 1716 1649 insperato
1745 1581 1901 1628 eum
1948 1561 2269 1629 transiret
2300 1562 2403 1628 tir
2432 1573 2738 1640 sanctus,
2770 1573 2835 1628 et
2871 1561 2984 1638 ita,
3024 1575 3105 1630 ut

550 1653 877 1728 diximus,
932 1672 1092 1749 erga
1145 1648 1339 1717 illum
1393 1669 1463 1715 se
1494 1662 1779 1736 gereret.
1833 1650 2277 1718 exacerbatus
2305 1650 2532 1728 bomo,
2572 1649 2787 1718 dixit:
2842 1650 2982 1719 Nisi
3013 1650 3099 1718 ti·
3182 1683 3188 1687 ·

553 1762 806 1808 merem
864 1739 971 1807 Dei
1027 1760 1225 1812 iram,
1279 1736 1509 1894 gladio
1558 1750 1618 1804 te
1671 1751 2120 1826 percuterem,
2176 1737 2357 1823 quod
2415 1739 2506 1806 ita
2559 1760 2664 1806 me
2721 1738 3095 1807 ridiculum

554 1829 746 1897 facis.
801 1827 976 1909 Quid
1029 1826 1159 1895 sibi
1213 1849 1296 1894 vu
1332 1840 1354 1894 t
1388 1825 1637 1906 isthmi,
1664 1826 1847 1912 quod
1898 1849 2127 1896 coram
2169 1849 2275 1894 me
2316 1827 2637 1916 poplitem
2685 1827 2941 1895 flectis?
2972 1831 3107 1895 Re-

556 1917 836 2006 spondit
871 1918 971 1984 vir
1010 1917 1279 1985 beatus:
1318 1938 1353 1980 «
1385 1919 1522 2003 Ego
1556 1936 1661 1982 me
1698 1914 1918 1984 libens
1957 1921 2085 1984 Deo
2119 1928 2487 2001 martyrem
2516 1916 2943 1992 obtulissem,
2980 1915 3099 1984 sed

559 2006 660 2074 illi
700 2028 832 2074 non
888 2005 1168 2095 placuit.
1225 2009 1313 2072 De
1353 2015 1415 2070 te
1461 2015 1689 2072 autem
1749 2003 1863 2071 ille
1915 1997 2085 2071 mihi
2148 2004 2486 2083 revelavit,
2554 2003 2983 2092 praeclarum
3036 2016 3099 2073 te

560 2109 930 2183 martyrem
986 2093 1334 2162 fore.,Oro
1387 2093 1634 2178 itaque,
1690 2106 1765 2160 ut
1812 2092 1931 2161 ubi
1967 2094 2051 2160 ad
2091 2094 2401 2180 martyrii
2451 2114 2739 2192 agonem
2780 2114 3100 2182 pervene-

559 2183 678 2263 ris,
727 2185 859 2251 mei
911 2204 1174 2250 memor
1210 2202 1356 2252 esse
1407 2180 1594 2249 velis,
1638 2204 1673 2245 »
1712 2186 1848 2250 Hoc
1898 2181 2012 2249 ille
2052 2182 2365 2260 audiens,
2404 2182 2574 2251 ristt.
2615 2188 2691 2249 At
2720 2203 2852 2250 non
2883 2181 3101 2252 multo

608 2287 713 2342 ost
764 2285 1065 2360 tempore
1117 2271 1496 2360 Episcopus
1530 2270 1882 2338 Podiensis
1932 2293 2089 2339 cum
2128 2270 2362 2340 multis
2410 2271 2566 2340 aliis
2614 2269 2960 2361 profectus
2999 2283 3101 2339 est

555 2360 1078 2448 ‚erosolyniam,
1133 2373 1211 2429 ut
1244 2358 1601 2427 Saracenis
1650 2358 1992 2427 Christum
2051 2358 2495 2446 praedicaret.
2534 2364 2608 2428 Et
2655 2381 2815 2428 ecce
2844 2360 3100 2427 divini-

555 2462 667 2520 tus
717 2462 1069 2540 permotus
1123 2449 1430 2518 notarius
1461 2447 1598 2527 ille,
1638 2447 1929 2518 venditis
1965 2447 2111 2519 suis
2145 2447 2350 2518 rebus
2397 2448 2747 2529 omnibuS,
2783 2469 2941 2518 cum
2982 2447 3101 2517 illo

553 2542 679 2609 iter
729 2541 1085 2630 ingressus
1132 2551 1254 2608 est.
1311 2542 1474 2605 Cum
1510 2550 1736 2605 autem
1794 2537 2256 2626 pervenissent
2289 2538 2369 2605 ad
2418 2543 2812 2617 Saracenos,
2846 2552 2911 2606 et
2940 2538 3101 2627 Epi—

552 2651 805 2718 scopus
854 2629 952 2697 sic
994 2627 1161 2696 satis
1212 2625 1458 2714 frigide
1493 2626 1774 2695 haberet
1819 2626 2207 2706 conciones,
2263 2626 2469 2694 semel
2521 2626 2800 2711 quidem
2851 2640 2914 2696 et
2976 2627 3101 2696 ite-

556 2741 705 2788 rurn
762 2732 826 2785 et
876 2716 1068 2785 tertio
1113 2715 1420 2784 notarius
1467 2714 1953 2784 dissimulavit.
2010 2721 2084 2783 At
2134 2715 2405 2784 tandem
2464 2716 2676 2786 instar
2726 2716 2903 2785 beati
2942 2711 3101 2782 Vin‘-

551 2806 758 2875 centii
790 2807 1096 2894 increpat
1122 2804 1521 2882 antistitem,
1550 2802 1732 2888 quod
1764 2803 1853 2871 ita
1874 2801 2121 2892 frigide
2143 2802 2348 2871 fidem
2376 2804 2619 2872 Christi
2654 2818 2720 2873 et
2751 2803 3099 2893 praedicet

550 2909 615 2963 et
660 2898 1081 2984 propugnet:
1138 2892 1508 2978 divinoque
1542 2891 1813 2960 afflatus
1848 2894 2119 2980 spiritu,
2158 2915 2317 2961 cum
2374 2892 2589 2961 multo
2646 2892 2904 2962 fervore
2950 2914 3103 2961 coe-

555 2984 654 3072 pit
703 2983 947 3051 docere
983 2988 1380 3053 Saracenos,
1437 2981 1781 3049 Christum
1834 3003 1982 3050 esse
2033 3002 2263 3049 verum
2320 2985 2528 3049 Deum
2581 2993 2645 3051 et
2693 2981 2807 3050 Dei
2842 2981 3094 3061 filium,

553 3071 1000 3140 Maliometem
1053 3083 1281 3138 autem
1351 3069 1571 3138 filiurn
1625 3090 1775 3138 esse
1825 3082 2101 3138 satanae
2139 3083 2205 3138 et
2307 3069 2688 3144 erditionis.
2752 3070 2941 3151 Quod
2995 3068 3100 3137 illi

554 3183 686 3229 non
743 3158 1055 3237 serenteS,
1117 3159 1395 3248 rapiunt
1428 3158 1805 3236 hominem,
1859 3169 1924 3226 et
1976 3180 2092 3248 per
2142 3159 2225 3226 tri
2281 3181 2449 3227 uum
2501 3158 2674 3227 diris
2721 3181 2879 3228 eum
2931 3180 3101 3247 sup-

605 3248 782 3316 liciis
831 3248 1246 3316 excruciant.
1286 3253 1592 3332 Cumque
1646 3248 1776 3314 'am
1845 3246 1929 3315 ad
1996 3260 2282 3315 mortem
2335 3247 2723 3325 duceretur,
2785 3247 3103 3337 exposuit

583 3336 880 3406 ratribus
916 3336 1282 3405 Antonium
1319 3334 1387 3403 id
1451 3268 1892 3423 praedixisse,
1917 3335 2098 3421 quod
2129 3336 2275 3424 ipse
2314 3336 3096 3424 martyrfuturusesset.

557 3427 703 3494 Fuit
749 3448 827 3495 ea
878 3448 985 3493 res
1034 3424 1289 3513 populo
1328 3424 1619 3504 occasi0‚
1656 3422 1869 3492 multa
1901 3423 2227 3514 deinceps
2264 3426 2635 3493 reverentia
2666 3425 2936 3494 beatum
2970 3429 3102 3493 An-

553 3517 820 3583 tonium
869 3512 1360 3603 prosequendi.

638 3608 674 3690 §
723 3610 863 3675 15.
923 3602 1272 3671 Fratribus
1310 3600 2062 3689 quandoque'(Arelate‚
2112 3600 2331 3689 Artes)
2363 3602 2429 3669 in
2469 3601 2822 3671 Provincia
2856 3601 2941 3669 ad
2974 3605 3100 3670 Ca-

553 3692 848 3782 pitulum
916 3691 1372 3781 congregatis,
1431 3691 1530 3757 vir
1580 3703 1863 3760 sanctus
1920 3690 2003 3758 de
2054 3689 2251 3761 titulo
2313 3691 2549 3759 Crucis
2597 3704 2660 3758 et
2709 3690 3106 3760 dulcissimi

554 3780 922 3851 Salvatoris
975 3779 1294 3868 passione
1336 3777 1759 3868 praeclaram
1811 3778 2055 3847 habuit
2084 3778 2512 3847 concionem.
2550 3783 2639 3847 Eo
2678 3792 2905 3848 autem
2938 3801 3105 3848 con-

550 3871 890 3949 cionante,
946 3868 1429 3939 sanctissimus
1495 3881 1685 3957 pater
1736 3867 2162 3946 FranciscuS,
2216 3868 2337 3953 qui
2390 3881 2533 3936 tum
2589 3868 2825 3957 procul
2868 3867 3106 3937 aberat

552 3981 618 4025 in
676 3958 810 4027 alia
863 3958 1161 4047 regione,
1224 3955 1390 4026 filiis
1438 3956 1584 4025 suis
1633 3956 1702 4023 in
1742 3960 1895 4025 aere
1946 3955 2248 4024 mirabili
2287 3955 2587 4041 quodam
2642 3956 2846 4026 modo
2885 3978 3104 4046 appa-

552 4048 713 4116 ruit.
773 4047 967 4116 Visus
1014 4047 1197 4114 enim
1241 4058 1343 4116 est
1383 4046 1504 4114 uni
1537 4066 1617 4114 ex
1667 4044 1830 4124 illis,
1867 4058 2193 4131 tanquam
2235 4045 2540 4114 brachiis
2570 4044 2656 4113 ad
2685 4065 2960 4115 crucem
2988 4066 3105 4114 ex-

553 4136 789 4214 tensiS,
835 4137 1019 4204 velut
1051 4134 1501 4225 approbando
1529 4154 1910 4205 sermonem
1949 4133 2245 4209 Antonii.
2287 4132 2595 4203 indicare
2632 4133 2800 4221 quid
2840 4138 3108 4202 Fratres

552 4223 969 4325 imitandum
1021 4225 1372 4313 suscipere
1411 4222 1760 4301 deberent,
1819 4221 2097 4308 illisque
2147 4222 2587 4303 benedicens,
2624 4222 2858 4292 Crucis
2893 4243 3111 4312 super

551 4336 666 4383 eos
715 4334 994 4403 slgnum
1031 4314 1434 4405 exprimere.

600 4442 625 4469 ¹⁸
655 4440 774 4483 Gall.
800 4443 973 4492 Pity-en·
986 4441 1125 4481 Vetate
1144 4438 1222 4492 (ex
1248 4439 1442 4488 nunqu·
1470 4439 1741 4478 vellavorum
1764 4433 1962 4482 colonia)
1981 4435 2031 4476 tn
2051 4436 2207 4477 Gaui·
2223 4437 2517 4486 Aquitanica.
