3357 4995
662 315 790 378 390
891 336 909 352 ·
1280 332 1357 376 οε
1407 331 1461 382 s.
1519 329 1810 378 BENNONE
1855 330 2150 378 msmmsl
2199 329 2395 378 ssrlsc.
2771 314 2994 378 JUNII
3047 314 3131 378 46

573 417 986 487 Testimonio
1057 416 1207 503 esus
1256 416 1355 484 rei
1418 425 1541 495 est,
1611 415 1798 502 quod
1865 415 2049 484 idem
2095 415 2252 484 fons
2319 437 2535 496 sacer,
2611 427 2677 484 et
2723 416 2924 484 vallis
2978 417 3130 506 ipsa

577 507 814 578 san'cta
861 505 930 573 in
982 439 1395 573 hodiernum
1466 526 1688 591 usque
1746 504 1930 574 diem
1988 506 2075 574 ab
2125 504 2368 574 incolis
2421 516 2893 595 nuncupatur.
2955 506 3131 575 Fecit
3175 517 3182 524 '

576 597 739 665 item
781 595 883 662 vir
934 594 1046 662 Dei
1081 592 1216 662 alia
1253 593 1457 662 etiam
1493 594 1565 661 in
1606 593 1844 662 eodem
1888 594 2034 662 loco
2069 593 2426 674 miracula,
2465 594 2725 681 quibus
2767 594 3010 663 rudem
3044 595 3133 663 ab

579 685 773 753 initio
824 682 1219 752 Sclavorum
1272 694 1543 772 gentem
1619 704 1757 750 non
1812 682 2038 751 solum
2098 683 2346 762 verb0,
2411 705 2649 752 verum
2698 684 2904 752 etiam
2957 682 3134 752 sacto

577 774 873 852 doceret,
925 782 1185 858 quanta
1232 783 1409 840 esset
1432 771 1590 839 fidei
1644 771 2068 840 Christianae
2117 772 2334 840 virtus
2381 794 2460 840 ac
2514 772 2838 862 potentia.
2879 777 3128 840 Verum

576 883 704 931 nos
754 883 942 930 more
991 872 1224 929 nostro
1265 859 1590 930 solidiora
1641 872 1909 928 tantum
1960 860 2470 960 amplectimur.

670 956 705 1036 ,ξ
758 954 922 1019 89.
979 952 1440 1035 Quamquam,
1482 962 1557 1016 ut
1591 948 1756 1028 dixi,
1797 948 1999 1017 multi
2029 949 2166 1017 d1vi
2195 951 2538 1019 Bennonis
2573 949 2908 1019 miracula
2955 972 3134 1036 quae

577 1039 767 1129 vulgi
817 1038 1251 1107 celebrantur
1299 1037 1759 1116 sermonibuS,
1813 1051 1876 1105 et
1925 1038 2263 1125 majorum
2300 1039 2662 1106 traditione
2688 1039 2774 1106 ad
2826 1047 3134 1128 posteros

583 1141 1066 1218 pervenerunt,
1108 1127 1220 1195 hic
1262 1127 1629 1215 praeterire
1678 1126 2047 1196 consilium
2096 1141 2219 1206 est,
2272 1149 2349 1194 eo
2400 1127 2696 1195 maxime
2738 1128 2924 1213 quod
2980 1129 3134 1197 bre-

583 1218 785 1286 vitate
833 1216 1218 1305 gaudemus
1252 1237 1526 1285 omnes:
1583 1214 1753 1283 illud
1794 1228 2018 1283 tamen
2042 1215 2128 1283 de
2175 1237 2352 1302 aqua
2398 1217 2554 1285 vino
2604 1215 2801 1294 facta,
2857 1228 2925 1284 et
2948 1215 3133 1284 Albis

532 1371 537 1376 .
585 1306 903 1384 transitu,
958 1306 1283 1390 quoniam
1338 1317 1603 1392 praeter
1628 1305 2022 1372 communis
2052 1305 2272 1372 famae
2307 1304 2866 1394 astipulationem
2920 1304 3133 1373 literis

582 1397 789 1462 etiam
842 1393 1167 1462 mandata
1216 1406 1399 1470 sunt,
1458 1394 1523 1460 in
1578 1393 2064 1479 antiquissimo
2115 1393 2232 1461 illo
2267 1395 2438 1461 vitae
2479 1415 2644 1462 suae
2694 1392 2963 1472 libello,
3009 1395 3131 1479 qui

581 1505 805 1571 nuper
855 1484 922 1549 in
977 1481 1322 1572 praedicto
1374 1482 1987 1570 Hyldesheymensi
2040 1483 2452 1550 monasterio
2502 1483 2650 1566 (ubi
2705 1483 2930 1572 prima
2961 1483 3128 1550 olim

586 1573 743 1640 fecit
792 1571 1122 1660 spiritalis
1161 1584 1548 1640 armaturae
1598 1570 1974 1660 stipendia)
2015 1571 2425 1640 miraculose
2474 1571 2792 1641 inventus
2839 1587 2961 1646 est,
3034 1584 3127 1638 ta-

584 1682 735 1728 cere
787 1682 920 1727 non
973 1661 1222 1730 ausim.
1263 1660 1597 1728 scribitur
1620 1659 1805 1726 enim
1858 1661 1926 1727 in
1977 1659 2214 1728 eodem
2267 1658 2465 1739 libro,
2505 1659 2688 1746 quod
2738 1659 3167 1727 cumdivus'

588 1756 818 1817 Benno
867 1749 977 1817 die
1025 1749 1323 1835 quadam
1363 1749 1445 1817 ad
1497 1749 1846 1837 operarios
1897 1749 1965 1817 in
2006 1761 2197 1837 prato
2245 1749 2540 1828 exiisset,
2588 1748 2727 1816 illis
2769 1749 2878 1818 siti
2919 1771 2997 1815 ac
3035 1747 3133 1815 la-

580 1841 743 1906 bore
784 1838 1105 1927 l'atigatiS‚
1161 1839 1358 1925 signo
1408 1838 1643 1905 Crucis
1696 1837 1876 1906 edito
1925 1859 2179 1923 aquam
2231 1838 2297 1903 in
2361 1839 2599 1906 vinum
2649 1837 3119 1906 commutarit.

581 1925 771 2008 Quod
824 1947 981 1994 cum
1027 1948 1197 2015 puer
1230 1949 1398 1995 suus
1447 1926 1976 1995 animadvertiss
2022 1940 2066 2004 t,
2101 1925 2304 1992 allata
2333 1926 2461 1995 sibi
2498 1925 2710 2003 unda,
2753 1931 2872 2002 En,
2928 1925 3124 2002 dixit,

586 2015 833 2084 faciam
870 2017 1046 2083 sicut
1096 2015 1421 2084 dominus
1472 2037 1689 2084 meus.
1747 2016 1874 2096 Qui
1928 2016 1994 2081 in
2027 2027 2382 2102 osrogatus
2430 2014 2762 2100 quidnam
2815 2014 3126 2082 fecisset:

586 2109 868 2173 Crucem
898 2160 913 2184 ‚
970 2103 1319 2193 respondit
1351 2159 1365 2183 ,
1420 2103 1717 2192 desuper
1763 2103 1998 2171 edidit.
2065 2109 2368 2188 Cumque
2413 2125 2579 2192 puer
2618 2102 2797 2170 idem
2851 2102 3126 2180 faceret,

586 2194 853 2261 meritis
906 2194 1081 2261 beati
1132 2193 1258 2260 viri
1305 2206 1368 2260 et
1427 2193 1554 2260 sim
1616 2190 1866 2260 licitate
1918 2193 2137 2281 pueri,
2177 2213 2356 2277 aqua
2421 2214 2574 2260 mox
2625 2192 2762 2258 vini
2815 2213 3130 2281 saporem

584 2281 834 2350 induit.
878 2286 1043 2350 Cum
1093 2294 1319 2349 autem
1365 2280 1510 2367 jam
1596 2282 1692 2348 ies
1718 2280 1802 2348 ad
1838 2303 2159 2350 occasum
2196 2280 2519 2359 tenderet,
2559 2293 2623 2348 et
2668 2279 2870 2349 divus
2901 2285 3132 2348 Benno

581 2385 765 2439 recta
816 2370 919 2438 via
974 2392 1093 2458 per
1128 2382 1403 2459 pontem
1454 2369 1538 2437 ad
1580 2370 1919 2438 civitatem
1976 2370 2324 2457 pervenire
2376 2390 2508 2437 non
2561 2381 2808 2458 posset,
2870 2370 2996 2438 iter
3044 2369 3128 2436 ad

580 2460 895 2548 proxima
936 2459 1121 2529 Albis
1162 2461 1419 2528 fluenta
1460 2459 1756 2538 deflexit,
1794 2473 1858 2528 et
1891 2464 2100 2528 Cruce
2130 2480 2202 2527 se
2239 2459 2584 2537 muniem,
2624 2457 2912 2526 fluvium
2947 2458 3131 2529 sicco

579 2549 751 2638 pede
802 2549 1259 2637 pertransivit.
1330 2548 1523 2630 Quod
1574 2548 1814 2616 videns
1865 2549 2164 2616 rusticus
2214 2547 2525 2633 quidam,
2590 2548 2707 2634 qui
2758 2568 2917 2615 eum
2967 2569 3130 2616 cum

498 2696 501 2701 .
580 2636 890 2737 plaustro
941 2637 1119 2706 foeni
1158 2638 1594 2723 sequebatur,
1636 2637 1953 2724 protinus
2007 2658 2126 2725 per
2175 2658 2424 2721 aquam
2485 2638 2836 2704 insecutus
2885 2649 3011 2715 est,
3069 2650 3134 2703 et

580 2726 952 2796 incolumis
997 2727 1401 2796 transvexit:
1444 2731 1673 2793 Benno
1723 2739 1949 2794 autem
2002 2724 2361 2795 audaciam
2416 2725 2717 2793 hominis
2770 2725 3134 2792 vehemen-

581 2829 679 2884 ter
731 2817 1123 2905 increpanS‚
1181 2814 1537 2905 prohibuit
1571 2826 1714 2882 turn
1758 2836 1842 2883 ne
1890 2814 1956 2881 id
1995 2813 2298 2903 amplius
2338 2814 2607 2891 faceret,
2663 2826 2808 2881 tum
2864 2836 2944 2879 ne
2983 2814 3131 2881 cui-

581 2926 793 2989 quam
830 2904 1010 2990 quod
1065 2904 1320 2972 sactum
1372 2916 1517 2971 erat
1571 2926 1648 2969 eo
1700 2904 1962 2971 vivente
2011 2902 2371 2991 detegeret.
2419 2902 2687 2970 Solebat
2736 2914 2963 2969 autem
3023 2902 3127 2969 vir

584 2994 696 3060 Dei
748 3013 1252 3077 nonnunquam
1294 2991 1557 3060 orando
1608 2991 2141 3078 meditandoque
2188 3013 2223 3058 a
2282 3014 2389 3060 ros
2437 2991 2752 3059 circuire:
2816 2991 2909 3058 ibi
2966 3013 3129 3058 cum

579 3081 957 3166 aliquando
996 3082 1191 3169 juxta
1242 3079 1565 3171 paludem
1617 3080 1992 3166 quamdam
2030 3102 2237 3169 garru
2271 3103 2309 3147 a
2361 3080 2623 3148 limosis
2678 3101 2842 3147 rana
2894 3091 3135 3147 coaxat

579 3171 803 3255 aquis:
839 3192 922 3237 ne
962 3168 1541 3258 contemplantem
1579 3168 2086 3247 interturbaret,
2127 3168 2509 3258 Seriphiam
2545 3190 2693 3235 esse
2711 3168 2934 3255 jubet.
2973 3183 3137 3237 sunt

577 3260 766 3327 enim
820 3260 890 3325 in
944 3258 1253 3347 Seripho*
1303 3279 1509 3324 ranae
1588 3280 1828 3325 omnes
1893 3257 2173 3344 quidem
2227 3270 2478 3325 mutae.
2554 3256 2919 3325 Paululum
2975 3257 3136 3324 inde

572 3361 1009 3436 transgresso
1045 3347 1225 3414 venit
1257 3347 1327 3413 in
1368 3359 1665 3414 mentem
1718 3347 2018 3414 Danielis
2059 3345 2230 3414 illud
2268 3369 2280 3411 :
2341 3346 2709 3415 Benedicent»
2743 3357 2872 3413 cece
2905 3356 2964 3411 e!
2997 3370 3134 3412 om-

576 3439 695 3503 m'a
743 3460 917 3525 quae
974 3446 1319 3503 moventur
1368 3438 1436 3502 in
1485 3438 1682 3525 aquis
1746 3438 2037 3503 Domino:
2091 3435 2451 3502 benedicite
2511 3456 2726 3502 omnes
2782 3436 3024 3501 bestiae
3073 3446 3134 3501 et

574 3548 818 3614 pecora
866 3528 1157 3593 Domina
1195 3525 1469 3591 Timens
1519 3524 1733 3613 igitur
1779 3546 1863 3591 ne
1901 3524 2070 3592 forte
2104 3523 2360 3611 gratior
2405 3528 2593 3609 {esset
2657 3528 2788 3590 Deo
2852 3521 3134 3591 illarum

580 3625 826 3683 cantus
875 3636 1083 3699 quam
1135 3635 1262 3681 sua
1294 3614 1533 3693 orati0,
1587 3613 1686 3681 eis
1719 3613 1967 3681 iterum
2020 3611 2392 3691 mandavit,
2432 3624 2774 3697 quatenus
2808 3624 3138 3681 consueta

580 3724 744 3770 voce
803 3708 1014 3771 Deum
1065 3701 1468 3771 laudarent:
1528 3723 1723 3787 quae
1780 3698 1931 3769 mox
1982 3721 2265 3789 campos
2313 3712 2376 3769 et
2453 3703 2609 3768 aera
2658 3700 2948 3769 stridore
3009 3721 3138 3768 suo

581 3792 864 3877 garrulo
915 3791 1371 3881 repleverunt.

667 3882 701 3964 ξ
750 3884 922 3951 30.
980 3881 1295 3949 Proditus
1331 3894 1474 3949 tum
1532 3879 1638 3946 his
1691 3892 1833 3946 tum
1870 3877 2026 3945 aliis
2079 3884 2307 3945 Benno
2350 3876 2731 3955 miraculis
2771 3877 3139 3944 veliemen-

580 3980 681 4035 ter
729 3968 913 4057 apud
975 3992 1045 4038 se
1093 3969 1393 4050 erubuit,
1453 3968 1724 4047 timenS,
1781 3988 1866 4034 ne
1917 3966 2085 4035 forte
2127 3966 2314 4034 unde
2372 3964 2709 4034 celebrior
2742 3964 2889 4033 fieri
2966 3966 3139 4033 inei-

584 4058 981 4146 peretapud
1039 4059 1354 4127 homines
1392 4058 1544 4147 ejus
1595 4056 1899 4125 nominis
1947 4055 2151 4135 fama,
2207 4054 2370 4122 inde
2417 4054 2604 4143 apud
2656 4059 2865 4122 Deum
2913 4055 3139 4144 magis

581 4144 954 4225 vilesceret,
1000 4148 1265 4216 dicente
1307 4144 1658 4236 Apostolo:
1696 4148 1773 4213 Sz·
1809 4145 2030 4211 adhuc
2065 4144 2438 4211 hominibus
2478 4146 2838 4232 placerem,
2887 4144 3145 4211 Christi

579 4255 810 4301 servus
857 4261 985 4305 non
1020 4261 1223 4306 essem
1254 4238 1438 4324 (Gal.
1486 4240 1561 4316 1).
1595 4239 1687 4301 Ne
1720 4234 1932 4321 igitur
1975 4230 2332 4319 popularis
2380 4253 2588 4300 aurae
2621 4231 3139 4300 assectatorha-

580 4321 877 4403 beretur‚
917 4326 1118 4395 tacito
1154 4347 1388 4394 secum
1435 4323 1575 4412 egit
1605 4321 1895 4390 consilio
1929 4341 2232 4406 quonam
2269 4320 2710 4410 potissimum
2756 4320 2959 4389 modo
2999 4320 3138 4387 fre-

578 4412 932 4495 quentiam
963 4415 1323 4483 hominum
1359 4412 1634 4490 evitare,
1671 4422 1736 4478 et
1771 4410 1839 4477 in
1875 4408 2179 4479 solitario
2206 4408 2438 4495 aliquo
2471 4407 2620 4477 loeo
2640 4408 3133 4490 delitescendO,
