3357 4995
669 328 797 390 276
1405 342 1482 388 DE
1531 342 1586 388 s.
1643 340 1965 388 Honorino
2015 341 2285 388 suumn
2766 324 2986 388 JUNII
3048 323 3123 386 12

580 429 768 520 petii.
807 433 1111 514 Cumque
1142 426 1575 498 vehementer
1611 425 2054 505 laborassem,
2116 448 2260 499 non.
2300 426 2488 514 potui
2524 425 2648 494 boc
2690 426 2790 494 eis
2839 448 3126 516 persua-

582 519 746 586 dere
775 542 787 584 :
843 517 960 586 sed
995 515 1484 605 respondentes
1515 515 1689 583 mihi
1723 515 2080 584 dixerunt:
2135 538 2169 578 «
2203 519 2266 583 Is
2298 515 2447 592 scit,
2479 515 2599 600 qui
2646 515 2963 583 omnium
3001 536 3129 583 no-

581 608 678 675 vit
727 606 1028 675 nomina.
1085 610 1417 674 Memento
1465 619 1694 673 autem
1749 604 1987 683 nostri,
2044 603 2270 680 frater,
2321 615 2394 672 ut
2455 602 2651 693 digni
2699 604 2952 684 siinuS,
3055 604 3130 672 ui

581 718 708 765 nos
758 695 1049 764 invicem
1103 694 1458 763 videamus
1501 694 1564 761 in
1609 692 1815 761 domo
1863 693 2002 761 Dei.
2058 692 2265 761 Stude
2311 711 2498 782 erge,
2553 691 2798 761 dilecte
2844 692 2970 772 fili,
3049 717 3132 762 u-

581 806 738 874 gere
789 782 1029 852 mundi
1082 783 1512 861 tentationeS,
1572 804 1656 850 ne
1689 782 1775 850 ab
1805 783 1904 850 eis
1936 781 2276 860 illudaris,
2312 781 2589 867 quando
2622 782 2904 867 quidem
2939 782 3126 850 mul-

582 887 686 942 tos
727 884 889 941 sunt
922 871 1339 941 ludificatae.
1373 901 1393 930 n
1437 875 1603 940 Cum
1644 872 1809 938 baec
1849 885 2073 939 autem
2109 892 2189 939 ex
2236 870 2336 938 eis
2384 870 2829 946 audivissem,
2866 870 3133 970 procidi

582 961 666 1030 ad
703 983 938 1030 eorum
992 961 1221 1050 pedes.
1259 960 1386 1040 Qui
1421 981 1582 1028 cum
1632 960 1802 1027 mihi
1858 959 2384 1037 benedixissent,
2433 959 2520 1027 ab
2554 959 2652 1027 eis
2688 958 2827 1027 abii
2865 963 2930 1027 in
2964 982 3131 1048 paco

584 1052 722 1118 Dei.
759 1049 1250 1118 Praedixerunt
1279 1060 1505 1116 autem
1541 1048 1716 1116 mihi
1741 1047 2078 1134 quaedam
2108 1048 2265 1128 alia,
2298 1070 2474 1133 quae
2504 1049 2673 1116 mibi
2698 1048 3123 1117 acciderunt.

673 1143 708 1226 ξ
759 1144 889 1210 12.
945 1144 1110 1207 Cum
1163 1149 1390 1206 autem
1442 1137 1527 1205 ab
1567 1137 1665 1204 eis
1713 1137 2061 1217 abiissem,
2106 1136 2458 1206 ambulavi
2508 1158 2648 1205 uno
2696 1137 2806 1205 dic
2860 1160 2978 1226 per
3027 1137 3131 1204 in-

584 1229 902 1297 teriorem
970 1226 1437 1295 solitudinem.
1517 1229 1824 1311 Cumque
1874 1227 2206 1294 venissem
2281 1226 2361 1294 ad
2439 1224 2842 1315 speluncam
2920 1224 3130 1294 sontis

587 1339 845 1403 aquae,
907 1316 1046 1383 illic:
1115 1315 1298 1392 sedi,
1370 1329 1442 1384 ut
1523 1336 1851 1406 arumper
1912 1316 2404 1400 requiescerem
2471 1337 2510 1382 a
2560 1313 2793 1383 labore
2835 1314 3124 1382 itineris.

583 1411 740 1474 Erat
787 1417 1011 1473 autem
1048 1404 1240 1472 locus
1289 1403 1371 1470 ad
1426 1405 1441 1470 i
1525 1417 1753 1492 aptus,
1800 1416 1875 1472 ut
1926 1404 2045 1489 qui
2096 1405 2277 1472 circa
2332 1402 2523 1471 illum
2561 1402 2816 1472 sontem
2872 1402 3126 1472 multas

583 1494 866 1563 haberet
904 1495 1181 1563 arbores
1223 1492 1460 1581 plenas
1511 1491 1872 1561 fructibus.
1919 1496 2081 1562 Cum
2124 1514 2274 1561 vero
2312 1514 2556 1581 parum
2590 1492 3031 1577 quievissem,
3069 1504 3135 1559 et

585 1581 1060 1658 surrexissem,
1114 1580 1399 1649 circuivi
1442 1582 1508 1648 in
1564 1581 1789 1650 medio
1837 1580 2187 1661 arborum,
2235 1580 2591 1649 admirans
2626 1582 2934 1670 ipsorum
2984 1579 3133 1650 fru-

587 1685 822 1740 ctuum
866 1670 1403 1746 multitudinem,
1456 1682 1521 1737 et
1568 1670 1878 1756 cogitans
1910 1693 1948 1737 a
2004 1669 2095 1739 ud
2138 1692 2265 1746 me,
2305 1670 2629 1755 quisnam
2680 1681 2855 1739 esset
2906 1669 2962 1738 is
3010 1670 3136 1755 qui
3195 1688 3200 1692 ·

585 1758 707 1827 illo
743 1759 887 1827 loco
938 1760 1379 1848 plantaverat.
1436 1763 1643 1826 Erant
1692 1771 1917 1826 autem
1980 1772 2216 1827 ructus
2249 1758 2523 1827 illarum
2585 1759 2911 1826 arborum
2956 1758 3137 1826 mul-

587 1861 693 1916 tae
733 1849 1025 1936 palmae,
1081 1848 1257 1926 citri,
1302 1848 1576 1937 punica,
1615 1847 1996 1935 sycamina,
2050 1848 2340 1937 zizipha,
2379 1861 2443 1914 et
2493 1847 2682 1925 vites,
2741 1846 2913 1916 aliae
2962 1867 3136 1932 quo-

589 1959 724 2036 que
773 1957 1097 2008 amoenae
1130 1937 1407 2005 arbores
1437 1949 1499 2004 et
1533 1935 1923 2024 frugiferae,
1961 1958 2258 2021 quarum
2312 1948 2559 2025 gustus
2589 1951 2691 2006 est
2740 1934 2941 2004 melle
2981 1933 3139 2003 dul-

488 2043 494 2048 ·
587 2048 754 2093 cior.
811 2025 932 2094 His
980 2025 1395 2094 accedebant
1458 2025 1664 2112 myrti
1735 2046 2056 2111 quoque,
2110 2038 2174 2092 et
2227 2024 2401 2093 aliae
2451 2024 2676 2092 variae
2725 2024 3004 2093 arbores
3066 2024 3134 2091 in

589 2114 816 2182 medio
865 2136 1127 2192 earum,
1181 2136 1356 2200 quae
1407 2112 1547 2180 illic
1595 2114 1765 2184 sitae
1803 2127 2019 2192 erant,
2068 2136 2349 2183 suavem
2391 2113 2680 2183 ‘odorem
2719 2113 3130 2182 emittentes.

591 2201 713 2270 Ille
759 2224 1031 2288 quoque
1072 2200 1226 2272 fons
1262 2225 1340 2270 ex
1391 2225 1462 2269 se
1514 2214 1804 2281 scatens,
1858 2215 1922 2270 et
1977 2224 2217 2271 omnes
2266 2201 2420 2271 illas
2468 2202 2747 2272 arbores
2806 2202 3130 2291 irrigans,

592 2292 763 2360 adeo
803 2304 878 2359 ut
933 2291 1395 2360 existimarem
1460 2311 1618 2359 eum
1668 2312 1816 2359 esse
1868 2291 1978 2358 Dei
2049 2290 2472 2379 paradisum.
2530 2295 2697 2359 Cum
2746 2312 2909 2380 ergo
2963 2289 3133 2358 illud

588 2380 970 2448 admirarer
1000 2402 1031 2448 s
1085 2380 1495 2458 ectaculum‚
1534 2378 1671 2446 vidi
1719 2392 2016 2466 quatuor
2048 2379 2513 2448 adolescentes
2556 2379 2808 2448 hilares
2840 2392 2904 2448 et
2936 2379 3138 2447 valde

591 2470 936 2559 speciosos
975 2403 1080 2537 ati3
1095 2491 1204 2538 me
1254 2468 1491 2559 procul
1524 2469 1891 2549 venientcS,
1937 2468 2326 2539 succinctos
2378 2468 2676 2557 pellibus
2710 2468 2965 2538 ovium.
3005 2467 3135 2550 Qui

591 2580 752 2628 cum
804 2560 1523 2648 appropinquassent,
1595 2557 1962 2627 dixerunt:
2047 2558 2238 2627 Salve
2303 2558 2509 2629 frater
2571 2558 2941 2647 Paphnuti.
3000 2561 3137 2646 Ego

590 2660 818 2716 autem
857 2648 1169 2736 protinus
1220 2648 1412 2717 humi
1444 2647 1661 2715 cecidi
1714 2647 1781 2715 in
1832 2646 2101 2727 faciem,
2134 2661 2197 2714 et
2227 2668 2341 2715 eos
2369 2659 2751 2737 veneratus
2779 2668 2961 2715 sum.
3003 2646 3135 2727 Qui

588 2759 749 2803 curn
801 2759 908 2804 mc
945 2737 1339 2813 erexissent,
1384 2758 1650 2804 mecum
1692 2735 2040 2814 sederunt,
2080 2735 2162 2803 ed
2207 2735 2414 2803 locuti
2466 2758 2711 2806 sumus
2754 2735 2929 2803 inter
2981 2755 3130 2802 nos.

590 2830 798 2894 Erant
848 2847 1001 2894 vero
1052 2836 1237 2893 tanta
1285 2823 1502 2913 gloria
1573 2825 1904 2914 insign'eS,
1975 2837 2050 2892 ut
2105 2846 2231 2913 ego
2295 2825 2758 2893 existimarem
2822 2846 2940 2892 eos
2988 2844 3141 2891 esse

594 2912 910 3003 AngeloS,
952 2925 1016 2982 et
1047 2913 1486 2982 descendisse
1519 2912 1602 2983 de
1635 2913 1846 2981 coelo.
1879 2918 2139 3007 Mecum
2173 2925 2401 2981 autem
2442 2934 2693 3002 magna
2725 2925 2886 2980 sunt
2916 2911 3143 2980 affecti

593 3000 871 3080 laetitia,
912 3001 971 3070 el
1023 3001 1344 3073 collectos
1384 3002 1651 3070 fructus
1699 3023 1779 3069 ex
1836 3001 1975 3070 illis
2024 3002 2389 3072 arboribus
2441 3002 2612 3070 mihi
2660 3000 3001 3069 dederunt
3053 3000 3142 3068 ad

596 3089 1031 3168 vescendum,
1079 3103 1143 3158 et
1190 3090 1515 3158 laetatum
1566 3103 1666 3160 est
1699 3112 1816 3158 cor
1867 3111 2121 3170 meum,
2160 3112 2239 3158 eo
2280 3090 2462 3176 quod
2513 3113 2639 3179 ego
2688 3090 2773 3158 ab
2826 3090 2924 3157 eis
2985 3088 3144 3156 dili-

593 3199 810 3267 gerer.
838 3251 844 3259 ,
868 3179 1218 3265 Mansique
1252 3178 1434 3268 apud
1475 3178 1628 3249 illos
1658 3191 1917 3268 septem
1951 3178 2121 3259 dies,
2161 3201 2442 3248 vescens
2477 3179 2817 3248 fructibus
2848 3177 3140 3246 illarum

597 3266 949 3335 arborum.
1950 3296 1960 3313 ·

689 3356 718 3441 ,ξ
764 3359 902 3427 18.
942 3356 1194 3445 Rogavi
1223 3368 1448 3424 autem
1482 3377 1631 3424 eos:
1668 3354 2081 3437 «Quomodo
2108 3357 2244 3425 huc:
2274 3355 2577 3435 venistis,
2601 3367 2665 3425 et
2691 3355 2875 3424 unde
2895 3356 3141 3423 estis?»

597 3444 735 3533 Ipsi
787 3466 942 3513 vero
1002 3444 1489 3534 respondentes
1541 3444 1711 3512 mihi
1772 3443 2131 3514 dixerunt:
2188 3470 2222 3509 «
2256 3450 2505 3524 Frater,
2573 3444 3143 3531 quandoquidem

595 3537 772 3601 Deus
825 3545 884 3601 te
921 3533 1106 3604 misit
1144 3533 1229 3602 ad
1267 3555 1412 3613 nOS,
1451 3554 1727 3602 omnem
1768 3545 2070 3602 nostram
2101 3534 2228 3603 'tibi
2265 3535 2472 3602 vitam
2507 3533 2970 3603 narrabimus.
3013 3537 3144 3602 Nos

596 3643 844 3690 sumus
890 3643 969 3691 ex
1008 3622 1275 3693 civitate
1336 3644 1513 3708 quae
1560 3622 1817 3691 dicitur
1874 3623 2387 3711 Oxyrrynchos:
2430 3623 2645 3691 nostri
2695 3644 2849 3691 vero
2903 3643 3144 3711 paren-

599 3724 719 3789 teS,
768 3723 930 3779 sunt
959 3724 1304 3780 senatores
1338 3710 1524 3780 illius
1563 3711 1880 3781 civitatis.
1924 3716 2092 3782 Cum
2133 3724 2359 3780 autem
2396 3711 2464 3779 in
2495 3710 2771 3780 illorum
2812 3711 3024 3779 literis
3056 3711 3144 3778 ab

595 3800 695 3867 eis
747 3800 1283 3881 institueremur,
1346 3801 1469 3868 uni
1521 3800 1796 3869 scholae
1855 3801 2108 3879 traditi,
2181 3800 2411 3869 literas
2458 3799 2739 3887 quidem
2793 3800 3145 3888 pedestres

597 3887 994 3957 didicimus,
1051 3893 1217 3957 Cum
1263 3910 1415 3957 vero
1449 3889 1651 3957 etiam
1688 3889 2111 3979 superiorem
2167 3888 2691 3958 inchoassemus
2730 3887 3143 3966 doctrinam,

595 3977 664 4045 in
703 3998 914 4045 unam
950 3978 1402 4049 convenimus
1455 3979 1902 4051 sententiam,
1964 3983 2091 4047 Deo
2144 3978 2341 4047 nobis
2389 4000 2588 4067 opem
2642 3977 2896 4046 serente
2945 3976 3031 4045 ad
3077 3976 3149 4044 id

595 4064 778 4151 quod
830 4077 931 4133 est
977 4065 1245 4146 meliuS,
1298 4080 1361 4135 et
1411 4067 1780 4137 statuimus
1832 4068 1981 4154 ejus
2044 4088 2319 4154 quoque
2367 4067 2629 4136 discere
2697 4066 3140 4155 sapientiam,

597 4159 690 4223 Ex
743 4152 856 4223 illo
902 4176 1063 4244 ergo
1088 4168 1387 4245 tempore
1438 4177 1562 4224 nos
1610 4155 1918 4242 quotidie
1950 4170 2189 4226 mutuo
2224 4157 2595 4226 excitantes
2625 4154 2711 4224 ad
2755 4156 2968 4224 animi
3007 4154 3149 4223 ala—

597 4244 933 4322 critatem,
988 4258 1052 4312 et
1099 4243 1360 4314 bonum
1410 4267 1697 4333 scopum
1746 4246 2075 4315 habentes
2128 4246 2195 4311 in
2249 4244 2501 4315 nostris
2565 4244 2941 4321 cordibus,
2997 4256 3147 4312 stu-

599 4331 973 4419 dentesque
1025 4333 1248 4402 locum
1309 4334 1654 4413 invenire,
1708 4347 1772 4403 et
1825 4355 2077 4422 paucos
2137 4332 2286 4402 dies
2335 4334 2708 4420 quiescere,
2761 4333 2976 4401 donec
3019 4333 3150 4400 sci-

600 4442 833 4491 remus
907 4422 1019 4491 Dei
1084 4422 1168 4491 de
1234 4422 1432 4492 nobis
1504 4423 2043 4512 providentiam,
2099 4424 2398 4523 acceptjs
2470 4424 2829 4491 nobiscum
2900 4421 3145 4511 paucis
