3357 4995
254 312 470 381 JUNII
522 317 603 381 48
995 333 1075 381 ΒΕ
1125 337 1179 382 s.
1236 334 1502 384 monuo
1552 340 1626 385 m·
1675 337 1813 386 soc.
1867 339 2057 385 MART.
2595 325 2724 388 455

259 418 615 499 suffixum,
667 440 870 506 quem
905 419 1162 489 Pilatus
1194 421 1342 510 ipse
1376 422 1787 509 inquisitum
1838 422 2156 513 flagelliS,
2194 434 2259 492 et
2291 423 2531 493 Judaei
2590 425 2811 515 alapis

258 509 725 578 verberarunt.
781 509 956 590 Quin
998 509 1199 577 etiam
1240 512 1678 598 Imperatoris
1721 512 1938 581 nostri
1982 511 2234 581 milites
2286 512 2638 582 veneficiis
2666 515 2814 583 suis

260 596 548 687 decepit,
601 609 665 666 et
696 598 780 666 ad
834 597 1117 667 Galilaei
1165 597 1469 668 hominis
1512 599 1702 669 illius
1748 600 2149 690 religionem
2203 603 2499 681 attraxit,
2555 624 2811 689 eosque

262 686 439 756 albis
487 687 786 756 vestibus
835 687 1138 766 indutOS,
1179 688 1454 756 tertium
1496 689 1641 776 jam
1695 689 1876 758 diem
1919 689 2101 779 apud
2147 712 2218 758 se
2268 690 2494 772 habet,
2549 703 2614 759 et
2665 713 2812 760 ma-

264 777 483 845 ximos
530 776 691 844 deos
725 789 992 846 nostros
1034 777 1374 865 reprobat.

347 869 384 951 §
428 869 508 935 8.
563 871 753 934 Tunc
821 865 1162 933 Adrianus
1196 869 1473 934 Praeses
1521 865 1751 935 furore
1797 889 2154 946 accensus,
2197 867 2415 956 jussit
2468 868 2808 938 militibus

263 976 431 1040 quos
480 975 715 1022 secum
770 954 1084 1032 babebat,
1125 967 1198 1022 ut
1235 967 1367 1023 tres
1395 953 1548 1024 illos
1597 957 2156 1043 comprehenSOS,
2198 968 2397 1024 caute
2430 957 2499 1024 in
2541 980 2813 1026 carcere

262 1042 707 1122 custodirent,
760 1042 987 1129 quoad
1055 1055 1212 1110 ante
1277 1042 1603 1111 Tribunal
1673 1044 2100 1113 sisterentur.
2161 1049 2492 1114 Fecerunt
2556 1046 2811 1117 milites

262 1132 443 1218 quod
468 1132 647 1221 jussi
683 1130 976 1210 fuerant,
1028 1143 1092 1199 et
1132 1131 1447 1201 homines
1499 1134 2059 1221 comprehenSOS,
2117 1133 2184 1201 in
2247 1156 2590 1202 carcerem
2644 1157 2811 1204 con-

248 1221 587 1309 jecerunt.
642 1221 964 1290 Leontius
1007 1241 1160 1288 vero
1218 1243 1336 1309 per
1373 1233 1587 1290 totum
1620 1221 1800 1290 diem
1848 1244 1981 1291 non
2036 1222 2372 1291 desistens
2421 1224 2656 1313 magni
2695 1224 2812 1292 Dei

263 1309 466 1378 fidem
528 1323 591 1377 et
629 1310 1013 1378 doctrinam
1068 1308 1205 1376 illis
1254 1309 1564 1378 tradere:
1621 1311 1907 1399 «Agite,
1971 1311 2218 1397 inquit,
2274 1310 2537 1392 fratreS,
2605 1324 2815 1381 estote

264 1398 491 1478 forteS‚
546 1410 609 1466 et
658 1419 736 1466 co
790 1398 969 1479 itate,
1013 1411 1403 1487 praesentes
1451 1399 1799 1468 cruciatus
1854 1421 2094 1489 parvos
2142 1422 2312 1478 esse,
2368 1413 2432 1469 et
2480 1401 2563 1468 ad
2613 1401 2813 1471 breve

265 1500 557 1575 tempusss
599 1509 732 1577 gau
791 1487 928 1556 ium
977 1509 1129 1555 vero
1178 1485 1348 1555 illud
1410 1499 1473 1555 et
1511 1488 2018 1574 jucunditatem
2073 1490 2563 1578 sempiternam
2624 1489 2812 1559 futu-

263 1598 436 1644 ram.
469 1580 704 1662 Itaque
738 1577 794 1644 si
827 1597 948 1644 nos
984 1576 1095 1643 hic
1129 1575 1548 1644 nefariorum
1600 1577 1966 1646 hominum
2002 1578 2296 1666 injur-ias
2349 1579 2802 1658 sustinemuS,

266 1665 407 1733 illic
458 1665 759 1750 requiem
810 1677 1206 1755 perpetuam
1252 1665 1755 1733 inveniemus»
1789 1671 1988 1734 Nocte
2039 1688 2193 1735 vero
2237 1667 2460 1756 coepit
2511 1666 2813 1757 psalmo-

264 1776 416 1821 rum
471 1776 709 1821 versus
745 1753 897 1821 illos
946 1775 1235 1821 canere:
1292 1759 1463 1821 Deus
1510 1765 1730 1822 noster
1765 1757 1832 1822 in
1881 1757 2058 1823 coelo
2104 1767 2163 1823 ct
2198 1759 2262 1823 in
2317 1767 2522 1836 terra,
2560 1759 2808 1836 omnia,

267 1866 724 1932 quaecumque
756 1844 994 1921 votuit,
1031 1844 1215 1930 fecit,
1255 1848 1426 1911 Deus
1455 1845 1577 1932 qui
1606 1846 1996 1932 praecinoee't
2025 1867 2129 1912 me
2161 1848 2430 1925 virtute,
2487 1857 2547 1913 et
2589 1848 2814 1935 posuit

266 1933 777 2000 immaculatam
858 1934 1036 2000 viam
1094 1954 1335 1999 meam.
1392 1935 1556 1999 Cum
1620 1954 1776 2001 vero
1844 1932 1990 2001 dies
2040 1933 2401 2012 illuxisset,
2470 1934 2815 2003 Adrianus

271 2024 547 2088 Praeses
581 2021 647 2087 in
688 2019 1015 2089 tribunali
1064 2020 1333 2100 sedens,
1376 2020 1588 2110 jussit
1642 2021 1725 2088 ad
1791 2042 1861 2088 se
1918 2021 2076 2091 duci
2139 2023 2518 2100 Leontium,
2567 2024 2815 2092 Tribu-

272 2130 580 2194 numque
619 2121 682 2177 et
731 2109 1185 2180 Tlieodulum.
1241 2109 1369 2190 Qui
1431 2131 1590 2177 cum
1644 2122 1914 2196 praesto
1971 2125 2241 2180 essent:
2296 2116 2507 2188 Tune,
2586 2112 2811 2198 inquit

268 2202 569 2276 Praese5‚
613 2199 931 2266 Leontius
977 2202 1099 2269 es?
1150 2203 1309 2286 Ego,
1364 2199 1592 2284 inquit
1639 2198 1776 2274 ille,
1835 2199 1978 2287 ipse
2032 2222 2212 2268 sum.
2267 2205 2433 2267 Tum
2486 2205 2807 2268 Praeses:

269 2285 476 2373 Cujus
510 2284 819 2355 fortunae
851 2299 916 2355 et
962 2286 1376 2356 conditionis
1417 2288 1621 2356 homo
1668 2291 1791 2355 es?
1831 2288 2184 2368 Quomodo
2222 2287 2449 2378 pravis
2484 2300 2546 2355 et
2598 2288 2810 2356 male-

270 2373 420 2441 ficis
471 2375 817 2445 veneficiis
852 2376 988 2445 tuis
1039 2375 1291 2444 milites
1330 2376 1416 2444 ab
1450 2381 1864 2465 Imperatore
1901 2389 2133 2445 nostro
2167 2376 2620 2464 subripuisti?
2652 2382 2802 2456 Eos,

267 2462 577 2549 inquam,
632 2465 748 2551 qui
802 2486 1073 2554 semper
1128 2487 1286 2534 cum
1355 2470 1768 2554 Imperatore
1831 2477 2064 2534 nostro
2111 2478 2325 2546 erant,
2383 2464 2804 2554 subripienS‚

264 2551 507 2632 fecisti,
564 2566 638 2623 ut
686 2555 772 2634 ei,
826 2576 1029 2640 quem
1088 2567 1162 2622 tu
1216 2559 1423 2622 Deum
1470 2553 1685 2634 dicis,
1739 2553 2114 2623 crederent.
2173 2553 2549 2643 Respondit
2598 2559 2813 2622 Leon-

265 2641 449 2711 tius:
506 2648 708 2731 «Ego
765 2642 1011 2711 Christi
1074 2644 1208 2711 mei
1257 2665 1410 2711 sum
1464 2642 1699 2711 miles:
1753 2665 1878 2733 ego
1928 2665 2081 2711 sum
2149 2643 2339 2711 illius
2391 2665 2585 2710 verae
2635 2641 2810 2712 lucis

264 2729 475 2811 filius,
515 2732 637 2816 qui
689 2730 1038 2800 illuminat
1084 2754 1358 2801 omnem
1413 2731 1760 2806 bominem
1816 2731 2192 2799 venientem
2249 2733 2316 2800 in
2365 2731 2557 2800 ‘hunc
2607 2754 2813 2799 mun-

266 2818 462 2895 dum.
502 2821 741 2889 Omnis
767 2821 888 2905 qui
938 2820 1117 2890 venit
1147 2820 1230 2889 ad
1269 2821 1446 2888 hanc
1476 2819 1727 2900 lucem,
1769 2843 1898 2888 non
1935 2821 2239 2889 offendit.
2280 2820 2418 2888 Scit
2456 2820 2807 2888 Tribunus

266 2921 330 2976 et
364 2908 779 2988 TlieoduluS,
833 2931 1009 2995 quae
1058 2910 1146 2978 sit
1194 2910 1404 2998 hujus
1438 2909 1726 2978 luminis
1767 2910 1957 2999 origo
1989 2922 2050 2978 et
2104 2909 2444 2997 perfecti0‚
2501 2908 2812 2977 Christus

272 2996 626 3066 videlicet:
683 3002 918 3084 Itaque
956 2999 1469 3086 dereliquerunt
1519 2997 1683 3067 deos
1743 3010 1916 3077 tuos,
1971 3021 2007 3067 e
2058 2997 2288 3088 ligniS,
2347 2998 2698 3087 lapidibus
2745 3010 2810 3066 et

270 3085 677 3154 animalium
721 3088 995 3157 ossibus
1015 3086 1380 3157 confectos:
1411 3087 1669 3177 quippe
1707 3087 1825 3174 qui
1879 3086 2156 3176 fragiles
2193 3099 2377 3166 sunt,
2414 3100 2477 3155 et
2525 3087 2811 3156 commi-

273 3175 391 3242 nui
443 3174 639 3243 facile
677 3189 1034 3264 possunt.»
1080 3182 1247 3246 Cum
1297 3182 1572 3245 Praeses
1632 3177 1940 3246 audisset
1991 3177 2342 3245 Leontium
2405 3187 2540 3244 tam
2595 3175 2812 3244 libera

267 3264 571 3331 oratione
596 3276 923 3346 utentem,
978 3264 1207 3334 furore
1239 3266 1733 3344 inflammatus,
1783 3265 2127 3354 praecepit
2158 3264 2393 3344 serviS,
2447 3276 2523 3333 ut
2571 3266 2810 3333 verbe-

268 3352 464 3422 ribus
512 3354 865 3423 Leontium
919 3354 1147 3444 ipsum
1221 3354 1743 3423 contunderent.
1799 3359 1873 3423 At
1921 3354 2035 3422 ille
2100 3376 2259 3421 cum
2313 3353 2805 3433 verberaretur,

264 3441 507 3510 erectis
539 3443 609 3509 in
644 3442 911 3510 coelum
953 3442 1199 3512 oculis:
1235 3466 1270 3508 «
1300 3448 1510 3524 Tune,
1550 3443 1795 3530 inquit,
1840 3442 2155 3522 Adriane,
2195 3453 2396 3532 putas
2422 3443 2807 3511 cruciatum

268 3529 440 3597 mihi
492 3531 756 3611 afferre,
813 3532 931 3618 qui
966 3532 1259 3617 teipsum
1312 3533 1624 3601 crucias?
1659 3555 1696 3597 »
2273 3612 2278 3617 q

354 3620 391 3703 ξ
440 3623 533 3688 θ.
590 3623 754 3688 Cum
809 3642 963 3689 vero
1026 3620 1220 3689 illum
1258 3620 1597 3689 Adrianus
1645 3620 1927 3689 vidisset
1987 3619 2286 3689 cruciari
2332 3618 2638 3706 quidem,
2693 3617 2813 3687 sed

270 3707 337 3774 in
374 3707 621 3777 Christi
670 3707 1098 3777 consessione
1127 3722 1516 3779 constanter
1567 3731 1991 3800 permanere,
2040 3708 2239 3777 illurn
2271 3708 2484 3797 jussit
2539 3708 2606 3775 in
2661 3729 2814 3776 car—

266 3817 488 3863 cerem
542 3796 728 3877 duci,
790 3809 855 3866 et
906 3797 990 3866 ad
1043 3798 1424 3867 Tribunum
1476 3820 1554 3867 ac
1604 3798 2035 3868 Theodulum
2087 3818 2502 3866 conversus:
2563 3802 2811 3879 Quare,

266 3882 530 3970 inquit,
590 3908 707 3956 vos
756 3888 1013 3975 patrios
1075 3899 1332 3957 vestros
1381 3909 1606 3956 mores
1663 3887 2036 3977 abjecistis,
2107 3887 2174 3954 in
2238 3886 2495 3973 quibus
2542 3884 2817 3954 educati

269 3973 454 4053 estis,
493 3986 558 4042 et
604 3973 928 4044 derelicto
970 3975 1251 4045 militari
1300 3975 1667 4065 stipendi0,
1708 3976 2112 4065 Imperatori
2154 3988 2386 4045 nostro
2438 3996 2816 4043 moerorem

274 4063 614 4150 parastis?
662 4069 833 4133 Tum
901 4064 1004 4133 illi
1070 4063 1610 4154 responderunt:
1665 4087 1702 4129 «
1737 4065 1943 4135 Nobis
1991 4064 2195 4134 datus
2253 4076 2354 4134 est
2403 4064 2627 4153 paniS,
2700 4062 2821 4151 qui

269 4152 586 4219 consumi
641 4175 777 4223 non
830 4164 1069 4243 potest,
1123 4153 1383 4241 quique
1429 4176 1467 4222 e
1504 4153 1695 4224 coelo
1750 4152 2126 4233 descendit,
2179 4163 2245 4223 et
2295 4152 2433 4221 vini
2483 4151 2817 4243 poculum

271 4258 308 4304 e
345 4235 551 4308 latere
598 4240 913 4312 altissimi
969 4242 1083 4312 Dei
1138 4255 1522 4332 acceptum:
1580 4263 1707 4334 pro
1755 4241 1895 4312 illis
1943 4252 2172 4311 autem
2226 4241 2581 4321 carnibus,
2641 4261 2820 4327 quae

269 4329 696 4417 corruptioni
731 4332 1077 4422 subjectae
1126 4343 1313 4412 sunt,
1370 4353 1624 4422 corpus
1672 4331 1830 4421 puri
1865 4342 1932 4400 et
1961 4330 2154 4400 omni
2189 4329 2465 4400 macula
2521 4327 2818 4399 carentis

270 4415 440 4507 Agni
515 4418 711 4488 nobis
782 4420 1016 4490 datum
1090 4433 1215 4492 est.
1255 4444 1291 4487 »
1344 4426 1513 4489 Tum
1573 4419 1956 4490 Adrianus:
2030 4424 2212 4500 Ista,
2279 4419 2558 4505 inquit,
2622 4416 2818 4487 vobis
