3357 4995
185 364 367 431 JUNII
412 364 451 427 6
940 382 1017 428 nn
1068 381 1120 426 s.
1174 380 1535 430 Notum-:nro
1581 382 1878 431 Errscoro
2474 367 2597 430 ⁴65

187 466 304 546 Dei,
335 477 391 535 et
438 467 814 535 immensas
841 466 1097 554 gratias
1136 488 1349 556 agens
1382 473 1539 542 Deo,
1579 470 1928 536 animatur
1954 467 2037 536 ad
2071 467 2677 557 praedicationem.

191 561 253 623 Et
281 558 402 644 jam
453 556 681 623 sciens
721 567 785 623 et
835 577 1283 644 praesumens
1317 555 1400 625 de
1442 557 1788 625 voluntate
1823 558 1961 634 Dei,
1998 556 2337 625 circuibat
2370 555 2677 636 castella,

190 644 348 713 villas
389 657 451 712 et
491 643 771 733 oppida,
812 644 1221 733 praedicans
1267 659 1332 714 et
1380 645 1839 714 reconcilians
1899 644 2076 713 male
2125 644 2564 722 dissidentes,
2621 659 2686 713 et

191 733 514 801 inveterata
562 732 720 800 odia
769 745 833 800 et
882 733 1060 802 bella
1092 733 1174 800 ad
1218 755 1453 822 pacem
1506 734 1865 804 reduc-ens.
1905 734 2137 802 Securi
2187 747 2382 802 erant
2417 734 2501 801 de
2530 755 2687 822 gra-

190 821 261 888 tia
290 823 407 896 Dei,
462 821 579 907 qui
634 821 846 890 servis
879 822 1025 890 suis
1058 822 1440 911 provideret
1486 844 1662 909 quae
1714 836 1943 892 essent
1979 823 2388 890 necessaria.
2448 821 2687 890 Fixum

188 910 436 978 enimin
494 923 716 978 mente
752 910 1105 989 habente&
1137 912 1301 997 quia
1355 933 1508 1000 pere
1566 912 1697 978 rini
1746 925 1810 979 et
1864 911 2166 1000 hospites
2215 923 2445 978 essent
2477 931 2689 998 super

186 1012 391 1067 terram
426 1054 442 1078 ,
514 1020 636 1067 nec
678 997 830 1067 'ulla
876 998 1157 1085 quidem
1210 1004 1369 1068 nota
1418 1022 1526 1068 am
1582 1000 1819 1069 itionis
1871 999 2245 1089 perstringi
2317 1011 2682 1088 poterant,

181 1108 439 1171 quorum
491 1100 627 1157 tota
662 1109 817 1177 spes
866 1088 950 1156 de
997 1087 1186 1157 coelo
1236 1088 1597 1178 pendebat.
1636 1094 1712 1156 In
1749 1101 1936 1157 tanta
1986 1088 2199 1176 igitur
2229 1087 2691 1155 admiratione

176 1189 227 1243 et
265 1176 616 1244 dilectione
643 1176 826 1266 apud
868 1198 1107 1245 omnes
1133 1198 1280 1246 csse
1308 1188 1705 1266 coeperunt,
1747 1190 1820 1245 ut
1853 1191 2293 1262 quocumque
2329 1177 2457 1243 iter
2484 1195 2690 1264 agen-

176 1277 257 1334 tes
297 1286 360 1332 sc
411 1278 769 1340 verterent,
804 1286 960 1332 cum
1015 1265 1195 1334 villis
1244 1278 1362 1333 aut
1408 1266 1652 1334 castris
1696 1267 2265 1354 propinquarent,
2307 1264 2510 1332 etiam
2567 1286 2688 1354 pa-

174 1365 377 1430 stores,
437 1354 692 1422 relictis
755 1353 1101 1440 gregibus,
1164 1355 1429 1423 concito
1489 1376 1705 1424 cursu
1755 1354 2254 1442 praevenirent,
2293 1366 2359 1420 et
2458 1352 2688 1442 opulis

177 1462 370 1510 servos
421 1443 539 1509 Dei
578 1440 897 1510 advenire
925 1442 1320 1511 clamarent.
1361 1448 1549 1512 Tunc
1593 1464 1746 1511 vero
1777 1464 2157 1530 campanae
2196 1441 2392 1532 pulsa
2452 1455 2682 1521 antur,
2733 1453 2743 1462 “

178 1541 311 1598 tunc
355 1552 741 1600 concursus
791 1531 1051 1619 populi,
1094 1532 1321 1600 omnis
1372 1553 1597 1610 sexus,
1634 1532 1863 1600 omnis
1925 1532 2189 1609 aetati3‚
2243 1531 2472 1598 omnis
2521 1551 2689 1598 con-

174 1618 423 1690 ditionis
474 1619 867 1688 catervatim
918 1619 1003 1687 ad
1052 1619 1413 1687 ecclesiam
1464 1620 1846 1700 confluens,
1915 1620 2277 1690 Missarum
2329 1618 2691 1687 solemnia

177 1704 435 1776 libenter
485 1708 831 1786 audiebat,
871 1719 934 1775 et
963 1708 1324 1777 verborum
1375 1709 1881 1777 exhortationes
1931 1731 2008 1776 ac
2064 1707 2321 1776 monita
2356 1706 2688 1776 libentius

172 1797 589 1886 suscipiebat.
657 1801 806 1866 Post
853 1818 1238 1865 sermonem
1292 1809 1517 1865 autem
1573 1819 1706 1864 non
1765 1797 2034 1865 modica
2097 1796 2269 1864 facta
2324 1795 2692 1864 collatione

169 1882 239 1951 de
280 1885 729 1954 confessionis
776 1884 1339 1971 frequentatione,
1390 1885 1472 1953 de
1521 1886 1788 1976 agenda
1833 1885 2271 1974 poenitentia,
2319 1883 2404 1952 de
2454 1885 2692 1973 conju-

206 1972 297 2049 iis‚
349 1974 435 2042 de
490 1973 1046 2062 proprietatibus,
1113 1986 1177 2042 et
1223 1973 1566 2060 quomodo
1629 1974 1748 2060 qui
1801 1975 2195 2043 moriuntur
2246 1974 2312 2040 in
2366 1974 2504 2052 eis,
2572 1972 2691 2040 de-

165 1995 343 2130 §eant
375 2062 669 2132 salvari:
725 2061 807 2130 de
844 2063 1170 2131 omnibus
1224 2063 1355 2142 his,
1389 2062 1700 2148 inquam,
1731 2063 1888 2131 dato
1929 2078 1993 2132 et
2020 2074 2298 2152 accepto
2329 2083 2684 2151 respons0,

161 2152 274 2220 sub
325 2173 675 2240 vesperam
733 2150 1005 2219 tandem
1068 2151 1151 2219 ad
1212 2151 1588 2240 hospitium
1652 2151 2056 2220 ducebatur.
2127 2151 2484 2220 Gaudebat
2535 2172 2691 2220 vero

161 2259 276 2306 non
331 2240 624 2316 modice,
672 2238 1075 2325 felicemque
1110 2261 1182 2308 se
1220 2263 1298 2308 ac
1342 2245 1471 2308 Deo
1509 2238 1802 2328 dignum
1837 2240 2198 2329 judicabat
2224 2239 2340 2325 qui
2376 2261 2532 2307 eum
2567 2240 2693 2307 ho-

158 2327 344 2416 spitio
394 2329 749 2416 suscipere
793 2330 1204 2397 merebatur.
1243 2329 1593 2397 Interdum
1648 2342 1872 2397 autem
1928 2328 2108 2397 alius
2145 2329 2458 2396 trahebat
2509 2327 2689 2395 asel-

158 2413 311 2508 lum,
350 2417 539 2484 alius
586 2417 892 2504 rapiebat
941 2416 1134 2484 aselli
1170 2419 1575 2507 capistrum,
1613 2417 1794 2487 alius
1855 2418 1919 2485 vi
1967 2417 2317 2486 detinebat
2356 2418 2690 2505 juvenem

158 2503 338 2572 illum
404 2526 615 2592 quem
666 2505 887 2573 solum
943 2507 1284 2576 habebant
1332 2507 1416 2574 ad
1467 2506 1760 2574 asellum
1798 2506 2354 2576 custodiendum.
2400 2505 2507 2573 Sic
2560 2506 2690 2572 ita-

154 2614 270 2676 que
308 2594 625 2680 undique
672 2596 1239 2681 pertranseundO,
1282 2595 1534 2664 multos
1583 2596 1671 2664 ab
1720 2616 1948 2664 errore
1999 2594 2380 2672 revocabat,
2425 2607 2489 2662 et
2529 2614 2692 2682 poe-

159 2681 501 2751 nitentiam
547 2682 868 2761 suadens,
917 2683 1168 2753 multos
1197 2684 1579 2752 retrahebat
1615 2706 1655 2751 a
1694 2684 2005 2761 crimine,
2058 2682 2310 2751 multos
2343 2682 2549 2750 etiam
2586 2681 2693 2750 di-

159 2771 541 2841 scordantes
576 2770 660 2838 ad
711 2772 1148 2840 concordiam
1183 2772 1571 2843 reducebat.
1612 2777 1891 2861 Propter
1938 2773 2105 2840 haec
2153 2785 2218 2839 et
2271 2770 2378 2838 his
2428 2768 2692 2839 similia

162 2869 399 2929 tantum
442 2880 749 2928 amorem
800 2873 863 2928 et
912 2861 1200 2950 gratiam
1250 2860 1331 2928 ad
1391 2860 1725 2950 populum
1777 2860 2066 2929 contulit
2094 2860 2155 2928 ei
2194 2865 2391 2938 DeuS‚
2432 2870 2507 2927 ut
2538 2859 2695 2928 visu

159 2957 212 3013 et
251 2948 556 3035 alloquio
603 2948 756 3034 ejus
806 2949 912 3018 vix
962 2950 1193 3019 satiari
1228 2950 1385 3035 quis
1436 2963 1685 3039 posset,
1725 2960 1789 3017 et
1830 2952 1972 3038 ipse
2010 2962 2195 3018 tanta
2247 2947 2488 3037 populi
2524 2947 2693 3017 cha-

163 3035 334 3105 ritate
386 3049 758 3116 teneretur‚
798 3052 873 3106 ut
922 3039 1136 3107 multo
1178 3050 1504 3128 tempore,
1575 3038 1808 3106 relicto
1857 3037 2305 3106 ecclesiarum
2358 3037 2687 3127 hospitio,

164 3127 370 3207 potius
424 3126 636 3214 recipi
688 3125 885 3195 vellet
943 3126 1008 3194 in
1072 3127 1297 3195 medio
1347 3127 1628 3195 urbium
1688 3138 1751 3193 et
1813 3139 2221 3205 castrorum,
2276 3126 2394 3194 ubi
2445 3147 2695 3193 omnes

162 3212 589 3283 adventantes
642 3215 937 3305 benigne
990 3228 1055 3282 et
1112 3216 1397 3283 comiter
1442 3215 1806 3303 exciperet.
1851 3220 2004 3283 Erat
2055 3227 2402 3305 praeterea
2456 3213 2525 3281 in
2583 3213 2693 3282 his

164 3304 470 3373 omnibus
507 3325 721 3392 supra
779 3325 985 3389 quam
1024 3303 1161 3372 dici
1192 3304 1292 3371 vel
1335 3304 1520 3372 credi
1559 3304 1795 3393 possit,
1840 3305 2105 3393 patiens
2155 3302 2225 3371 in
2268 3302 2545 3391 vigiliis,
2585 3323 2693 3370 se-

162 3385 349 3484 dulus
392 3395 467 3460 in
506 3392 762 3471 labore,
799 3393 1143 3480 gratiosus
1181 3392 1246 3459 in
1294 3393 1539 3471 verbiS‚
1594 3400 1833 3481 gratus
1867 3405 2176 3483 aspectu,
2219 3392 2564 3481 benignus
2621 3391 2690 3458 in

166 3480 525 3568 simplices,
564 3502 843 3551 severus
877 3481 943 3547 in
979 3480 1205 3549 hostes
1237 3481 1598 3549 Ecclesiae.

222 3568 269 3651 ’ὃ
312 3575 459 3641 14.
516 3569 810 3659 Contigit
847 3568 1147 3656 quadam
1200 3568 1332 3648 die,
1400 3592 1559 3639 cum
1624 3571 1947 3640 transiret
1998 3592 2118 3658 per
2177 3568 2525 3655 quoddam
2579 3590 2694 3636 ca-

164 3662 387 3736 strum,
440 3662 683 3727 Fossas
743 3657 1043 3736 nomine,
1084 3657 1233 3726 fieri
1293 3680 1713 3728 concursum
1765 3659 2153 3737 hominum,
2210 3670 2345 3725 tam
2401 3656 2690 3725 clerico-

165 3759 297 3809 rum
331 3767 544 3832 quam
574 3745 933 3827 laicorum,
974 3746 1327 3817 insolitum
1363 3747 1511 3836 ejus
1544 3746 1814 3815 vivendi
1845 3746 2128 3815 modum
2158 3745 2688 3823 admirantium,

163 3841 217 3895 et
255 3853 329 3901 eo
374 3835 673 3903 maxime
719 3834 899 3920 quod
950 3856 1152 3920 quem
1206 3836 1472 3904 socium
1524 3847 1906 3925 acceperat,
1946 3835 2119 3904 bene
2167 3834 2528 3923 cognitum
2576 3833 2696 3900 ha-

163 3912 403 4014 berent.
454 3922 920 4012 Intelligentes
967 3934 1196 3992 autem
1246 3944 1407 3991 eum
1457 3924 1866 3993 concordiae
1928 3938 1993 3992 et
2055 3923 2246 4011 pacis
2312 3944 2391 3990 ex
2440 3920 2695 3990 collata

162 4007 273 4075 sibi
326 4013 546 4099 gratia
578 4034 618 4079 a
656 4016 806 4091 De0‚
839 4032 989 4082 esse
1021 4012 1539 4091 administrum,
1575 4013 1824 4081 obnixe
1874 4033 2113 4101 rogare
2159 4024 2560 4100 coeperunt,
2617 4023 2693 4079 ut

159 4098 327 4182 apud
370 4121 487 4167 eos
536 4099 844 4185 requiem
874 4100 1226 4200 paulisper
1263 4112 1559 4189 caperet,
1600 4113 1981 4169 asserentes
2034 4101 2101 4168 in
2149 4100 2389 4168 eadem
2419 4100 2698 4187 regione

159 4180 438 4255 funestis
470 4188 649 4256 odiis
698 4200 762 4257 et
808 4188 1020 4257 atroci
1050 4189 1395 4258 discordia
1445 4189 1781 4274 quosdam
1838 4189 2176 4269 laborare,
2222 4210 2440 4276 eaque
2488 4190 2699 4256 causa

161 4290 282 4340 non
336 4275 569 4345 minus
595 4276 947 4365 sexaginta
975 4298 1123 4346 esse
1161 4289 1520 4366 peremt05‚
1553 4299 1678 4345 nec
1707 4300 1746 4345 a
1773 4299 2156 4365 quoquam,
2201 4298 2357 4346 cum
2393 4298 2431 4344 a
2460 4274 2699 4345 multis

158 4358 490 4450 religiosis
534 4378 600 4433 et
648 4365 1039 4452 potentibus
1078 4365 1354 4454 jamdiu
1395 4365 1781 4434 laboratum
1847 4379 2046 4443 esset,
2109 4364 2414 4454 potuisse
2455 4363 2699 4432 sarciri

160 4451 616 4522 concordiam.
656 4458 961 4539 Cumque
1004 4454 1200 4524 multi
1231 4454 1356 4522 hac
1383 4453 1467 4522 de
1503 4476 1572 4523 rc
1606 4454 1822 4523 multa
1856 4453 2321 4541 loquerentur,
2358 4473 2489 4520 non
2526 4472 2694 4519 casu
