3357 4995
635 303 760 369 384
1260 320 1338 366 nn
1386 321 1441 367 s.
1498 318 1784 368 BENNONE
1833 320 2130 370 msNaNffl
2177 319 2376 367 masc.
2741 303 2963 369 JUNII
3018 306 3104 369 ⁴6

636 403 673 487 ,ξ
719 405 852 474 n.
903 404 1141 470 Atrum
1207 400 1392 470 enim
1443 399 1897 483 daemonem,
1963 401 2078 472 cui
2138 422 2391 471 nomen
2471 400 2955 481 Zeernebock‚
3027 404 3102 471 in

547 491 752 579 cujus
802 498 1126 580 potestate
1175 488 1359 557 mala
1394 510 1544 559 esse
1591 489 1987 570 credebant,
2029 489 2342 561 devotius
2391 489 2850 571 honorabant,
2899 492 3107 561 noxia

550 578 1017 669 deprecantes
1090 581 1335 647 Zeerne
1381 578 1567 647 enim
1635 578 1943 668 nigrum,
2009 579 2192 649 Bock
2241 599 2399 647 vero
2447 577 2590 647 sive
2640 580 2834 661 Bohu
2883 583 3104 650 Deum

547 666 736 757 apud
786 689 902 738 eos
950 663 1318 767 significat.
1373 667 1495 735 His
1551 666 1849 757 singulis
1910 667 2171 758 singuli
2219 666 2430 736 dicati
2477 678 2675 736 erant
2721 667 3099 750 FlamineS,

546 771 612 825 et
660 756 846 826 varia
878 754 1378 827 sacrificiorum
1429 755 1826 838 libamenta,
1865 769 2011 825 tum
2054 755 2416 845 multiplex
2447 754 2807 846 religionis
2832 757 3096 828 cultuS.

547 850 736 927 Quae
781 857 1109 931 tanquam
1161 843 1637 934 superstitiosa
1696 856 1762 913 et
1800 843 2020 913 relatu
2070 843 2356 935 indigna
2413 844 2729 914 consulto
2772 847 3106 935 praeteri-

549 956 730 1004 mus.
769 939 845 1003 In
899 933 1239 1002 emiscens
1286 931 1501 1022 igitur
1538 932 2021 1033 pientissimus
2054 946 2244 1024 pater
2290 938 2545 1014 Benno,
2584 933 2921 1005 miserum
2974 957 3105 1024 po-

600 1022 792 1092 ulum
896 1042 1264 1091 aemonum
1303 1022 1693 1112 praestigiis
1733 1022 1827 1091 ita
1876 1022 2028 1113 rapi
2118 1022 2538 1112 raecipitem‚
2592 1022 2801 1091 officii
2852 1045 2932 1092 ac
2982 1023 3106 1093 de-

545 1044 671 1180 fiili
724 1109 1088 1200 pastoralis
1139 1131 1286 1179 esse
1352 1121 1542 1180 ratus
1589 1123 1713 1190 est,
1774 1111 1996 1180 caecis
2089 1132 2319 1191 umen,
2374 1112 2600 1200 aegris
2651 1111 2973 1191 salutem,
3035 1126 3106 1181 et
3139 1185 3154 1201 ,

546 1200 941 1270 errantibus
975 1199 1153 1267 viam
1195 1199 1572 1268 ostendere.
1629 1199 1750 1268 Cui
1798 1200 2077 1286 quidem
2130 1212 2271 1268 tam
2311 1201 2532 1270 sancti
2579 1201 2770 1290 operi
2819 1223 2983 1270 cum
3026 1223 3103 1272 se

548 1301 765 1360 totum
836 1287 1239 1367 devovisset,
1306 1300 1371 1357 et
1417 1288 1762 1377 sapienter
1824 1287 2107 1375 quidem
2160 1290 2382 1377 primo
2455 1289 2639 1358 lenia
2687 1288 3102 1360 vulneribus

548 1377 849 1446 fomenta
897 1375 1258 1456 adhibenS‚
1314 1375 1547 1465 plures
1593 1375 1818 1447 indies
1869 1378 2188 1446 comitate
2237 1378 2578 1447 sermonis
2619 1380 2730 1448 sui
2779 1377 2865 1446 ad
2908 1379 3105 1446 Chri-

551 1477 736 1536 stum
781 1465 1174 1535 reduceret:
1227 1465 1591 1534 insidiator
1628 1465 1949 1535 diabolus
1989 1465 2271 1537 moleste
2318 1464 2542 1535 ferens
2592 1468 3102 1536 inauctoratam

552 1555 685 1623 sibi
723 1553 1016 1643 plebem,
1059 1554 1347 1642 mystica
1394 1549 1669 1644 aspergi
1730 1554 1942 1634 unda,
1995 1568 2062 1624 et
2109 1577 2148 1623 a
2192 1557 2437 1625 castris
2486 1555 2632 1625 suis
2672 1556 2821 1624 fieri
2870 1569 3103 1625 trans-

550 1646 790 1732 fugam
839 1643 1303 1732 (permittente
1348 1643 1652 1722 Domino,
1701 1665 1839 1730 quo
1878 1645 2095 1715 virtus
2135 1645 2314 1712 servi
2355 1645 2469 1712 Dei
2521 1644 2864 1714 humanae
2920 1645 3108 1713 vitae
3159 1664 3165 1668 ·

550 1730 881 1801 fluctibus
939 1732 1192 1822 agitata
1240 1754 1353 1800 ma
1403 1733 1460 1800 is
1512 1731 2055 1820 inclaresceret),
2109 1733 2297 1801 aliud
2351 1731 2454 1800 illi
2508 1734 2857 1822 negotium
2909 1732 3097 1812 feeit,

552 1820 897 1906 tantisque
944 1843 1102 1889 eum
1152 1821 1347 1910 impu
1382 1821 1431 1889 it
1471 1821 1993 1911 tempestatibus
2039 1834 2104 1889 et
2155 1820 2496 1911 procellis,
2530 1837 2606 1891 ut
2637 1823 2872 1892 relicta
2915 1821 3106 1891 Scla-

552 1930 792 1977 vorum
844 1912 1012 1978 cura
1058 1921 1334 1978 coactus
1384 1909 1471 1979 sit
1518 1909 1665 1978 vela
1719 1909 1939 1979 ventis
1991 1910 2440 1979 committere.
2498 1915 2575 1979 Et
2610 1912 2776 1998 quia
2824 1931 3106 1979 summa

554 2000 576 2066 i
632 1998 777 2068 sius
826 1997 1043 2066 virtus
1075 2010 1141 2066 et
1185 1998 1570 2076 constantia
1619 2010 1785 2068 tunc
1836 1997 2276 2088 potissimum
2311 2011 2616 2089 spectata
2657 1999 2787 2068 suit
2843 2000 3108 2088 (quan-

603 2085 928 2172 oquidem
968 2085 1321 2175 explorant
1350 2085 1634 2156 adversa
1686 2087 1917 2173 viros),
1963 2086 2217 2156 idcirco
2253 2110 2387 2156 non
2440 2088 2905 2177 injucundum
2956 2087 3110 2157 fore

554 2188 744 2266 put0,
794 2175 851 2242 si
892 2186 1139 2243 statum
1189 2175 1590 2244 eorumdem
1628 2190 2018 2265 temporum
2057 2175 2506 2265 explicavero.
2562 2182 2703 2246 Non
2736 2177 2924 2245 enim
2977 2199 3105 2266 pa-

554 2286 711 2334 rum
763 2262 963 2332 refert
989 2263 1096 2352 (ut
1127 2263 1265 2332 dici
1314 2262 1627 2351 solemia
1663 2286 1839 2350 quae
1872 2265 2167 2351 quisque
2216 2278 2520 2353 tempora
2555 2266 2897 2334 inciderit.

643 2356 679 2439 ξ
727 2354 866 2424 18.
920 2352 1245 2421 Omnium
1296 2353 1601 2442 primum
1637 2366 2100 2442 tempestuosa
2146 2375 2226 2420 ea
2273 2353 2573 2423 reddidit
2623 2366 2953 2444 tempora,
3003 2353 3107 2422 sa-

558 2441 1027 2513 mosissimum
1065 2439 1236 2510 illud
1270 2442 1668 2511 saxonicum
1719 2442 2001 2523 bellum,
2037 2442 2222 2528 quod
2255 2465 2416 2513 cum
2467 2444 2761 2513 Henrico
2795 2448 2922 2513 1111
2951 2465 3104 2513 ma-

555 2554 690 2632 gna
730 2532 1058 2616 utrinque
1086 2531 1301 2599 animi
1326 2531 1703 2620 pertinacia
1732 2545 2000 2622 gestum
2026 2546 2149 2601 est.
2184 2537 2228 2599 Α
2259 2554 2397 2618 quo
2424 2531 2581 2602 licet
2603 2538 2834 2602 Benno
2862 2546 3102 2602 noster

556 2620 870 2689 innoxias
911 2620 1226 2690 habuerit
1275 2642 1544 2698 manus,
1592 2621 1798 2689 vicini
1848 2633 2075 2689 tamen
2105 2621 2409 2689 incendii
2459 2621 2778 2691 flammas
2809 2622 3107 2690 evadere

557 2731 692 2778 non
737 2710 998 2798 potuit:
1053 2707 1154 2776 vel
1202 2709 1291 2777 ob
1339 2709 1467 2777 hoc
1505 2730 1752 2788 unum,
1797 2709 2007 2795 quod,
2065 2722 2128 2778 et
2179 2710 2325 2798 ipse
2372 2730 2452 2778 ex
2503 2710 2835 2799 primario
2892 2715 3103 2782 Saxo-

557 2820 729 2866 num
779 2798 1140 2886 sanguine,
1194 2796 1316 2882 qui
1357 2798 1525 2888 Regi
1572 2798 1847 2886 penitus
1895 2798 2162 2868 invisus
2200 2811 2379 2867 erat:
2436 2800 2576 2867 sive
2608 2799 2822 2887 (quod
2877 2800 3105 2889 magis

554 2886 864 2972 credam)
900 2886 1063 2971 quia
1104 2890 1280 2955 Deus
1316 2908 1430 2954 vas
1478 2907 1685 2956 suum
1722 2888 1815 2955 ita
1846 2885 2058 2954 voluit
2098 2887 2619 2956 tribulationum
2657 2888 2933 2956 camino
2983 2909 3104 2955 ex-

556 2995 871 3060 coquere,
901 2985 966 3042 et
992 2974 1175 3042 velut
1204 2995 1450 3042 aurum
1490 2975 1557 3041 in
1610 2976 1769 3064 igne
1804 2976 2115 3065 probare.
2173 2977 2486 3044 Permisit
2518 2977 2702 3045 enim
2733 2989 2807 3045 ut
2837 2999 2875 3043 a
2905 2995 3106 3065 prae—

557 3063 738 3132 dicto
790 3067 883 3131 Re
932 3083 968 3130 e
1005 3063 1614 3132 innocentissimus
1647 3063 1945 3152 praesul,
1989 3064 2181 3132 nullo
2219 3088 2342 3133 suo
2384 3063 2652 3145 delicto,
2713 3078 3103 3155 caperetur,

555 3164 622 3220 et
668 3152 736 3218 in
787 3150 891 3218 exi
926 3151 1068 3219 ium
1122 3151 1525 3231 mitteretur,
1563 3153 1687 3221 ubi
1734 3165 1799 3221 et
1845 3153 2093 3221 caeteri
2144 3153 2594 3222 servabantur
2628 3154 3008 3244 principes,
3041 3166 3115 3223 et

557 3239 869 3329 plerique
929 3238 1262 3328 primores
1320 3239 1467 3319 viri,
1535 3262 1833 3325 quorum
1899 3242 2212 3310 omnium
2267 3254 2543 3332 propter
2587 3242 3107 3333 implacabilem

560 3328 763 3418 Regis
800 3327 998 3405 iram,
1039 3327 1231 3397 nulla
1276 3340 1420 3397 erat
1452 3328 1696 3398 salutis
1730 3351 1910 3418 spes,
1947 3352 2070 3399 nec
2098 3330 2232 3398 alia
2280 3353 2489 3418 quam
2520 3331 2622 3399 vel
2650 3332 2824 3401 citae
2858 3332 3107 3401 mortis

557 3416 657 3484 vel
720 3415 1031 3505 perpetui
1077 3418 1374 3486 carceris
1420 3418 1816 3506 expectatio.
1863 3423 2104 3486 -Benno
2154 3441 2308 3487 vero
2358 3441 2578 3506 neque
2626 3419 2711 3488 de
2761 3421 2894 3489 vita
2945 3442 3102 3500 sua,

560 3527 781 3592 neque
805 3504 890 3573 de
918 3506 1308 3594 captivitate
1355 3505 1689 3588 solicituS,
1745 3507 1962 3576 solius
2011 3508 2350 3577 Ecclesiae
2391 3531 2558 3578 suae
2590 3531 2829 3578 casum
2865 3509 3109 3577 incon-

559 3592 959 3674 solabiliter,
995 3603 1061 3663 et
1086 3616 1332 3664 causas
1380 3606 1728 3667 tantorum
1764 3594 2102 3665 malorum
2138 3609 2273 3666 tam
2315 3598 2665 3668 verissime
2712 3618 2923 3683 quam
2954 3597 3112 3666 bre—

557 3682 837 3753 vissime
887 3682 1253 3771 paululum
1302 3684 1413 3752 hic
1463 3683 1796 3754 deflebat:
1850 3706 1929 3753 eo
1976 3684 2161 3771 quod
2213 3686 2428 3756 iratus
2490 3692 2627 3756 Rex
2674 3708 2826 3755 eam
2879 3686 3137 3776 ipsam.

556 3771 762 3840 ctiam
815 3794 935 3861 per
1010 3772 1497 3842 Burkhardum
1546 3773 1917 3860 quemdam
1961 3773 2253 3843 ferocem
2301 3787 2366 3843 et
2416 3774 2732 3844 militaris
2773 3774 3113 3843 audaciae

563 3860 911 3930 hominem
966 3861 1213 3929 misere
1277 3873 1676 3932 vastaverat.
1747 3862 1958 3931 Paulo
2007 3864 2192 3931 enim
2249 3874 2407 3932 ante
2458 3864 2524 3931 id
2577 3876 2850 3954 tempus
2923 3863 3117 3933 diem

558 3947 819 4017 obierat
869 3947 1048 4018 Dedo
1104 3949 1442 4031 Marchio‚
1494 3951 1731 4020 relicto
1780 3952 2072 4020 Henrico
2123 3951 2265 4020 filio
2314 3951 2541 4021 adhuc
2594 3974 2807 4042 puero
2846 3977 2860 4016 :
2895 3973 3118 4039 quem

564 4042 702 4107 Rex
730 4036 1041 4107 obsidem
1094 4060 1331 4109 secum
1383 4039 1693 4120 abduxit,
1746 4053 1811 4108 et
1868 4040 1936 4108 in
1989 4040 2149 4110 aula
2199 4041 2390 4130 regia
2436 4040 2718 4110 educari
2771 4041 2950 4110 fecit.
2997 4041 3120 4109 Di-

561 4138 752 4195 ctum
800 4147 957 4194 vero
1007 4127 1496 4199 Burkhardum
1538 4128 1959 4220 praefectum
2013 4129 2333 4198 Missniae
2383 4130 2762 4207 constituit,
2820 4143 2896 4199 ut
2933 4134 3120 4199 Mar-

561 4215 793 4284 chiam
853 4214 1130 4285 interim
1180 4218 1251 4284 in
1302 4216 1436 4286 fide
1486 4240 1612 4287 sua
1671 4218 2072 4298 contineret,
2112 4218 2331 4288 donec
2381 4218 2610 4289 infans
2659 4218 3111 4289 adolesceret.

606 4305 688 4391 .§
734 4308 888 4378 1⁹.
941 4304 1265 4391 Alterum
1317 4306 1466 4395 eJus
1530 4307 1952 4396 tempestatis
2022 4307 2306 4377 exitium
2371 4307 2499 4377 fuit
2569 4307 2879 4397 ejusdem
2930 4311 3121 4376 Hen-

562 4392 691 4463 rici
738 4396 868 4463 IIII
901 4415 1062 4465 cum
1112 4394 1434 4486 Gregorio
1471 4400 1585 4481 VH
1612 4396 2012 4466 calamitosa
2037 4396 2301 4468 seditio.
2340 4401 2433 4467 Ex
2462 4418 2601 4484 qua
2640 4396 2844 4467 etiam
2873 4408 3120 4467 sancto
