3357 4995
182 330 220 395 J
230 329 405 394 UNII
454 330 539 394 25
1026 347 1106 395 1>ss
1151 348 1209 396 s.
1259 347 1620 398 Anausaro
1667 349 1888 398 mvrm
2503 331 2634 398 577

191 431 280 501 ab
312 454 392 501 ea
440 431 793 501 vexatione
863 430 1282 514 defenderit,
1336 455 1473 504 non
1520 446 1624 504 est
1691 433 1963 505 silentio
2010 433 2405 525 tegendum.
2475 434 2722 505 Crebro

187 520 376 590 enim
425 519 705 590 Barbari
743 520 815 589 in
864 519 1053 589 illam
1106 520 1456 591 incurrere
1502 522 1826 604 volentes,
1857 533 1922 591 et
2014 522 2464 613 ropemodum
2514 522 2722 592 attin-

191 621 431 699 gentes
478 621 781 699 portum,
825 608 1010 679 nube
1033 631 1108 679 se
1153 609 1628 700 interponente
1655 610 1884 680 videre
1917 610 1964 679 il
1995 632 2104 680 am
2139 630 2274 680 non
2325 623 2717 701 potuerunt,

191 709 399 784 atque
432 698 525 768 ita
561 697 871 768 frustrati
909 710 1162 768 conatu
1208 720 1356 780 suo,
1410 699 1654 769 inanes
1700 699 1952 770 abiere.
2009 705 2195 782 Quae
2242 721 2350 770 res
2407 700 2477 769 in
2513 721 2724 770 causa

193 785 348 868 fuit,
392 798 473 857 ut
519 807 657 856 non
692 785 896 858 modo
924 808 966 856 a
1003 786 1430 870 Christianis,
1482 788 1602 858 sed
1628 789 1833 858 etiam
1876 789 1963 858 ab
1994 787 2288 858 ethnicis
2337 787 2727 877 frequenter

188 874 603 956 visitaretur,
641 874 782 946 illis
811 897 1008 945 suam
1036 875 1254 945 animi
1283 876 1710 947 devotionem
1744 876 2006 947 crebris
2039 876 2503 948 oblationibus
2531 876 2720 947 haud

186 964 478 1035 obscure
527 963 1062 1034 declarantibus,
1123 969 1350 1051 Neque
1404 965 1473 1035 id
1523 965 1892 1044 immerito,
1945 964 2510 1052 quandoquidem
2562 965 2720 1035 nul-

185 1051 297 1123 lus
342 1075 421 1123 eo
454 1052 706 1123 frustra
737 1053 1046 1126 accessit.
1100 1074 1224 1122 nec
1257 1075 1675 1141 quemquam
1726 1055 1837 1124 sui
1877 1053 2132 1123 laboris
2178 1055 2533 1144 poenituit.

271 1143 309 1228 ξ
355 1148 488 1215 11.
541 1141 873 1232 Apparuit
901 1141 1150 1211 Christi
1196 1141 1548 1213 confessor
1572 1143 2081 1214 sanctimoniali
2107 1143 2385 1213 cuidam
2436 1144 2507 1212 in
2535 1164 2715 1215 som-

180 1230 295 1299 nis
340 1230 728 1321 (dicebatur
777 1251 858 1299 ea
914 1229 1173 1319 Wilfit),
1227 1231 1574 1320 jussitque
1634 1244 1713 1301 ut
1761 1254 1952 1301 sacra
2015 1231 2237 1322 ipsius
2285 1254 2486 1313 ossa,
2538 1253 2715 1319 quae

175 1320 402 1389 instar
433 1319 727 1388 aliorum
776 1318 1117 1409 profunda
1166 1319 1378 1390 humo
1409 1320 1684 1391 condita
1734 1333 1950 1400 erant,
2005 1321 2136 1390 sub
2188 1321 2502 1391 omnium
2552 1342 2711 1390 con·

174 1421 495 1497 spectum
553 1407 1004 1489 elevarentur,
1060 1419 1140 1477 ut
1186 1408 1497 1479 fidelium
1562 1409 1828 1478 devotio
1875 1408 2226 1480 efficacius
2286 1409 2706 1490 incitaretur,

172 1509 248 1567 et
294 1495 444 1584 ejus
493 1496 892 1566 meritorum
924 1497 1323 1569 intercessio
1371 1497 1751 1568 studiosius
1787 1498 2291 1587 impetraretur.
2329 1503 2405 1567 Et
2454 1520 2536 1567 ne
2567 1519 2714 1566 am-

174 1586 397 1676 bigua
434 1598 613 1656 esset
657 1605 738 1654 ea
783 1586 1148 1674 apparitio,
1183 1587 1379 1656 tertio
1426 1587 1712 1677 repetita
1749 1597 1871 1655 est.
1906 1591 2141 1674 Itaque
2167 1586 2714 1656 sanctimonialis

181 1673 306 1744 illa
352 1670 768 1743 Theodorico
808 1674 1032 1764 primo
1080 1675 1322 1744 Comiti
1378 1688 1443 1744 et
1487 1676 1639 1767 ejus
1680 1675 1810 1746 loci
1856 1674 2162 1756 domino,
2220 1675 2386 1762 quid
2436 1674 2716 1746 vidisset

183 1776 249 1833 et
298 1762 695 1842 audivisset,
751 1762 1034 1833 indicat.
1080 1767 1318 1834 Comes
1365 1786 1591 1852 porro,
1646 1776 1724 1834 ut
1770 1785 2041 1854 semper
2084 1777 2445 1855 promptus
2492 1763 2621 1833 fuit
2649 1775 2717 1832 et

193 1850 548 1922 officiosus
605 1850 691 1920 ad
739 1871 818 1920 ea
848 1873 1027 1939 quae
1074 1851 1428 1944 religionis
1467 1865 1651 1932 sunt,
1709 1875 1843 1923 non
1880 1852 2148 1923 distulit
2208 1852 2278 1921 in
2334 1874 2508 1941 opus
2555 1873 2716 1922 con-

189 1940 370 2010 ferre
415 1960 592 2026 quae
663 1952 859 2010 erant
912 1940 1423 2011 sanctimoniali
1471 1941 1908 2012 demandata.
1978 1942 2245 2011 Elevata
2293 1941 2504 2032 igitur
2553 1953 2716 2014 sunt

181 2028 363 2100 beati
413 2027 542 2097 viri
586 2049 744 2099 ossa
777 2084 793 2108 ,
845 2041 910 2098 et
955 2050 1110 2099 ecce
1160 2032 1292 2100 sub
1342 2051 1536 2100 sarco
1592 2031 1769 2121 hago
1823 2042 2134 2120 repertus
2193 2043 2295 2100 est
2340 2029 2492 2100 fons
2541 2029 2715 2099 mire

187 2117 624 2210 perspicuus,
664 2118 784 2205 qui
815 2116 1156 2205 hodieque
1206 2118 1443 2188 multis
1470 2053 1691 2188 adfert
1718 2141 2083 2209 corporum
2120 2118 2435 2189 salutem.
2470 2123 2714 2209 Aperto

184 2217 415 2276 autem
459 2204 684 2276 loculo
733 2205 1021 2297 pallium
1068 2229 1207 2295 quo
1253 2229 1528 2277 sacrum
1558 2219 1704 2277 erat
1731 2229 1983 2298 corpus
2029 2206 2469 2288 obvolutum,
2523 2207 2709 2297 peni·

184 2307 301 2364 tus
334 2295 813 2385 incorruptum
853 2296 1209 2365 inventum
1252 2308 1377 2365 est.
1431 2301 1636 2366 Porro
1684 2296 1768 2376 is,
1814 2317 2018 2384 quem
2070 2295 2412 2376 diximuS,
2479 2299 2714 2365 Comes

182 2382 670 2464 Theodoricus‚
705 2383 777 2451 in
827 2383 974 2454 loco
1021 2407 1227 2472 quem
1278 2384 1517 2456 Hellen
1560 2396 1823 2465 vocant,
1866 2406 1948 2455 ex
1982 2384 2266 2454 materia
2312 2385 2453 2455 sive
2506 2406 2586 2453 ex
2633 2384 2714 2453 li-

186 2472 347 2563 gnis
393 2472 776 2543 construxit
843 2474 1268 2545 oratorium:
1323 2473 1828 2562 constitutoque
1887 2473 2020 2553 die,
2090 2474 2157 2542 in
2207 2494 2409 2559 quem
2478 2471 2714 2545 fideles

186 2573 474 2653 possent
518 2560 757 2633 adesse
788 2617 803 2643 ,
856 2584 935 2633 eo
988 2584 1262 2634 sacrum
1318 2564 1477 2633 fecit
1540 2564 1942 2634 thesaurum
1995 2562 2290 2632 adduci:
2346 2584 2468 2631 nec
2515 2561 2714 2632 facile

189 2661 424 2720 certus
456 2651 672 2741 possit
718 2672 953 2721 eorum
1007 2673 1341 2722 numerus
1383 2652 1569 2734 iniri,
1608 2654 1733 2738 qui
1784 2651 2084 2726 interim.
2119 2650 2286 2720 dum
2337 2673 2568 2722 sacrae
2615 2673 2719 2721 re-

189 2738 449 2826 liquiae
497 2738 1043 2829 deportarentur,
1074 2739 1387 2810 sanitatis
1414 2740 1825 2811 beneficium
1863 2741 2342 2830 impetrarunt.
2389 2739 2515 2809 Sed
2546 2739 2709 2826 quid

188 2828 326 2898 sibi
377 2827 543 2909 vult,
580 2828 765 2915 quod
798 2827 1146 2899 confessor
1192 2829 1441 2899 Christi
1488 2830 1992 2908 sanctissimus,
2033 2829 2153 2915 qui
2175 2829 2320 2917 jam
2358 2827 2597 2898 beatus
2644 2829 2713 2896 in

189 2916 424 2997 coelis,
464 2916 728 2987 nullius
760 2916 1044 3007 indiget,
1095 2918 1217 3005 qui
1262 2918 1468 2987 etiam
1500 2941 1663 2988 cum
1706 2931 1884 2989 esset
1915 2917 1984 2986 in
2028 2916 2376 2997 humaniS,
2413 2916 2717 2986 humana

191 3007 429 3075 omnia
490 3005 840 3087 fastidivit,
895 3028 1022 3076 sua
1067 3006 1212 3075 vult
1270 3028 1425 3076 ossa
1472 3006 1745 3085 elevari,
1795 3020 1862 3076 et
1918 3005 2184 3074 meliori
2233 3005 2380 3075 loco
2429 3007 2721 3095 reponi?

189 3098 376 3164 Certe
425 3116 562 3164 non
611 3093 700 3165 ob
746 3093 938 3164 aliud
988 3094 1118 3165 hoc
1167 3094 1281 3164 ille
1310 3094 1545 3176 voluit,
1603 3095 1731 3165 nisi
1785 3107 1865 3165 ut
1910 3094 1996 3175 ii,
2048 3094 2171 3181 qui
2218 3114 2296 3162 ea
2333 3107 2710 3175 cernerent,

189 3183 447 3253 animis
496 3196 1147 3274 compungerentur,
1172 3196 1377 3270 atque
1424 3184 1518 3254 ita
1548 3183 1822 3253 facilius
1853 3182 2187 3253 divinitus
2233 3182 2543 3273 adJuvari
2577 3205 2718 3254 me·-

189 3284 538 3342 rerentur:
593 3284 742 3341 tum
775 3272 1008 3352 etiarn,
1059 3284 1137 3341 ut
1184 3272 1407 3363 magis
1460 3272 1819 3363 magisque
1868 3272 1965 3363 pii
2012 3272 2328 3342 homines
2372 3271 2458 3340 ad
2512 3294 2717 3363 appe-

186 3360 389 3430 tenda
422 3360 744 3432 coelestia
789 3360 1413 3431 inflammarentur.
1447 3365 1523 3431 In
1557 3382 1635 3430 eo
1665 3374 1896 3433 autem
1928 3360 2389 3431 construendo
2422 3363 2716 3431 oratorio

190 3452 463 3521 cunctis
511 3461 789 3521 strenue
835 3448 1335 3531 laborantibus,
1394 3448 1763 3540 Sigifridus
1813 3450 2097 3537 quidam
2147 3450 2490 3519 sociorum
2561 3449 2719 3519 dili-

195 3539 497 3626 gentiam
531 3537 788 3608 imitari
819 3538 1086 3620 nolenS,
1138 3538 1330 3608 omni
1372 3539 1843 3609 membrorum
1891 3537 2118 3609 officio
2156 3537 2542 3618 destitutuS,
2585 3552 2719 3609 toto

193 3647 477 3782 cof-pore
508 3639 902 3698 contractus
929 3639 1055 3699 est.
1095 3630 1176 3698 At
1220 3627 1486 3698 salubri
1534 3627 1957 3719 poenitentia
1986 3638 2359 3707 correctuS,
2415 3647 2567 3697 mox
2614 3649 2720 3697 re-

189 3734 272 3782 va
302 3727 425 3786 uit.

281 3803 318 3889 ξ
364 3810 514 3877 12.
568 3802 873 3874 Brumali
916 3816 1261 3896 tempore,
1314 3805 1640 3877 omnibus
1712 3804 1967 3897 frigore
2012 3804 2549 3896 rigescentibus,
2606 3810 2723 3877 Co-

198 3907 344 3962 mes
390 3892 874 3974 Theodoricus‚
927 3893 1013 3963 de
1058 3915 1196 3982 quo
1238 3894 1373 3964 ’am
1423 3894 1747 3976 diximuS,
1789 3894 1986 3965 traha
2032 3894 2405 3965 vehebatur
2451 3916 2572 3985 per
2623 3895 2723 3964 la-

204 3994 361 4076 cum
408 3982 583 4051 mire
616 3979 1062 4072 profundum,
1116 4003 1149 4051 s
1281 3982 1743 4074 congelatum.
1790 3989 1875 4054 Ut
1918 3994 2020 4054 est
2063 3997 2290 4055 autem
2341 3983 2725 4074 periculosa

205 4070 541 4153 ejusmodi
580 4069 651 4140 in
687 4093 727 4141 a
776 4070 887 4141 uis
931 4068 1184 4163 frigore
1208 4071 1546 4143 concretis
1589 4071 1993 4154 ambulatio,
2033 4094 2194 4143 cum
2234 4073 2382 4162 jam
2417 4071 2724 4143 medium

202 4148 360 4255 fere·
386 4158 715 4251 attigisset
788 4180 991 4231 acum
1017 4214 1039 4242 ,
1091 4159 1374 4249 dirupta
1421 4181 1557 4231 non
1609 4161 1776 4232 satis
1822 4161 2043 4232 solida
2139 4160 2368 4242 lacieS,
2450 4182 2726 4232 raesens

205 4253 482 4342 exitium
517 4248 759 4320 Comiti
808 4248 1278 4332 minitabatur,
1330 4248 1454 4337 qui
1500 4250 1770 4321 cunctis
1816 4249 2110 4341 fugienti
2161 4272 2283 4331 uS,
2337 4272 2412 4320 so
2444 4274 2527 4321 us
2582 4248 2725 4319 illic

207 4328 482 4404 relictus
526 4348 648 4408 est.
700 4343 778 4410 At
807 4338 926 4410 ille
963 4360 1252 4410 cernens
1282 4338 1474 4409 omni
1523 4360 1594 4409 se
1628 4339 1938 4410 humana
1983 4360 2113 4430 ope
2155 4338 2586 4419 destitutum,
2635 4336 2723 4408 ad

209 4419 446 4491 crebro
490 4442 917 4519 compertum
957 4427 1141 4500 beati
1197 4425 1545 4500 Adalberti
1599 4427 2062 4520 patrocinium
2130 4425 2461 4518 confugit.
2530 4431 2675 4497 Mox
2703 4480 2720 4507 ,

359 4542 595 4605 surius
622 4578 640 4591 ·
674 4545 838 4608 Vitae
859 4547 970 4611 SS.
993 4578 1020 4594 ·
1044 4544 1175 4610 Vol.
1204 4546 1307 4611 VI.
2414 4549 2494 4610 37
