3357 4995
193 328 411 393 JUNII
460 330 545 393 29
1076 350 1152 396 na
1199 350 1254 396 s.
1297 349 1499 397 PAULO
1548 350 1865 399 Arosroto
2534 338 2661 402 659

196 429 539 500 abortivos
574 431 815 500 iterum
860 433 1332 522 parturiebat?
1371 440 1510 505 Hoc
1538 435 1999 506 desiderarem
2033 438 2260 508 videre
2303 438 2402 508 vel
2433 438 2736 511 dissolu-

197 532 365 599 t'um,
421 519 602 607 quod
633 533 735 589 est
763 519 970 591 coelis
996 522 1392 604 sublimiuS,
1435 525 1597 593 orbe
1630 538 1966 595 terrarum
2000 526 2230 609 latius,
2271 527 2463 597 radio
2497 529 2733 617 splen-

194 607 447 687 didius,
480 608 638 698 igne
684 607 1002 691 calidiuS,
1055 610 1421 682 adamante
1462 613 1781 694 validiuS,
1826 615 2010 701 quod
2062 637 2308 685 novam
2343 616 2506 685 vixit
2550 616 2730 686 hanc

195 698 423 777 vitam,
457 718 702 786 nempe
733 711 1058 767 nostram.
1096 701 1257 769 Vivo
1302 702 1488 771 enim
1520 704 1667 791 jam
1703 725 1838 771 non
1870 725 2017 793 ego,
2053 704 2214 774 vivit
2238 718 2467 774 autem
2509 706 2578 773 in
2620 728 2726 775 me

194 786 522 866 ChristuS‚
581 786 826 873 inquit.
874 788 1025 857 Fuit
1069 811 1231 880 ergo
1262 812 1381 859 cor
1428 790 1616 862 illius
1662 814 1782 861 cor
1820 792 2051 872 Pauli,
2106 805 2169 862 et
2211 792 2447 864 tabula
2500 796 2732 864 Sancti

195 876 510 966 Spiritus,
543 889 608 945 et
646 874 820 945 liber
858 878 1148 966 gratiae:
1197 879 1381 966 quod
1414 879 1707 969 dignum
1741 879 1869 950 fuit
1900 881 2240 962 habitum,
2274 894 2349 952 ut
2380 882 2726 955 Christum

193 977 475 1045 amaret,
531 976 608 1034 ut
664 986 864 1033 nemo
906 965 1126 1035 alius:
1178 968 1363 1054 quod
1401 979 1690 1038 mortem
1740 968 2163 1059 despiciebat
2210 983 2275 1039 et
2306 971 2722 1063 gehennam,

192 1064 255 1122 et
301 1053 777 1123 conterebatur
809 1076 849 1122 a
882 1052 1200 1125 fraternis
1234 1056 1583 1146 lacrymis.
1639 1058 1816 1140 Quid
1857 1059 2042 1127 enim
2079 1059 2303 1131 facitis
2337 1062 2599 1143 flentes,
2630 1062 2732 1130 in-

193 1144 361 1228 quit,
416 1154 480 1210 et
519 1156 945 1213 conterentes
973 1165 1093 1213 cor
1140 1150 1417 1215 meum?
1448 1145 1701 1215 Vellem
1744 1146 1974 1217 videre
2004 1148 2355 1237 pulverem
2392 1171 2727 1219 manuum

194 1231 593 1317 Pauliquae
640 1245 835 1301 erant
883 1233 950 1301 in
1002 1244 1265 1315 catena,
1334 1257 1454 1324 per
1490 1256 1791 1322 quarum
1834 1237 2345 1326 impositionem
2399 1260 2532 1327 sup
2586 1239 2726 1307 edi-

191 1321 464 1390 tabatur
504 1319 810 1410 spiritu&
873 1343 992 1410 per
1037 1344 1210 1410 quas
1270 1324 1546 1393 divinae
1602 1325 2085 1395 scribebantur
2133 1325 2391 1395 literae.
2446 1328 2524 1395 Vi
2578 1328 2730 1397 istis

187 1410 397 1488 enim,
425 1409 681 1499 inquit,
725 1410 907 1495 quod
961 1409 1176 1480 literis
1204 1412 1289 1482 ad
1324 1435 1440 1482 vos
1480 1413 1730 1503 scripsi
1776 1437 1988 1485 manu
2038 1437 2211 1497 mea,
2256 1437 2507 1485 manus
2537 1415 2717 1497 illas,

191 1520 362 1583 quas
411 1519 569 1566 cum
605 1498 886 1568 vidisset
920 1500 1173 1588 vipera,
1231 1502 1481 1573 cecidit
1529 1503 1599 1571 in
1636 1523 1909 1593 rogum.

278 1589 314 1672 ξ
360 1590 520 1657 33.
578 1586 827 1655 Vellem
862 1588 1089 1658 videre
1132 1591 1481 1681 pulverem
1515 1590 1902 1672 oculorum,
1957 1592 2076 1679 qui
2115 1591 2402 1682 pulchre
2451 1591 2733 1661 fuerunt

190 1675 551 1755 occaecati,
606 1676 727 1761 qui
777 1698 1021 1746 rursus
1069 1693 1482 1769 aspexerunt
1511 1679 1595 1749 ad
1631 1679 1925 1749 salutem
1966 1681 2155 1750 orbis
2197 1694 2434 1761 terrae,
2469 1681 2593 1769 qui
2623 1681 2729 1749 di-

191 1766 307 1853 gni
359 1774 521 1832 sunt
555 1764 767 1833 habiti
818 1765 1161 1836 Christum
1198 1768 1425 1838 videre
1474 1769 1545 1837 in
1596 1791 1905 1859 corpore.
1952 1770 2204 1839 Vellem
2241 1769 2522 1840 illorum
2552 1792 2724 1857 quo-

189 1875 322 1938 que
372 1851 625 1941 pedum
689 1852 915 1921 videre
974 1855 1348 1946 pulverem,
1387 1857 1508 1944 qui
1541 1858 1775 1928 orbem
1814 1871 2034 1928 terrae
2080 1860 2423 1939 obierunt,
2476 1871 2541 1929 et
2590 1881 2724 1928 non

190 1942 376 2010 fuere
397 1940 774 2032 defatigati,
804 1943 924 2030 qui
956 1944 1022 2012 in
1068 1945 1256 2036 ligno
1291 1947 1499 2016 vincti
1548 1961 1765 2025 erant,
1804 1948 2086 2034 quando
2116 1946 2245 2017 fuit
2280 1960 2728 2017 terraemotus

190 2030 258 2097 in
308 2052 603 2110 carcere,
646 2030 766 2117 qui
832 2046 967 2101 tam
1020 2034 1492 2114 habitabilem,
1546 2058 1756 2123 quam
1808 2036 2333 2106 inhabitabilem
2384 2038 2572 2106 orbis
2622 2059 2727 2105 re-

190 2119 465 2206 gionem
537 2135 1005 2209 pervaserunt.
1061 2129 1137 2194 Et
1200 2125 1368 2212 quid
1420 2148 1597 2215 opus
1661 2135 1764 2194 est
1820 2125 2046 2195 dicere
2093 2125 2420 2225 singula?
2472 2125 2725 2194 Vellem

192 2208 388 2278 illum
422 2210 653 2297 ipsum
706 2208 932 2279 videre
975 2209 1239 2282 leonem
1280 2214 1686 2303 spiritalem.
1742 2214 2098 2296 Quomodo
2132 2236 2315 2284 emm
2360 2214 2464 2283 leo
2496 2215 2723 2304 ignem

189 2320 268 2365 ex
300 2296 523 2367 oculis
569 2298 887 2369 emittens
942 2299 1009 2368 in
1056 2324 1296 2393 greges
1345 2303 1685 2395 vulpium,
1742 2303 1834 2371 ita
1874 2304 1942 2372 in
1993 2303 2413 2372 daemonum
2461 2316 2526 2371 et
2577 2302 2728 2393 phi-

193 2386 633 2476 losophorum
694 2387 1000 2459 irruebat
1039 2404 1403 2472 catervam,
1456 2403 1520 2460 et
1579 2405 1906 2478 tanquam
1950 2392 2226 2478 aliquod
2279 2390 2542 2461 fulmen
2594 2392 2728 2458 im-

192 2475 482 2556 missum
524 2475 952 2566 irrumpebat
1000 2480 1069 2548 in
1121 2492 1384 2551 turmas
1422 2479 1707 2550 diaboli.
1763 2486 1989 2567 Neque
2043 2481 2229 2552 enim
2281 2479 2554 2550 diabolo
2601 2479 2728 2549 ad-

195 2588 430 2634 versus
450 2587 610 2634 eum
639 2565 1047 2654 prodibatin
1081 2569 1324 2648 aciem,
1365 2568 1482 2640 sed
1520 2591 1740 2656 usque
1765 2570 1935 2639 adeo
1967 2569 2248 2639 timebat
2278 2582 2343 2639 et
2365 2570 2720 2647 tremebat,

191 2667 266 2721 ut
314 2654 374 2722 si
425 2653 524 2722 vel
575 2653 895 2723 umbram
948 2656 1245 2738 vidisset,
1281 2670 1347 2726 et
1384 2680 1617 2728 vocem
1667 2658 2042 2730 audivisset
2071 2659 2370 2739 eminus,
2414 2659 2729 2747 protinus

190 2742 570 2833 aufugeret.

278 2835 314 2916 ξ
359 2836 515 2904 34.
571 2832 867 2921 Cogitate
903 2842 969 2899 et
1000 2841 1288 2920 stupete‚
1340 2827 1544 2915 quale
1576 2829 1664 2899 sit
1699 2833 1905 2897 Roma
1960 2828 2191 2897 visura
2222 2827 2719 2917 spectaculum,

190 2920 479 2989 Paulum
535 2934 808 3009 repente
848 2932 1239 3008 surgentem
1289 2939 1325 2985 e
1372 2940 1581 3007 capsa
1620 2939 1779 2986 cum
1815 2922 2028 2998 Petr0,
2066 2928 2227 2985 etse
2257 2914 2717 3016 estollentetn.

189 3020 266 3076 ut
299 3009 562 3078 Christo
612 3009 729 3078 siat
761 3009 1069 3086 obviam3
1123 3005 1326 3093 quale
1373 3007 1633 3075 donum
1672 3007 1759 3077 sit
1793 3011 2007 3074 Roma
2038 3005 2123 3072 ad
2175 3005 2516 3073 Christum
2551 3026 2724 3104 mis-

190 3120 392 3166 sura:
447 3097 864 3183 quibusnam
925 3096 1012 3164 sit
1071 3095 1343 3165 duabus
1390 3097 1663 3163 coronis
1736 3094 2095 3173 redimita,
2149 3093 2572 3180 quibusnam
2636 3105 2725 3161 sit

187 3187 416 3254 aureis
467 3188 690 3256 cincta
738 3185 1021 3255 catenis.
1076 3183 1349 3253 Coelum
1410 3205 1542 3252 non
1593 3196 1697 3253 est
1743 3196 1880 3252 tam
1934 3182 2402 3272 splendidum,
2442 3179 2722 3281 quando

191 3274 297 3343 Sol
348 3274 593 3343 emittit
644 3275 894 3352 radios,
943 3295 1151 3360 quam
1201 3273 1440 3342 civitas
1496 3278 1960 3341 Romanorum
2014 3271 2137 3340 has
2176 3271 2352 3339 duas
2399 3282 2720 3340 emittens

191 3363 548 3453 lampadas
599 3386 716 3452 per
763 3363 1161 3432 universum
1191 3362 1423 3430 orbem
1470 3373 1711 3429 terrae.
1748 3366 2094 3442 Quaenam
2127 3381 2290 3449 ergo
2320 3358 2535 3436 oratio
2584 3357 2725 3428 suf-

188 3453 370 3521 ficiet
420 3451 730 3542 pulchris
779 3451 971 3521 Pauli
1021 3450 1217 3519 factis
1248 3449 1699 3520 enarrandis?
1745 3455 1872 3518 Aut
1925 3470 2265 3535 quaenam
2307 3448 2548 3536 poterit
2590 3446 2724 3547 lin-

186 3564 321 3629 gua
372 3542 698 3628 consequi
734 3541 946 3630 hujus
978 3540 1333 3609 encomia?
1366 3540 1515 3607 Sive
1545 3538 1730 3608 enim
1768 3538 2140 3637 Prophetae
2175 3535 2566 3635 preclarum
2595 3534 2720 3635 alt-

185 3631 352 3714 quid
419 3630 811 3710 effecerunt,
866 3630 1006 3698 sive
1067 3628 1520 3707 Patriarchae,
1590 3628 1732 3697 sive
1770 3627 1968 3716 justi,
2016 3647 2157 3696 sive
2203 3625 2527 3716 Apostoli,
2584 3645 2723 3695 sive

189 3724 536 3808 Martyres,
607 3719 774 3787 haec
822 3718 1055 3787 omnia
1104 3716 1357 3787 Paulus
1409 3717 1578 3785 adeo
1620 3738 1891 3785 summe
1941 3715 2144 3784 habet
2192 3713 2718 3804 comprehensa,

188 3819 265 3874 ut
297 3809 533 3878 nullus
570 3807 789 3897 magis
840 3806 1113 3876 illorum
1169 3805 1545 3895 possederit
1577 3805 1645 3873 id
1697 3804 1881 3891 quod
1915 3803 2209 3872 habebat
2250 3804 2549 3902 bonum3

276 3898 312 3982 ξ
357 3901 514 3969 35.
568 3895 858 3979 Quando
923 3917 1084 3985 ergo
1151 3916 1630 3982 quaecumque
1678 3907 1841 3964 sunt
1901 3892 2080 3963 bona
2142 3893 2319 3962 inter
2364 3892 2720 3972 homineS,

189 3982 281 4050 ita
329 4007 466 4053 uua
500 3985 1020 4076 comprehendit
1067 3985 1321 4064 anima,
1361 3996 1426 4052 et
1472 3984 1706 4051 omnia
1740 3982 2141 4070 insigniter:
2177 4003 2312 4051 non
2348 3980 2575 4050 solum
2604 4002 2728 4048 au-

189 4086 321 4140 tem
371 4094 548 4157 quae
594 4087 758 4145 sunt
807 4073 1193 4153 hominum,
1238 4073 1355 4141 sed
1405 4073 1607 4140 etiarn
1658 4093 1835 4158 quae
1882 4069 2321 4160 Angelorum,
2375 4068 2723 4169 quomodo

186 4182 636 4246 assequemur
668 4163 955 4233 laudum
986 4161 1581 4251 magnitudinem?
1611 4165 1759 4243 Qua
1803 4181 1934 4229 non
1971 4181 2132 4250 ergo
2159 4158 2500 4258 fuerimus
2527 4156 2724 4246 digni

187 4248 782 4332 condemnatione,
837 4253 894 4320 si
949 4274 1109 4320 cum
1167 4272 1351 4320 unus
1401 4250 1605 4318 homo
1654 4249 1888 4319 omnia
1939 4249 2007 4317 in
2059 4271 2130 4317 se
2180 4249 2360 4317 bona
2402 4261 2490 4318 stt
2535 4269 2727 4315 com-

192 4338 456 4428 plexus,
498 4361 621 4410 nos
670 4362 751 4410 ne
800 4341 1161 4409 minimam
1211 4337 1491 4425 quidem
1523 4339 1672 4428 eJus
1705 4351 1966 4428 partem
1999 4337 2255 4407 imitari
2283 4336 2727 4433 studeamus?

186 4434 353 4497 Nam
420 4451 497 4497 ex
549 4429 784 4498 multis
832 4430 1113 4517 quidem
1163 4427 1318 4497 aliis
1368 4439 1544 4497 recte
1605 4427 1800 4500 factis
1849 4426 2139 4496 habetur
2189 4424 2578 4495 Patriarcha
2652 4445 2725 4491 ιη
