3357 4995
612 339 742 404 428
1351 353 1429 400 nn
1476 353 1531 401 s.
1586 352 1911 401 curemur.
1972 352 2228 400 wasme
2707 335 2927 400 JUNII
2978 337 3059 401 16

519 463 698 520 vero,
754 461 927 527 quos
956 439 1059 509 ais
1092 449 1155 508 te
1200 439 1271 506 in
1306 437 1434 507 hac
1469 437 1604 506 vita
1644 437 1935 507 ulterius
1969 435 2196 506 videre
2237 458 2373 505 non
2406 458 2629 526 posse,
2675 435 2748 505 in
2782 450 3059 507 aeterna

518 531 738 621 patria
784 539 1383 618 conspecturam.»

604 621 641 706 ξ
685 621 852 691 cm.
904 622 1044 687 Non
1085 615 1209 686 diu
1254 626 1429 706 post,
1477 614 1713 685 beatae
1762 615 2132 684 memoriae
2175 613 2519 684 Jordanus
2569 615 2889 706 Magister
2938 620 3060 685 Or·

517 708 702 776 dinis
736 704 1311 785 Praedicatorum‚
1341 725 1501 775 cum
1534 703 1658 774 diu
1693 726 1946 796 magno
1976 703 2693 794 flagrassetdesiderio
2716 704 3061 774 invisendi

518 802 795 866 Terram
825 806 1160 876 sanctam,
1215 792 1374 862 inde
1406 792 1681 864 rediens
1730 815 1851 884 per
1898 813 2111 874 mare,
2146 792 2415 862 occulto
2449 794 2561 861 Dei
2588 792 2856 882 Judicio
2895 815 3056 863 cum

517 907 771 976 magna
818 883 1184 953 hominum
1249 882 1694 951 multitudine
1740 895 1804 951 et
1863 881 2139 952 duobus
2196 879 2527 952 fratribus
2592 882 3061 952 Dominicanis

517 974 921 1043 submersus
951 973 1105 1043 est*
1137 995 1151 1038 ε
1204 992 1498 1058 moxque
1544 994 1585 1040 a
1615 992 1890 1041 summo
1936 969 2111 1039 coeli
2140 968 2412 1061 fastigio
2443 991 2666 1057 usque
2695 971 2780 1040 ad
2816 993 3058 1041 navem

517 1062 733 1143 illam,
790 1062 861 1130 in
902 1083 1041 1148 qua
1072 1060 1412 1130 extinctus
1453 1058 1748 1146 jacebat,
1799 1059 2098 1127 maxima
2149 1058 2332 1148 ignis
2387 1059 2713 1129 columna
2751 1061 3058 1148 quinque

515 1151 842 1220 horarum
907 1150 1130 1238 spatio
1208 1147 1540 1216 divinitus
1608 1168 1897 1216 accensa
1944 1147 2028 1216 de
2095 1160 2289 1216 nocte
2366 1149 2712 1249 apparuit:
2758 1171 3059 1235 cumque

516 1261 787 1309 sacrum
839 1260 1094 1328 corpus
1141 1236 1306 1306 litus
1338 1236 1695 1327 attigisset,
1738 1234 1909 1306 coeli
1962 1234 2228 1325 lampas
2279 1249 2470 1306 tertio
2505 1259 2712 1326 super
2758 1237 2955 1317 illud,
2995 1251 3061 1308 et

513 1342 760 1416 quarto
800 1326 1301 1417 super·socium
1332 1325 1482 1414 ejus
1515 1324 1884 1394 Geraldum
1921 1324 2390 1414 resplenduit:
2426 1338 2629 1411 atque
2661 1327 2751 1396 ita
2788 1326 3056 1416 lampas

514 1417 863 1496 recedenS‚
918 1415 1104 1485 nube
1164 1426 1445 1503 excepta
1526 1424 1649 1484 est.
1724 1414 1947 1503 Hujus
2015 1414 2112 1482 rei
2161 1425 2362 1483 testes
2436 1414 2625 1484 fuere
2688 1415 3053 1486 Christiani

513 1504 857 1585 catholici,
894 1503 1129 1572 Graeci
1160 1502 1610 1583 schismatici,
1646 1513 1712 1572 et
1740 1502 2052 1592 gentiles.
2093 1508 2353 1591 Corpus
2402 1516 2629 1572 autem
2673 1505 2828 1590 ejus
2866 1505 3056 1573 miri-

513 1594 638 1663 fice
700 1592 1039 1693 fragrans„
1091 1613 1130 1661 a
1178 1589 1501 1661 fidelibus
1575 1604 1891 1661 curatum
1944 1604 2067 1662 est.
2150 1591 2398 1661 Eodem
2449 1614 2633 1663 anno
2698 1595 2770 1661 in
2820 1592 3054 1683 vigilia

513 1683 886 1752 nativitatis
920 1680 1189 1761 Christi,
1237 1703 1276 1748 a
1323 1681 1548 1770 prima
1594 1680 1732 1749 diei
1791 1681 1960 1749 hora
1989 1702 2210 1767 usque
2236 1680 2324 1748 ad
2357 1694 2612 1751 sextam
2647 1704 2852 1750 orans
2888 1686 3046 1750 Lut-

512 1771 769 1862 gardis,
823 1792 983 1839 cum
1034 1770 1101 1838 in
1152 1769 1406 1870 spiritu
1468 1770 1668 1857 quasi
1717 1768 2032 1838 tenebras
2078 1769 2415 1855 quasdam
2476 1771 2800 1850 sentiret,
2876 1769 3042 1839 adeo

511 1861 734 1950 coepit
783 1859 1005 1928 taedio
1038 1857 1245 1940 affici,
1283 1872 1359 1928 ut
1406 1858 1474 1925 in
1512 1859 1680 1926 haec
1729 1859 1934 1927 verba
1975 1870 2485 1947 prorumperet:
2526 1860 2830 1939 Domine,
2883 1860 3052 1945 quid

510 1962 634 2028 est,
680 1948 865 2036 quod
915 1948 1165 2017 sentio?
1193 1947 1357 2033 quid
1408 1959 1531 2029 est,
1562 1946 1746 2034 quod
1797 1946 2062 2037 patior?
2088 1951 2272 2016 Certe
2305 1947 2364 2016 si
2403 1949 2561 2033 quis
2616 1948 2750 2017 iam
2784 1947 3057 2018 amicus

511 2036 611 2106 vel
660 2039 732 2105 in
781 2036 995 2118 00010,
1047 2036 1147 2105 vel
1188 2036 1259 2104 in
1294 2047 1469 2105 terra
1505 2057 1628 2126 pro
1681 2057 1789 2104 me
1835 2047 2081 2116 oraret,
2134 2035 2337 2104 talem
2372 2058 2497 2126 ego
2596 2037 2873 2105 uritiam
2925 2037 3057 2105 mi-

512 2126 697 2194 nime
751 2126 1099 2195 sentirem.
1162 2129 1341 2194 Haec
1390 2124 1509 2193 illa
1556 2147 1720 2194 cum
1771 2124 2097 2213 lacrymis
2156 2124 2471 2205 dicente,
2528 2127 2754 2194 subito
2805 2126 3055 2195 mentis

509 2215 660 2303 ejus
707 2214 928 2284 oculis
977 2214 1261 2304 spiritus
1307 2212 1591 2300 quidam
1660 2213 1830 2281 adeo
1888 2212 2284 2284 luculentus
2332 2226 2396 2282 et
2447 2212 2792 2303 gloriosus
2840 2236 3054 2315 appa-

510 2303 671 2384 ruit,
709 2315 785 2372 ut
885 2325 997 2372 rae
1044 2301 1435 2392 splendoris
1474 2301 1955 2391 magnitudine
1994 2324 2152 2371 eum
2187 2324 2323 2370 non
2374 2315 2838 2393 cognosceret.
2877 2304 3056 2372 Dixit

510 2404 736 2461 autem
779 2390 825 2460 il
861 2392 932 2459 i:
987 2391 1155 2473 Quis
1200 2412 1273 2460 es
1326 2391 1637 2459 Domine?
1685 2395 1762 2459 Et
1809 2389 1969 2459 ille:
2026 2414 2063 2456 «
2097 2395 2233 2481 Ege
2284 2412 2477 2472 sum,
2534 2392 2792 2478 inquit,
2845 2390 3057 2463 frater

509 2481 880 2563 Jordanus,
934 2479 1283 2567 quondam
1334 2479 1563 2550 dictus
1598 2478 1916 2571 Magister
1962 2479 2239 2549 Ordinis
2289 2479 2868 2551 Praedicatorum.
2920 2486 3056 2571 Ego

501 2571 646 2661 jam
698 2570 790 2640 mi
845 2570 988 2638 ravi
1028 2569 1111 2638 ad
1171 2569 1439 2638 beatam
1500 2569 1731 2649 vitam,
1784 2582 1849 2639 et
1898 2569 2073 2637 inter
2119 2569 2594 2660 Apostolorum
2643 2584 2706 2640 et
2754 2572 3056 2660 Prophe-

511 2673 736 2729 tarum
778 2682 814 2728 c
868 2679 1024 2728 oros
1064 2656 1393 2747 splendeo
1427 2657 1872 2728 sublimatus.
1931 2659 2177 2729 Missus
2217 2670 2444 2727 autem
2499 2681 2652 2729 sum
2704 2659 2790 2728 ad
2843 2672 2925 2740 te,
2979 2672 3054 2728 ut

509 2748 580 2816 in
634 2748 761 2817 hac
786 2746 1303 2838 jucundissima
1344 2745 1773 2815 solemnitate
1811 2758 1871 2816 te
1909 2746 2242 2816 consoler.
2282 2752 2380 2816 Tu
2420 2769 2577 2817 vero
2624 2748 2708 2817 de
2748 2749 3055 2839 praemio

511 2859 750 2908 secura
797 2850 963 2906 esto:
1020 2835 1420 2925 propediem
1477 2858 1517 2903 a
1565 2835 1853 2904 Domino
1901 2835 2363 2906 coronaberis.
2419 2841 2623 2905 Porro
2674 2837 3042 2927 psalmum,

509 2931 681 2995 Deus
709 2929 1111 2995 misereatur
1156 2926 1388 3005 nostri,
1443 2946 1601 2993 cum
1636 2925 1940 2993 oratione
1972 2924 2054 2993 de
2081 2925 2340 3014 Spiritu
2389 2929 2657 3009 Sancto,
2706 2948 2906 3012 quae,
2942 2946 3049 2993 me

511 3016 775 3084 vivente
813 3027 877 3082 et
926 3025 1230 3103 rogante,
1261 3035 1387 3103 pro
1423 3025 1652 3083 nostro
1678 3013 2014 3082 Ordinete
2062 3013 2402 3083 dicturam
2454 3015 2795 3102 recepisti,
2831 3035 3052 3100 usque

510 3103 595 3171 ad
633 3104 841 3172 finem
884 3103 1058 3171 vitae
1090 3101 1316 3171 dicere
1365 3123 1449 3170 ne
1496 3101 1842 3170 omittas.»
1884 3101 2006 3170 His
2053 3101 2281 3183 dictis,
2336 3102 2702 3193 disparuit,
2760 3116 3052 3172 tantam-

506 3213 640 3279 que
687 3193 757 3259 in
806 3190 958 3277 ejus
1010 3203 1277 3280 pectore
1327 3188 1866 3259 consolationem
1918 3189 2242 3277 reliquit,
2295 3203 2628 3277 quantam
2690 3213 3052 3277 nunquam

508 3292 937 3371 persenserat
963 3281 1032 3347 in
1066 3279 1200 3348 vita
1234 3301 1383 3349 sua.
1419 3277 1750 3348 Dilexerat
1780 3278 1896 3348 ille
1921 3279 2150 3348 adhuc
2178 3280 2370 3350 vivus
2413 3280 2822 3370 Lutgardem
2863 3280 3053 3350 haud

505 3368 902 3459 vulgariter,
937 3379 1003 3438 et
1048 3367 1226 3437 inter
1262 3366 1598 3436 foeminas
1631 3389 1872 3437 omnes
1908 3367 2008 3436 illi
2042 3368 2142 3437 vel
2182 3369 2477 3437 maxime
2517 3368 2729 3439 fidere
2764 3390 3060 3439 consue—

505 3470 715 3539 verat,
750 3459 842 3526 ita
888 3469 965 3527 ut
1012 3457 1218 3527 totius
1252 3456 1685 3525 Dominicani
1720 3456 2016 3526 instituti
2063 3457 2204 3526 sive
2235 3457 2512 3527 Ordinis
2560 3480 2712 3526 eam
2764 3470 3057 3527 matrem

508 3559 574 3615 et
607 3547 944 3615 nutricem
979 3545 1430 3617 constituerit.

594 3638 631 3722 §
678 3639 819 3707 41.
873 3638 1036 3704 Cum
1071 3636 1219 3724 jam
1283 3633 1575 3704 alterum
1630 3634 2072 3723 septennium
2129 3634 2490 3724 Lutgardis
2555 3657 2731 3726 pane
2785 3646 3055 3705 tantum

506 3735 572 3793 et
618 3722 799 3792 olere
851 3723 1318 3813 transegisset,
1364 3745 1607 3792 rursus
1656 3744 1780 3813 per
1827 3722 2311 3793 revelationem
2361 3723 2625 3793 dictum
2692 3736 2794 3794 est
2840 3725 2927 3803 ei,
2980 3736 3061 3793 ut

508 3813 703 3881 tertio
741 3811 1009 3902 jejunia
1059 3811 1281 3881 votiva
1328 3812 1511 3882 susci
1568 3823 1731 3893 eret,
1783 3833 1920 3899 quo
1970 3811 2285 3902 placatus
2333 3817 2512 3882 Deus
2562 3812 2825 3882 malum
2875 3811 3055 3883 illud

506 3914 856 3981 averteret,
909 3900 1092 3987 quod
1121 3901 1271 3990 ipsa
1302 3921 1502 3986 quem
1561 3923 1672 3969 am
1723 3901 2063 3971 Ecclesiae
2084 3901 2332 3970 Christi
2371 3901 2636 3971 hostem
2669 3902 3058 3972 certissime

506 3988 863 4059 illaturum
912 3988 1293 4059 verebatur.
1329 3987 1424 4058 Ab
1473 3987 1590 4059 illo
1644 4010 1809 4080 ergo
1857 4002 2160 4079 tempore
2222 4011 2444 4077 usque
2506 3990 2593 4060 ad
2645 4012 3058 4081 supremum

504 4078 685 4148 vitae
733 4078 917 4146 diem
966 4077 1060 4147 ita
1091 4090 1421 4167 perpetuo
1458 4078 1819 4169 jejunavit,
1874 4090 1949 4149 ut
1997 4077 2271 4148 nullum
2329 4079 2638 4161 0111111110,
2699 4101 2784 4148 ne
2823 4080 3061 4169 ipsum

503 4166 784 4256 quidem
817 4167 1165 4236 Paschatis
1203 4165 1726 4236 celeberrimum
1756 4168 1938 4237 diem
1978 4169 2239 4254 absque
2260 4167 2534 4257 jejunio
2567 4167 3052 4238 transmiserit.

507 4262 771 4327 Mortua
802 4269 903 4327 est
935 4266 1190 4337 autem,
1220 4268 1297 4326 ut
1344 4268 1495 4345 post
1542 4255 1879 4337 dicemus,
1915 4277 2096 4325 anno
2144 4257 2435 4345 septimo
2467 4257 2679 4349 huJus
2725 4256 3060 4326 salutaris

557 4401 581 4427 ¹·
611 4402 693 4441 Dte
723 4408 811 4441 xm
839 4400 956 4441 febr.
988 4409 1111 4441 anno
1142 4409 1417 4441 mccxxxvii.
1448 4400 1629 4441 contar
1659 4402 1712 4441 B.
1740 4401 1961 4441 Jordants
1989 4401 2153 4440 sancto
2184 4400 2427 4442 Dominico
2455 4404 2506 4443 in
2540 4402 2689 4443 totius
2710 4401 2896 4442 Ordinis
2925 4402 3066 4441 Prae-

502 4454 640 4497 dicat.
666 4455 943 4498 Prae-alata
962 4454 1149 4497 immed.
1173 4462 1434 4500 successor,
1452 4455 1575 4504 apud
1597 4464 1704 4495 eum
1726 4455 1955 4503 inclytum
1978 4454 2200 4496 Ordinem
2219 4464 2285 4496 xv
2304 4456 2419 4497 febr.
