3357 4995
704 305 832 371 482
1302 318 1381 365 nn
1428 318 1483 365 s.
1536 315 1783 364 ALnANo
1832 317 1950 365 st
1998 317 2226 366 Anemo
2278 319 2468 366 nar.
2809 303 3027 367 JUNII
3076 303 3166 368 22

704 414 743 488 ἓ
792 411 885 477 6.
941 409 1114 474 Dum
1154 424 1315 493 ergo
1356 402 1415 470 is
1460 422 1542 470 ex
1591 413 2025 491 persecutore
2061 402 2289 473 factus
2324 415 2503 474 esset
2549 403 2813 494 collega
2863 404 3170 474 veritatis

610 509 678 566 et
738 494 944 573 fidei,
1001 515 1081 562 ac
1120 492 1392 581 jacente
1440 489 1642 570 ferro,
1699 501 1876 559 esset
1924 491 2102 560 inter
2151 491 2520 561 carnifices
2557 493 2750 583 justa
2788 494 3163 574 cunctatiO,

612 594 913 652 montem
948 603 1110 650 cum
1147 580 1369 650 turbis
1403 578 2022 650 reverendissimus
2050 579 2166 648 Dei
2202 579 2554 650 confessor
2585 581 2930 652 ascendit:
2961 582 3172 668 quin-

660 672 836 741 entis
884 670 1023 740 fere
1071 669 1396 760 passibus
1429 668 1517 737 ab
1549 689 1758 738 arena
1791 668 1964 738 situs
1998 667 2112 736 hic
2142 681 2270 750 est,
2311 669 2521 739 variis
2562 671 2935 740 herbarum
2977 671 3171 739 flori—

609 695 745 830 gus
793 759 1131 850 depictus,
1168 759 1383 826 immo
1431 778 1932 844 usquequaque
1978 757 2299 827 vestitus:
2354 759 2425 826 in
2475 780 2613 846 quo
2661 758 2836 828 niliil
2888 781 2958 828 re
3010 771 3171 829 ente

610 849 938 930 arduum,
983 846 1156 915 nihil
1206 868 1565 937 praecepS,
1621 845 1796 915 nihil
1845 845 2264 935 abruptum;
2322 868 2528 933 quem
2580 847 2911 918 lateribus
2986 869 3071 916 on
3125 870 3171 918 e

613 938 882 1024 lateque
930 935 1344 1015 deductum,
1401 936 1471 1003 in
1524 933 1808 1003 modum
1874 935 2194 1021 aequoris
2249 949 2503 1006 natura
2572 937 3004 1028 complanat:
3108 937 3170 1005 i—

613 1048 831 1118 gnum
895 1024 1212 1094 videlicet
1265 1045 1423 1092 eum
1476 1045 1601 1113 pro
1640 1023 1847 1094 insita
1896 1023 2028 1093 sibi
2091 1024 2319 1113 specie
2382 1026 2760 1096 venustatis
2797 1025 2944 1115 jam
2993 1025 3166 1095 olim

611 1114 933 1196 reddenS,
986 1114 1107 1201 qui
1155 1112 1333 1182 beati
1386 1112 1712 1212 martyris
1751 1134 1994 1181 cruore
2041 1111 2411 1182 dicaretur.
2454 1119 2528 1183 ln
2565 1115 2778 1204 hujus
2816 1136 2978 1214 ergo
3011 1136 3168 1184 ver-

612 1204 743 1274 tice
785 1208 849 1272 S.
904 1202 1206 1272 Albanus
1255 1200 1405 1270 dari
1454 1200 1589 1269 sibi
1637 1222 1889 1286 aquam
1922 1223 1961 1269 a
1994 1205 2127 1270 Deo
2157 1202 2459 1291 rogavit:
2494 1204 2860 1290 statimque
2890 1202 3166 1275 incluso

611 1303 868 1372 meatu,
914 1302 1073 1360 ante
1123 1288 1328 1379 pedes
1374 1289 1525 1379 ejus
1573 1289 1727 1359 sons
1761 1289 2082 1378 perennis
2107 1301 2381 1360 exortus
2407 1305 2532 1370 est,
2572 1305 2649 1361 ut
2677 1313 2920 1361 omnes
2941 1314 3165 1381 agno—

611 1392 902 1461 scerent,
932 1379 1139 1448 etiam
1173 1391 1537 1448 torrentem
1562 1378 1849 1468 martyri
1883 1379 2291 1465 obsequium
2327 1379 2678 1450 detulisse.
2711 1385 2940 1467 Neque
2969 1382 3162 1449 enim

610 1469 763 1538 fieri
801 1479 1081 1558 poterat,
1116 1468 1293 1536 utin
1330 1466 1547 1536 arduo
1598 1467 1852 1536 montis
1899 1469 2262 1537 cacumine
2301 1491 2555 1556 aquam
2605 1482 2890 1558 martyr,
2944 1491 3163 1556 quam

613 1557 685 1626 in
736 1557 947 1626 fluvio
997 1577 1131 1625 non
1182 1555 1555 1643 reliquerat
1593 1568 1870 1644 peteret,
1928 1557 1988 1625 si
2028 1556 2155 1626 hoc
2204 1570 2673 1647 opportunum
2705 1579 2854 1628 esse
2887 1579 3019 1627 non
3057 1559 3161 1626 vi-

616 1646 826 1714 deret.
872 1645 1000 1728 Qui
1051 1644 1366 1714 videlicet
1413 1644 1689 1724 ssuviuS‚
1746 1644 2129 1714 ministerio
2180 1645 2549 1736 persolut0,
2588 1645 2946 1716 devotione
2973 1668 3163 1716 com*

616 1735 850 1824 pleta,
896 1733 1105 1802 officii
1156 1733 1623 1803 testimonium
1666 1733 2100 1819 relinquenS,
2156 1756 2472 1806 reversus
2518 1746 2622 1804 est
2668 1735 2756 1804 ad
2806 1748 3151 1805 naturam.

611 1822 998 1894 Decollatus
1047 1822 1277 1909 itaque
1312 1834 1571 1910 martyr
1601 1821 2016 1892 fortissimus
2055 1822 2337 1904 ibidem,
2391 1824 2656 1913 accepit
2701 1845 3028 1894 coronam
3061 1824 3159 1892 vi-

614 1924 742 1992 tae,
797 1933 1004 1999 quam
1058 1911 1448 2001 repromisit
1498 1916 1674 1980 Deus
1723 1910 2175 2000 diligentibus
2222 1934 2316 1982 se.
2373 1913 2498 1981 Sed
2550 1912 2666 1982 ille
2696 1913 2819 2000 qui
2852 1914 2986 2002 piis
3011 1934 3156 1982 cer-

619 2001 888 2070 vicibus
927 2001 1180 2089 impias
1230 1999 1461 2069 intulit
1512 2022 1786 2080 manuS‚
1841 1999 2144 2090 gaudere
2191 2022 2400 2091 super
2467 2014 2819 2071 mortuum
2869 2021 3004 2070 non
3053 2015 3155 2070 est

614 2090 1021 2179 permissus.
1096 2095 1260 2158 Nam
1325 2088 1510 2159 oculi
1567 2088 1718 2178 ejus
1781 2088 1850 2156 in
1902 2099 2151 2157 terram
2202 2111 2345 2159 una
2391 2112 2551 2160 cum
2605 2091 2784 2160 beati
2834 2090 3154 2180 martyris

610 2179 835 2267 capite
882 2177 1285 2247 deciderunt

696 2270 732 2354 ς
778 2270 854 2336 ⁸2.
909 2266 1291 2335 Decollatus
1340 2278 1439 2334 est
1478 2265 1574 2334 ibi
1613 2266 1816 2336 etiam
1856 2276 2000 2334 tum
2055 2264 2252 2336 miles
2288 2265 2426 2348 ille,
2461 2267 2583 2354 qui
2617 2278 2817 2336 antea
2854 2289 3150 2357 superno

610 2370 784 2424 nutu
834 2367 1211 2445 correptuS‚
1246 2366 1559 2424 sanctum
1612 2355 1729 2424 Dei
1776 2354 2235 2423 consessorem
2272 2354 2472 2425 ferire
2499 2356 2860 2426 recusavit.
2895 2361 2984 2425 De
3017 2379 3149 2442 quo

607 2445 943 2514 nimirum
970 2456 1257 2523 constat,
1298 2444 1461 2531 quia
1498 2444 1623 2514 etsi
1674 2443 1856 2514 fonte
1904 2443 2340 2533 baptismatis
2387 2466 2525 2515 non
2558 2458 2660 2515 est
2700 2444 3003 2527 ablutus,
3040 2445 3149 2516 sui

608 2546 832 2603 tamen
885 2545 987 2604 est
1035 2534 1397 2625 sanguinis
1445 2533 1717 2603 lavacro
1765 2532 2165 2613 mundatuS‚
2204 2555 2284 2602 ac
2309 2535 2503 2624 regni
2537 2533 2850 2605 coelestis
2897 2535 3150 2625 dignus

610 2621 831 2692 factus
880 2623 1223 2713 ingressu.
1258 2628 1446 2690 Tunc
1483 2623 1702 2722 judex
1751 2633 1937 2690 tanta
1987 2621 2486 2692 miraculorum
2514 2623 2913 2694 coelestium
2966 2623 3150 2692 novi-

609 2722 743 2781 tate
794 2711 1179 2801 perculsuS‚
1246 2732 1501 2780 cessari
1559 2732 1716 2780 mox
1763 2732 1802 2778 a
1851 2710 2328 2799 persecutione
2376 2713 2745 2801 praecepit,
2820 2713 3149 2782 honorem

608 2799 858 2869 referre
901 2800 1241 2890 incipiens
1279 2799 1472 2869 caedi
1512 2812 1936 2878 sanctorum,
1969 2820 2092 2888 per
2124 2820 2333 2885 quam
2367 2821 2483 2869 eos
2512 2801 2929 2890 opinabatur
2959 2801 3149 2890 prius

606 2911 647 2957 a
694 2888 1117 2959 Christianae
1164 2887 1327 2956 fidei
1364 2910 1559 2978 posse
1587 2888 1944 2957 devotione
1989 2909 2280 2956 cessare.
2322 2894 2572 2959 Passus
2601 2902 2702 2959 est
2734 2902 2964 2958 autem
2994 2892 3150 2959 bea-

610 2989 720 3047 tus
774 2976 1076 3046 Albanus
1123 2977 1235 3045 die
1283 2976 1550 3046 decimo
1610 2975 2066 3046 Calendarum
2127 2976 2477 3047 Juliarum
2545 2978 2740 3065 juxta
2808 2978 3150 3047 civitatem

608 3065 1071 3134 verolamium
1118 3065 1246 3154 (a),
1281 3088 1457 3151 quae
1507 3087 1692 3134 nunc
1720 3087 1758 3134 a
1786 3078 1984 3165 gente
2025 3065 2401 3155 Anglorum
2431 3066 2973 3137 Werlamacestir
3007 3067 3152 3134 sive

606 3154 1168 3243 Warlingacestir
1215 3153 1632 3243 appellatur:
1688 3154 1810 3223 ubi
1861 3165 2118 3244 postea,
2160 3153 2487 3224 redeunte
2536 3167 2920 3246 temporum
2957 3155 3149 3224 Chri-

609 3242 990 3312 stianorum
1044 3244 1424 3323 serenitate,
1478 3242 1768 3312 ecclesia
1792 3255 1893 3312 est
1924 3242 2225 3311 mirandi
2273 3243 2526 3333 operis,
2559 3257 2762 3332 atque
2788 3246 2938 3335 ejus
2965 3266 3149 3314 mar-

606 3331 782 3420 tyrio
816 3331 1019 3400 condi
1077 3353 1162 3400 na
1190 3344 1514 3401 extructa.
1564 3335 1639 3399 In
1670 3353 1808 3418 quo
1842 3330 2155 3400 videlicet
2186 3330 2333 3401 loco
2363 3353 2585 3419 usque
2614 3333 2698 3403 ad
2729 3334 2907 3403 hanc
2935 3332 3143 3414 diem,

608 3420 871 3489 curatio
937 3420 1005 3488 in
1039 3442 1399 3500 irmorum,
1453 3433 1518 3489 et
1564 3418 2027 3507 frequentium
2078 3421 2384 3509 operatio
2435 3422 2764 3491 virtutum
2814 3421 3147 3491 celebrari

606 3530 743 3578 non
778 3508 1052 3578 desinit.
1108 3510 1295 3578 Passi
1331 3521 1492 3577 sunt
1519 3530 1599 3578 ea
1635 3521 2031 3599 tempestate
2063 3513 2283 3578 Aaron
2325 3522 2391 3579 et
2435 3509 2672 3580 Julius
2702 3510 2736 3543 '⁴²
2771 3511 3146 3601 Legionum

605 3598 802 3667 urbis
840 3598 1045 3679 civeS‚
1103 3597 1359 3684 aliique
1406 3598 1774 3687 utriusque
1822 3620 2024 3667 sexus
2072 3597 2364 3669 diversis
2403 3598 2473 3667 in
2526 3598 2695 3667 locis
2745 3599 3143 3689 perplures:

602 3687 725 3773 qui
756 3685 1046 3757 diversis
1080 3688 1506 3757 cruciatibus
1535 3688 1715 3767 torti,
1751 3697 1817 3756 et
1841 3685 2137 3756 inauditi
2175 3687 2648 3757 membrorum
2682 3687 3147 3778 discerptione

602 3775 903 3857 lacerati,
949 3776 1220 3845 animas
1268 3776 1353 3844 ad
1404 3798 1746 3866 supernae
1793 3776 2087 3845 civitatis
2137 3776 2396 3865 gaudia
2429 3776 2726 3867 perfecto
2761 3798 2982 3867 agone
3023 3777 3149 3845 mi·

601 3875 863 3933 serunt.
920 3870 1267 3935 Hactenus
1318 3864 1518 3934 Beda.

688 3956 724 4038 ξ
772 3957 852 4024 S.
912 3953 1126 4022 Hodie
1176 3953 1553 4023 beatissimi
1608 3954 1933 4043 martyris
1982 3954 2197 4044 hujus
2247 3953 2488 4023 Albani
2541 3976 2776 4024 sacrae
2815 3954 3149 4042 reliquiae

605 4041 923 4112 Coloniae
999 4043 1069 4110 in
1144 4044 1557 4112 monasterio
1616 4048 1682 4111 S.
1761 4043 2195 4112 Pantaleonis
2277 4042 2596 4133 religiose
2679 4056 3144 4114 asservantur.

608 4136 921 4200 Latuerat
974 4131 1117 4200 illic
1166 4131 1575 4219 aliquandiu
1635 4133 2033 4222 praeclarus
2083 4132 2476 4214 thesauruS,
2537 4133 2606 4201 in
2656 4132 2957 4219 quodam
3011 4155 3150 4202 non

655 4332 725 4386 (a)
753 4332 820 4373 Ex
840 4332 1107 4381 verolamii,
1133 4333 1270 4382 cnjus
1289 4330 1477 4371 nonnisi
1505 4333 1678 4374 rudera
1706 4333 1935 4382 quaedam
1952 4333 2224 4382 supersunt,
2253 4330 2419 4381 ruinis,
2439 4333 2708 4376 extructum
2731 4333 2804 4372 est
2823 4331 2867 4372 S.
2886 4332 3055 4372 Albani
3072 4341 3152 4383 op·

604 4387 1190 4489 ⁹¹3¹¹1¹³1iseripnusrtyror
1211 4438 1342 4479 Rom.
1362 4439 1461 4479 Kal.
1483 4439 1607 4488 juni.
