3357 4995
210 306 431 377 JUNII
481 310 564 374 ⁴6
929 327 1008 374 ns
1056 328 1111 375 s.
1166 326 1454 376 amomi:
1501 326 1797 376 msmmst
1845 326 2046 376 muse.
2551 309 2678 376 375

215 433 375 481 vero
450 410 838 500 Thuringos
905 410 1208 511 respicit.
1262 415 1441 482 Haec
1491 411 1705 504 igitur
1767 410 1962 481 urbis
2014 411 2306 484 Missnae
2363 413 2556 503 origo
2587 465 2604 492 ,
2656 412 2774 481 hic

219 501 399 570 situs
473 512 598 572 est.
652 498 972 568 Conditor
1018 500 1274 591 lpsiuS‚
1335 521 1517 570 anno
1555 500 1809 570 dehinc
1857 500 2096 580 tertio,
2158 522 2320 570 cum
2373 505 2527 570 Hun
2583 501 2724 572 aris
2755 555 2774 582 ‚

220 602 386 658 tunc
411 589 729 679 „paganis
759 589 1119 658 Saxoniam
1157 588 1677 679 populantibus,
1721 589 1898 659 bello
1925 610 2341 678 congressus
2380 612 2520 680 apu
2604 594 2777 658 Mer—

219 680 472 767 seborg
518 677 1056 766 Thuringorum,
1111 678 1545 748 memorabili
1591 699 1709 748 eos
1755 678 1951 748 clade
2004 677 2225 748 fudit:
2283 690 2347 747 et
2409 678 2771 758 tributum,

223 767 408 854 quod
453 766 591 837 illis
624 766 986 852 hucusque
1018 766 1226 856 pendi
1266 766 1544 836 solitum
1596 780 1763 850 erat,
1805 768 1873 834 in
1928 788 2288 857 pauperes,
2344 789 2421 835 ac
2474 767 2625 857 pios
2664 788 2778 834 ec-

224 855 594 924 clesiarum
647 876 820 924 usus
860 854 1191 945 elargitus
1222 867 1345 925 est.
1400 860 1685 925 Centum
1723 855 1943 924 millia
1967 860 2451 946 Hungarorum
2486 877 2565 924 eo
2594 854 2780 924 bello

227 943 599 1013 desiderati
634 955 829 1044 sunt,
867 943 1100 1043 plures
1132 943 1323 1013 ducti
1374 944 1652 1034 captivi,
1708 943 1998 1033 plurimi
2046 943 2211 1034 suga
2257 944 2499 1033 elapsi.
2559 948 2782 1033 Impe-

226 1046 411 1102 rator
441 1045 593 1125 post
626 1044 763 1101 tam
814 1053 1157 1120 insignem
1210 1033 1591 1113 victoriam,
1647 1054 1888 1102 secum
1942 1033 2176 1102 animo
2224 1041 2651 1122 conceperat,
2705 1032 2779 1100 in

224 1123 399 1192 urbe
449 1120 836 1201 Missnensi‚
910 1122 1112 1211 cujus
1157 1134 1463 1212 tempore
1511 1122 1894 1212 Hungarici
1955 1121 2117 1190 belli
2170 1134 2557 1212 opportune
2604 1142 2778 1191 usus

227 1210 472 1291 fuerat,
527 1208 988 1300 pontificalem
1054 1221 1348 1280 statuere
1405 1210 1684 1280 sedem:
1737 1232 1976 1280 verum
2038 1223 2191 1300 post
2240 1210 2459 1279 multa
2505 1209 2779 1279 virtutis

227 1299 645 1369 documenta
691 1298 1061 1367 immatura
1119 1312 1336 1369 morte
1381 1309 1782 1390 peremptus
1830 1311 1975 1379 est,
2032 1299 2385 1389 negotium
2441 1297 2586 1367 filio
2652 1319 2780 1368 suo

227 1388 454 1457 Ottoni
492 1398 943 1477 cognomento
992 1392 1235 1477 Magno
1285 1387 1786 1477 perficiendum
1822 1387 2123 1487 reliquit.
2161 1389 2309 1467 Hic,
2361 1399 2438 1456 ut
2487 1387 2588 1455 vir
2633 1398 2780 1456 erat

225 1477 421 1545 omni
470 1477 715 1566 pietate
753 1475 1198 1565 conspicuuS‚
1252 1476 1608 1563 divinique
1636 1477 1870 1547 cultus
1920 1476 2601 1557 observantissimUS,
2656 1497 2778 1565 pa-

228 1566 352 1635 tris
403 1564 728 1633 mandata
774 1563 959 1634 haud
1030 1565 1329 1655 segniter
1376 1565 1714 1656 implens,
1778 1565 2246 1634 Cathedralem
2306 1586 2484 1650 quae
2548 1563 2778 1634 adhuc

225 1666 428 1734 extat,
487 1674 734 1743 ponere
782 1653 1007 1743 coepit
1041 1653 1444 1726 ecclesiam:
1500 1658 1633 1723 Deo
1694 1659 1845 1744 Opt.
1900 1659 2100 1734 Max„
2169 1658 2243 1722 D.
2301 1654 2564 1723 Joanni
2604 1659 2781 1742 Apo-

227 1742 426 1820 stolo,
478 1754 543 1811 et
585 1747 839 1812 Donato
879 1743 1214 1832 Episcopo
1262 1765 1342 1812 ac
1375 1743 1624 1813 Christi
1667 1743 1957 1831 martyri
2005 1742 2402 1811 dicandam:
2456 1742 2527 1810 in
2578 1742 2780 1831 cujus

233 1830 623 1901 meditullio
679 1851 933 1921 corpus
987 1831 1162 1919 erS,
1216 1832 1301 1900 de
1347 1853 1485 1918 quo
1532 1831 1785 1922 agitur,
1838 1830 2209 1900 venerandi
2259 1830 2519 1901 scilicet
2566 1830 2782 1920 patris

231 1920 601 1996 Bennonis,
655 1919 847 1989 omni
880 1941 1049 1989 auro
1097 1942 1176 1988 ac
1210 1922 1506 2010 gemmis
1554 1921 1926 2010 pretiosius
1966 1919 2346 1990 honorifice
2386 1919 2782 2010 depositum

231 2031 446 2099 supra
494 2028 640 2078 cccc
692 2007 893 2076 modo
932 2030 1174 2087 annos,
1213 2009 1474 2078 crebris
1501 2010 1570 2077 in
1606 2009 1870 2079 Christo
1896 2008 2266 2080 virtutibus
2296 2030 2374 2077 ac
2427 2007 2783 2077 miraculis

231 2111 571 2167 coruscat.
630 2095 704 2165 ld
752 2095 934 2182 quod
972 2097 1272 2186 pensiles
1301 2097 1444 2167 illic
1490 2098 1776 2168 tabellae
1807 2099 2164 2184 votivaque
2197 2119 2484 2166 munera
2521 2097 2782 2165 affatim

231 2189 597 2256 ostentant.
653 2186 865 2275 Cujus
899 2207 1025 2255 nos
1053 2187 1284 2268 vitam,
1328 2198 1395 2255 et
1424 2186 1803 2258 exantlatos
1834 2208 1958 2277 pro
1999 2186 2264 2256 Christo
2296 2186 2585 2265 labores,
2617 2203 2784 2253 con-

234 2295 638 2361 versamque
684 2274 772 2342 ab
819 2295 898 2343 eo
948 2295 1200 2365 magna
1233 2297 1312 2344 ex
1339 2288 1531 2364 parte
1581 2276 1979 2345 Sclavorum
2013 2289 2311 2365 gentem,
2354 2287 2420 2343 et
2445 2273 2785 2342 miracula

237 2375 332 2432 tot
385 2376 559 2432 retro
608 2361 862 2432 seculis
910 2363 980 2430 in
1033 2363 1218 2433 hunc
1267 2385 1487 2450 usque
1559 2364 1741 2433 diem
1792 2365 2240 2444 continuata,
2313 2363 2396 2432 ad
2450 2362 2781 2431 honorem

233 2453 492 2523 summi
546 2452 658 2522 Dei
696 2452 1181 2543 conscripturi‚
1219 2452 1506 2523 feliciter
1552 2453 2065 2544 aggrediamur.
2332 2491 2336 2496 ,

321 2546 520 2610 Vnus
567 2547 747 2611 H1sr.
792 2544 829 2628 ξ
876 2547 953 2615 1.
1008 2547 1191 2611 Inter
1248 2542 1472 2612 claras
1521 2543 1852 2612 Saxoniae
1897 2541 2205 2612 civitates
2249 2563 2327 2610 ea
2368 2563 2544 2627 quae
2596 2560 2782 2608 nunc

232 2630 439 2720 vulgo
485 2631 828 2721 Hyldeslze
877 2654 966 2710 m,
1004 2630 1170 2700 olim
1207 2636 1435 2701 Benno
1487 2630 1618 2701 olis
1657 2630 1844 2700 dicta
1875 2644 1998 2711 est,
2053 2654 2093 2699 a
2126 2635 2445 2699 Bennone
2477 2627 2781 2715 quodam

229 2720 338 2809 (ut
385 2720 614 2807 ajunt)
659 2740 785 2789 con
846 2720 1014 2787 itore
1061 2719 1375 2790 Phrisio:
1482 2720 1594 2789 inc
1634 2719 1794 2790 divo
1842 2720 2145 2788 Bennoni
2177 2730 2408 2788 nostro
2444 2739 2695 2787 nomen
2716 2716 2775 2794 ¹⁵,

235 2808 400 2877 hinc
431 2807 968 2898 Bennopolitano
1015 2829 1395 2898 cognomen
1447 2820 1570 2877 est.
1628 2813 1702 2877 ln
1754 2830 1833 2877 ea
1865 2809 2049 2880 enim
2086 2807 2256 2877 urbe
2304 2831 2339 2876 a
2375 2807 2626 2876 teneris
2658 2826 2786 2873 an—

238 2898 346 2965 nis
393 2895 752 2977 educatus,
789 2908 856 2965 et
895 2917 1088 2965 sacra
1138 2909 1319 2966 veste
1350 2896 1660 2976 indutus,
1707 2899 1772 2966 in
1803 2919 1960 2965 eum
1998 2897 2210 2965 crevit
2247 2897 2467 2964 virum
2506 2894 2783 2981 qualem

238 2991 368 3055 Deo
447 2985 694 3075 ropitio
731 2986 1181 3085 perscripturi
1207 3007 1477 3055 sumuS.
1524 2990 1720 3054 Pater
1745 2985 1969 3076 ipsius
1996 2990 2235 3053 Comes
2268 2984 2396 3052 fuit
2424 2984 2782 3060 Saxoniae,

239 3096 372 3143 non
434 3095 612 3164 onge
657 3096 696 3142 a
744 3073 1051 3144 Goslaria
1101 3074 1445 3144 habitans:
1504 3085 1720 3143 mater
1765 3095 1922 3143 vero
1973 3073 2226 3153 Bezela,
2289 3072 2471 3142 dicta
2518 3084 2641 3142 est.
2702 3072 2789 3140 Hi

236 3162 442 3231 ambo
490 3184 649 3232 cum
684 3161 1102 3231 voluntatem
1141 3161 1442 3232 facerent
1470 3162 1827 3244 Altissimi,
1880 3176 1945 3231 et
1990 3163 2061 3230 in
2100 3162 2246 3252 lege
2295 3162 2408 3230 Dei
2460 3162 2569 3231 sui
2619 3159 2790 3229 fide-

239 3251 335 3322 les
388 3252 850 3340 persisterent,
895 3250 1071 3319 duos
1106 3250 1244 3321 illis
1297 3251 1627 3321 Dominus
1675 3250 1865 3320 dedit
1912 3251 2125 3320 filios:
2190 3250 2782 3341 christophorum,

241 3340 364 3427 qui
399 3340 571 3429 patri
605 3340 674 3408 in
709 3339 1045 3409 Comitatu
1068 3351 1297 3429 postea
1323 3340 1675 3410 successit:
1715 3345 2185 3409 etBennonem
2225 3339 2411 3409 hunc
2440 3351 2783 3417 nostrum,

241 3429 364 3516 qui
412 3428 727 3498 abdicato
776 3434 881 3513 (ut
909 3427 1248 3514 dicemus)
1296 3428 1552 3508 seculo,
1592 3428 1839 3497 Christi
1868 3449 2075 3514 quam
2132 3427 2377 3496 mundi
2426 3427 2637 3516 hujus
2668 3431 2790 3495 Co-

242 3538 389 3588 mes
436 3538 586 3586 esse
634 3516 901 3587 maluit.
948 3515 1187 3585 Editus
1236 3517 1449 3606 igitur
1481 3518 1551 3585 in
1602 3517 1782 3586 hanc
1832 3516 2056 3585 lucem
2106 3520 2337 3584 Benno
2387 3529 2616 3585 noster
2657 3514 2790 3582 hu-

239 3627 487 3675 manae
558 3605 801 3676 salutis
870 3626 1053 3675 anno
1128 3628 1215 3674 ux
1264 3628 1423 3675 cum
1497 3627 1761 3675 annum
1830 3606 2069 3674 aetatis
2127 3616 2357 3694 ageret
2412 3603 2785 3691 quintum,

242 3693 583 3785 puerulus
635 3694 904 3775 adhuc,
959 3693 1254 3765 traditus
1303 3706 1406 3763 est
1452 3694 1520 3763 in
1554 3693 1965 3780 obsequium
2017 3693 2233 3763 sancti
2287 3691 2677 3761 Bernwardi
2724 3691 2792 3726 *²*

243 3782 769 3873 Bennopolitani
821 3783 1186 3874 Episcopi:
1238 3783 1360 3869 qui
1392 3781 1598 3851 etiam
1649 3783 1797 3872 ipse
1843 3803 1925 3850 ex
1959 3780 2212 3850 illustri
2246 3782 2584 3850 Comitum
2635 3801 2794 3849 san-

288 3871 453 3940 uine
485 3883 906 3961 procreatus,
964 3872 1310 3940 Bennonis
1357 3872 1574 3941 nostri
1631 3870 2196 3960 consanguineus
2244 3869 2374 3939 fuit
2412 3882 2478 3938 et
2533 3868 2785 3938 affinis.

239 3894 700 4042 {uamobrem
754 3981 1016 4029 memor
1062 3959 1253 4029 illius
1300 3958 1483 4047 quod
1519 3961 1860 4049 scriptum
1912 3969 2037 4040 est,
2091 3961 2373 4028 Initimn
2418 3959 2793 4049 sapientiae

241 4051 446 4119 timor
487 4051 779 4119 Domini:
832 4070 1123 4138 puerum
1173 4048 1236 4117 ei
1269 4047 1596 4117 traditum
1642 4048 1948 4138 primum
1983 4046 2297 4117 omnium
2351 4046 2588 4117 timere
2638 4044 2797 4115 fecit

244 4142 503 4206 Deum:
542 4138 743 4226 eique
776 4136 1076 4212 literario
1127 4158 1282 4207 mox
1331 4136 1562 4207 studio
1610 4136 2068 4216 eruderandO,
2110 4147 2619 4238 praeceptorem
2674 4134 2796 4203 de·-

239 4225 343 4295 dit
401 4226 749 4317 wigerum
820 4225 1293 4316 Praepositum
1343 4225 1733 4295 Monasterii
1793 4225 1905 4294 sui
1978 4228 2044 4293 S.
2112 4223 2498 4304 Michaelis,
2567 4223 2793 4293 virum

295 4384 321 4411 Φ
353 4385 499 4424 Rem-o
517 4384 643 4425 idem
661 4380 799 4434 qussi
819 4394 872 4424 oc
891 4384 1158 4425 Benedictus.

295 4438 350 4465 **
379 4438 469 4486 Qut
487 4438 748 4479 Ber-nardus
767 4438 974 4488 scriptus
992 4437 1166 4479 tucubt
1184 4434 1442 4488 reperitur:
1462 4435 1691 4478 recolim-
1707 4435 1759 4476 in
1783 4435 1914 4477 Rom.
1931 4435 2174 4485 uni-tyrol.
2199 4443 2312 4477 xxvi
2333 4437 2425 4474 oet.
