3357 4995
647 340 773 404 492
1356 356 1433 402 mv.
1480 356 1536 402 s.
1590 355 1952 403 Noarnaaro
2000 354 2295 402 EPISCOPO
2792 338 3009 406 JUNIl
3054 342 3103 404 ’6

557 441 893 533 largitatis
941 452 1005 511 et
1054 442 1314 530 gratiae
1363 461 1499 509 non
1548 439 1937 519 immemor,
1982 441 2269 511 Domino
2306 445 2432 509 Deo
2474 462 2598 509 suo
2628 461 2749 530 per
2781 441 3104 543 singulos

553 532 702 602 dies
754 533 970 601 bonae
1016 529 1547 600 existimationis
1596 540 1660 598 et
1711 527 1993 597 intimae
2043 530 2397 598 suavitatis
2446 541 2509 598 et
2557 529 2950 599 dulcedinis
2999 531 3102 599 of-

554 620 780 690 ferens
827 619 1350 688 conscientiam.
2823 637 2831 642 ·

643 712 678 795 ἓ
727 713 876 781 61.
933 713 1088 776 Erat
1160 721 1302 777 tum
1368 707 1672 776 schisma
1721 706 2207 797 gravissimum
2268 719 2332 774 et
2398 706 2483 775 ad
2535 707 3101 809 componendum

551 796 1042 866 difficillimum
1097 797 1165 865 in
1218 809 1456 866 sancta
1499 801 1801 865 Romana
1846 796 2027 875 sede,
2082 808 2156 863 ut
2194 795 2338 884 jam
2392 818 2606 885 supra
2653 797 2919 867 dictum
2968 809 3093 877 est,

553 884 1003 955 Pontificibus
1052 887 1452 956 Innocentio
1500 899 1564 954 et
1612 890 1804 954 Petro
1854 885 2096 953 Leonis
2136 883 2190 950 ’ἃ
2247 889 2293 951 Ε
2340 885 2598 971 quibus
2645 887 3101 957 Innocentius

554 976 884 1044 canonice
924 973 1205 1054 electus,
1244 974 1628 1044 catholicus
1666 986 1833 1053 erat,
1886 986 1951 1042 et
1997 995 2034 1041 a
2084 972 2441 1042 catholicis
2470 975 2798 1045 omnibus
2846 996 3099 1065 appro-

553 1064 757 1133 batus
799 1063 1298 1153 recipiebatur:
1338 1068 1575 1132 Petrus
1627 1084 1781 1132 vero
1810 1075 1955 1130 erat
2003 1062 2333 1139 intrusus,
2372 1061 2485 1132 sed
2530 1076 2756 1133 tamen
2803 1086 3100 1152 occupa-

551 1154 644 1220 vit
675 1166 978 1221 sanctam
1015 1152 1280 1232 Sedem,
1312 1173 1445 1220 non
1481 1156 1635 1231 Deo,
1665 1173 1886 1238 neque
1914 1150 2212 1219 Ecclesia
2244 1163 2501 1230 sancta,
2527 1152 2644 1220 sed
2676 1153 2940 1224 viribus
2968 1153 3100 1221 hu-

550 1242 778 1310 manis
807 1241 1043 1310 fretus.
1082 1246 1237 1309 Erat
1265 1241 1449 1309 enim
1492 1241 1618 1309 etsi
1651 1262 1787 1308 non
1819 1239 2204 1318 nobilitate,
2248 1238 2693 1310 multitudine
2722 1254 2949 1310 tamen
2979 1262 3098 1330 ge-

553 1330 739 1398 neris
792 1342 1030 1420 potens
1067 1331 1130 1396 in
1177 1330 1376 1408 Urbe,
1411 1330 1731 1419 legesque
1759 1346 2030 1399 sanctas
2056 1341 2121 1397 et
2147 1328 2457 1397 ordinem
2489 1342 2553 1397 et
2577 1330 2812 1399 omnia
2840 1343 3097 1400 statuta

553 1432 825 1508 patrum
869 1432 934 1487 et
984 1417 1323 1487 Ecclesiae
1372 1431 1668 1487 sanctae.
1705 1417 2153 1506 regulamque
2201 1416 2623 1487 Christianae
2654 1418 2840 1499 fidei,
2880 1419 3096 1488 ambi·
3182 1433 3191 1436 ·

558 1509 738 1577 tione
787 1521 1211 1587 excaecamS,
1242 1507 1661 1586 destruebat,
1696 1521 1918 1575 turres
1943 1519 2006 1574 et
2033 1506 2453 1574 munitiones
2488 1506 2687 1576 Urbis
2717 1507 2891 1577 alias
2917 1507 3092 1597 deji-

550 1597 764 1673 ciens,
798 1595 972 1665 alias
1001 1597 1347 1674 muniens,
1392 1609 1468 1665 ut
1495 1597 1963 1686 principatum
1994 1593 2370 1663 secularem
2401 1609 2465 1663 et
2491 1617 2658 1665 suae
2682 1595 3086 1685 cupiditatis
3126 1643 3139 1686 2

552 1707 839 1773 scopum
869 1685 1225 1754 obtineret.
1250 1690 1489 1771 Itaque
1509 1685 1798 1753 consilio
1821 1682 1989 1752 inito
2015 1705 2054 1750 a
2086 1704 2152 1751 re
2178 1705 2237 1751 νθ
2262 1684 2575 1753 Lothario
2597 1699 2660 1754 et
2688 1685 3095 1756 Christianis

553 1774 1014 1873 principibus,
1041 1795 1123 1843 ne
1143 1774 1444 1864 cognitio
1471 1785 1536 1842 et
1564 1773 1774 1842 robur
1795 1772 2104 1841 fidelium
2130 1777 2172 1840 C
2228 1773 2670 1842 ristianorum
2703 1773 2811 1843 h‘is
2836 1787 3097 1863 tempo-

551 1863 748 1932 ribus
783 1862 901 1931 111a
939 1877 1135 1952 ,peste
1187 1862 1533 1931 mortifera
1579 1861 1969 1940 elideretur,
2024 1861 2525 1949 expeditionem
2559 1863 2625 1929 in
2680 1862 2946 1932 Italiam
2975 1885 3097 1952 ap·

553 1966 910 2040 pararunt,
951 1964 1028 2021 ut
1066 1951 1477 2042 sacrilegum
1512 1951 1734 2031 illum,
1768 1972 1971 2036 quem
2023 1948 2298 2039 gladius
2338 1949 2745 2039 spiritualiS,
2778 1972 2916 2038 quo
2936 1952 3088 2052 jam

553 2039 956 2129 saepissime
1021 2062 1391 2129 percussus
1438 2039 1681 2116 fuerat,
1755 2051 2109 2128 penetrare
2161 2061 2293 2107 non
2359 2052 2639 2128 poterat,
2717 2040 3096 2110 materialis

557 2128 832 2197 tandem
884 2128 1273 2198 conficeret.
1339 2133 1504 2197 Cum
1569 2150 1646 2196 eo
1695 2142 1923 2197 autem
1974 2141 2038 2195 et
2086 2127 2239 2196 aliis
2293 2141 2425 2196 tam
2482 2128 2835 2218 Episcopis
2882 2150 3097 2216 quam

554 2217 1125 2307 Archiepiscopis,
1172 2240 1249 2286 ex
1301 2230 1661 2306 praecepto
1708 2228 1772 2286 et
1811 2215 2197 2285 obedientia
2244 2218 2629 2285 *Innocentii
2666 2218 2958 2306 pastoris
2980 2241 3097 2287 ca—

555 2306 815 2386 tholici,
857 2306 1154 2396 pontifex
1205 2306 1600 2375 Nortbertus
1643 2304 1984 2395 profectus
2039 2320 2161 2373 est.
2214 2305 2685 2392 Transitisque
2740 2306 2984 2375 castris
3032 2320 3099 2376 et

555 2395 1057 2468 urbibus.cum
1125 2416 1378 2485 magna
1429 2394 1626 2463 turba
1678 2394 2071 2484 praeeuntis
2103 2408 2166 2463 et
2196 2394 2681 2480 subsequentis
2727 2396 3089 2476 exercituS,

556 2488 869 2564 Romam,
909 2489 1160 2574 Papam
1204 2483 1660 2553 venerabilem
1693 2483 2171 2552 Innocentium
2207 2506 2437 2553 secum
2468 2482 2909 2562 deducentes,
2943 2507 3095 2573 per-

552 2574 861 2643 veniunt.
908 2574 1032 2644 Ubi
1066 2595 1226 2642 cum
1280 2574 1541 2662 impetu
1590 2572 1835 2663 grandi
1864 2584 1927 2640 et
1957 2571 2348 2640 manuforti
2377 2572 2825 2654 introeuntes,
2858 2573 3088 2663 ipsum

552 2662 870 2731 eumdem
927 2663 1300 2755 Papamjn
1353 2674 1588 2730 sancta
1643 2661 1847 2741 Sede,
1916 2662 2146 2730 invitis
2196 2660 2511 2730 hostibus
2571 2676 2636 2731 et
2683 2662 3094 2732 adversariis

551 2751 902 2831 omnibuS,
956 2750 1404 2821 collocarunt.

640 2842 676 2924 ἓ
723 2844 890 2910 132.
943 2845 1149 2908 Porro
1183 2840 1574 2907 Lo'tharium
1661 2860 1887 2929 regem
1940 2837 2241 2907 Pontifex
2274 2839 2340 2906 in
2374 2838 2531 2908 sede
2584 2840 2846 2928 positus
2879 2838 3092 2909 etalii

550 2928 671 3014 qui
702 2941 1184 3006 convenerant,
1242 2930 1308 2996 in
1361 2934 1749 2997 Romanum
1795 2933 2280 3017 Imperatorem
2312 2942 2906 2998 consecraverunt.
2943 2933 3100 2997 Erat

549 3016 736 3084 enim
790 3016 891 3084 vir
926 3016 1039 3084 ille
1076 3029 1402 3086 strenuus
1450 3017 1611 3085 belli
1661 3016 1928 3096 ductor,
1986 3017 2403 3106 praecipuus
2454 3017 2519 3084 in
2564 3018 2802 3095 armis,
2871 3017 3095 3106 provi-

550 3104 684 3174 dus
735 3104 803 3171 in
854 3104 1169 3183 consilio,
1227 3104 1553 3175 terribilis
1591 3105 1893 3174 inimicis
1924 3106 2038 3174 Dei
2074 3117 2138 3175 et
2164 3117 2442 3174 sanctae
2468 3104 2806 3192 Ecclesiae
2848 3105 3094 3173 verita-

556 3193 643 3261 tis
691 3194 982 3274 amicuS,
1010 3194 1320 3290 justitiae
1357 3208 1576 3272 tenax,
1619 3194 1995 3283 injustitiae
2024 3193 2261 3263 hostis.
2299 3194 2511 3281 Cujus
2543 3192 2844 3282 probitas
2874 3193 3098 3282 patuit

549 3282 618 3349 in
672 3282 926 3362 Sicilia,
970 3282 1187 3372 viguit
1239 3284 1304 3350 in
1360 3283 1674 3351 Saxonia.
1732 3283 1858 3365 Qui
1908 3282 2245 3368 quamdiu
2296 3283 2479 3361 vixit,
2518 3287 2903 3350 Romanum
2958 3282 3090 3349 im-

550 3370 848 3460 perium,
904 3371 1085 3458 quod
1135 3372 1285 3462 ejus
1334 3394 1541 3441 curae
1577 3372 1980 3440 mandatum
2034 3370 2275 3451 fuerat,
2323 3371 2615 3440 titubare
2657 3392 2790 3439 non
2844 3369 3088 3458 potuit.

551 3458 889 3548 Diligehat
936 3473 1165 3530 autem
1216 3473 1280 3529 et
1327 3462 1473 3549 ipse
1526 3461 1746 3530 virum
1789 3460 1904 3529 Dei
1954 3462 2385 3530 Nortbertum
2436 3458 2620 3546 quod
2670 3460 2819 3549 ejus
2869 3458 3098 3526 consi-

550 3547 664 3615 liis
711 3570 885 3635 quae
934 3550 1335 3620 strenuitate
1383 3561 1448 3618 et
1498 3547 1928 3639 providentia
1981 3548 2351 3638 pollebant,
2428 3548 2709 3618 assidue
2757 3559 3086 3625 uteretur,

549 3636 636 3705 ab
685 3658 899 3724 eoque
946 3638 1257 3727 coelestis
1321 3637 1715 3708 dulcedinis
1766 3652 1999 3728 potum
2069 3638 2419 3717 hauriret,
2473 3650 2536 3705 et
2589 3659 2764 3727 pane
2821 3636 3097 3704 divinae

547 3723 938 3795 refectionis
976 3726 1281 3813 quotidie
1331 3727 1696 3796 foveretur.
1734 3731 1903 3796 Cum
1938 3738 2164 3795 autem
2217 3728 2303 3795 ab
2344 3725 2531 3794 Italia
2585 3746 2898 3795 reversus
2922 3736 3098 3793 esset

548 3814 619 3881 in
670 3814 1008 3883 civitatem
1083 3838 1280 3884 suam
1335 3814 1918 3905 Parthenopolim,
1976 3837 2110 3883 non
2164 3815 2286 3883 diu
2358 3828 2508 3904 post
2555 3816 2742 3904 gravi
2795 3813 3099 3904 aegritu—

550 3901 711 3971 dine
743 3917 1099 3993 correptus
1129 3918 1252 3984 est,
1306 3925 1522 3990 eaque
1576 3927 1694 3994 per
1744 3904 2019 3990 aliquod
2052 3918 2346 3993 tempus,
2395 3903 2459 3971 id
2504 3917 2628 3981 est,
2678 3905 2899 3994 spatio
2927 3924 3100 3989 qua-

551 4004 706 4059 tuor
771 3992 1164 4072 mensium,
1222 3991 1596 4062 laboravit:
1670 3994 2210 4083 episcopatuque
2276 3993 2623 4080 sapienter
2676 4007 2739 4061 et
2807 3991 3102 4060 fideliter

551 4080 756 4148 annis
805 4091 955 4149 octo
1004 4081 1511 4162 administrato,
1562 4082 1808 4171 plenus
1859 4083 2120 4172 Spiritu
2170 4086 2439 4161 Sancto,
2471 4102 2648 4159 ,cum
2700 4081 2893 4150 omni
2928 4081 3100 4149 inte-

551 4169 794 4257 gritate
856 4191 1147 4249 sensus,
1203 4172 1591 4241 astantibus
1639 4171 2118 4241 benedictione
2183 4171 2363 4250 data,
2443 4172 2636 4239 beato
2704 4170 2841 4239 fine
2899 4169 3100 4256 quie—

550 4257 666 4326 vit.
727 4262 953 4345 Neque
999 4258 1209 4341 enim,
1266 4273 1337 4328 ut
1388 4262 1485 4329 ait
1533 4265 1602 4328 B.
1657 4260 2127 4350 AugustinuS,
2186 4272 2444 4349 poterat
2496 4258 2672 4328 male
2738 4258 2914 4327 mori
2976 4258 3105 4344 qui

555 4344 729 4415 bene
805 4347 1080 4417 vixerat.
1137 4353 1372 4419 Annus
1439 4361 1584 4418 erat
1650 4348 2043 4418 Dominicae
2108 4347 2611 4417 Incarnationis
2689 4344 3103 4415 millesimus

604 4474 627 4499 ¹¹
657 4475 721 4514 De
746 4476 883 4514 Petro
904 4476 1078 4517 Leonis
1099 4478 1143 4516 et
1164 4478 1264 4525 ejus
1285 4477 1553 4521 schismate,
1575 4474 1681 4515 vide
1703 4477 1818 4521 Sur„
1840 4475 1937 4514 Vol.
1958 4475 2015 4520 11,
2037 4485 2079 4523 p.
2100 4475 2193 4514 261.

837 4538 858 4558 ο
953 4544 965 4557 .
