3357 4995
997 181 1010 216 Ι

247 297 467 364 JUNII
518 296 600 361 ⁴3
958 314 1037 360 na
1085 313 1139 361 s.
1194 307 1498 370 AQmmNA
1546 312 1716 361 va.
1770 313 1845 360 ΕΤ
1892 314 2081 361 MART.
2584 297 2713 362 279

247 399 613 492 progenies
668 398 807 469 dici
863 409 1140 489 posset,
1212 398 1603 488 provinciae
1649 398 2073 469 Palaestinae
2126 398 2798 469 administrationem

250 487 538 578 accepit:
592 487 714 576 qui
763 507 926 558 cum
974 484 1187 556 Deum
1236 488 1469 577 ipsum
1527 509 1661 555 non
1723 501 2186 578 cognosceret,
2240 489 2464 578 coepit
2522 488 2802 557 divinae

252 578 524 668 pietatis
571 576 872 647 cultores
921 576 1268 645 insectari.
1304 579 1468 644 Cum
1522 576 1735 667 igitur
1760 576 2009 645 Christi
2057 576 2339 646 victoria
2375 576 2576 645 multi
2607 598 2803 646 coro-

252 679 606 747 narentur,
660 676 728 734 et
774 665 1046 734 Domini
1091 665 1267 734 Jesu
1332 663 1625 733 athletae
1671 664 2047 734 certamina
2103 664 2402 733 maxima
2459 676 2638 735 recte
2687 687 2805 734 su-

255 755 608 835 stinerent,
665 753 988 824 diabolus
1028 754 1176 843 ipse
1226 752 1464 824 videns
1521 752 1813 823 consilia
1864 775 1992 822 sua
2042 777 2083 823 a
2133 752 2506 824 victoribus
2556 753 2806 823 Christi

256 843 595 913 militibus
627 842 916 924 destrui,
970 862 1247 911 omnem
1297 842 1643 912 insaniam
1676 863 1755 911 ac
1801 840 2106 911 furorem
2155 841 2572 912 effundebat.
2618 847 2807 924 Quae

256 953 412 1000 cum
466 932 560 1001 ita
609 931 871 1012 fierent,
926 931 1123 999 beata
1168 943 1233 999 et
1281 929 1567 1001 honesta
1614 931 1804 1021 virgo
1840 929 2158 1018 Aquilina
2199 930 2492 1000 multam
2529 932 2644 1000 Dei
2680 954 2805 1001 no-

259 1021 472 1090 titiam
523 1019 809 1101 habens,
849 1018 1309 1107 aequalesque
1342 1041 1506 1089 suas
1535 1020 1974 1100 convenienS,
2006 1032 2071 1087 et
2105 1019 2412 1106 quotidie
2460 1042 2620 1088 cum
2663 1020 2806 1089 illis

257 1108 679 1196 colloquens:
734 1131 772 1174 «
804 1113 1193 1190 Quaenam,
1257 1108 1504 1195 inquit,
1535 1108 1801 1179 utilitas
1850 1107 2042 1177 vobis
2090 1121 2192 1180 est
2229 1108 2315 1177 ab
2368 1108 2571 1178 idolis
2622 1109 2798 1189 istis,

258 1218 431 1284 quae
470 1218 589 1265 vos
640 1195 913 1265 colitis?
960 1202 1056 1265 An
1106 1197 1463 1286 ignoratis,
1515 1196 1701 1284 quod
1760 1198 1883 1284 qui
1927 1195 2136 1265 fidem
2190 1197 2263 1265 in
2317 1197 2467 1266 istis
2514 1197 2804 1267 colloca·

255 1298 439 1369 runt,
478 1306 729 1354 vanam
790 1285 1353 1376 expectationem,
1417 1285 1721 1365 inanem,
1788 1307 2165 1375 nugacem,
2219 1285 2614 1356 animarum
2654 1308 2807 1355 cor-

256 1374 628 1466 ruptricem
675 1386 741 1443 et
787 1373 1309 1444 daemoniacam
1377 1396 1567 1475 spem
1638 1373 1941 1443 habent?
1988 1374 2279 1445 istorum
2334 1376 2519 1443 enim
2570 1375 2802 1444 omnis

257 1462 593 1533 invocatio
642 1462 1089 1532 inutilissima
1132 1476 1256 1544 est,
1309 1484 1569 1563 quique
1616 1463 1769 1532 istis
1815 1461 1950 1533 diis
1999 1462 2415 1532 sacrificium
2479 1463 2799 1543 offerunt,

255 1564 332 1620 ut
372 1573 487 1622 eos
562 1552 896 1642 propitios
944 1551 1076 1620 sibi
1128 1551 1405 1633 faciant,
1460 1572 1739 1621 manem
1788 1573 2069 1641 operam
2118 1562 2561 1626 consumunt.
2637 1557 2807 1621 Nam

254 1641 377 1725 qui
424 1641 678 1710 mortui
711 1653 896 1721 sunt,
949 1652 1013 1709 et
1057 1640 1385 1727 loquendi
1432 1639 1827 1710 facultatem
1880 1640 2010 1709 sibi
2059 1639 2222 1709 dare
2281 1662 2414 1709 non
2471 1654 2800 1730 possunt,

254 1729 600 1816 quomodo
636 1728 735 1797 illi
772 1739 1091 1819 poterunt
1137 1728 1293 1799 aliis
1334 1728 1785 1800 benefacere?
1816 1752 1849 1794 »
2380 1809 2387 1822 ,

345 1821 382 1905 ξ
428 1823 513 1890 4.
570 1822 749 1887 Haec
803 1839 963 1887 cum
1017 1817 1336 1905 Aquilina
1390 1818 1666 1898 diceret,
1740 1817 2065 1887 mulieres
2128 1838 2368 1886 omnes
2417 1839 2593 1903 quae
2642 1837 2807 1887 cum

252 1928 334 1975 ea
382 1906 884 1994 loquebantur:
947 1930 983 1971 «
1020 1907 1384 1989 Quoniam,
1438 1907 1788 1994 inquiunt,
1847 1905 2009 1974 deos
2060 1907 2247 1996 ipsos
2299 1927 2533 1996 negaS,
2575 1917 2641 1988 et
2688 1927 2806 1974 eos

253 2007 550 2064 evertere
589 1994 866 2076 videriS,
911 2017 1037 2085 age
1084 1994 1241 2065 dic:
1294 2001 1678 2082 Quemnam
1731 1999 1943 2063 Deum
1987 2006 2061 2064 tu
2089 1993 2315 2064 colis?
2358 2018 2393 2060 »
2428 1993 2809 2084 Respondit

257 2082 601 2172 Aquilinat
655 2089 854 2174 «Ego
887 2088 1098 2154 Deum
1133 2083 1333 2155 illum
1383 2084 1556 2164 colo,
1609 2083 1731 2170 qui
1780 2083 2049 2152 coelum
2083 2138 2098 2164 ,
2162 2096 2435 2163 terram,
2492 2097 2557 2154 et
2620 2103 2809 2152 mare

257 2173 532 2252 creavit,
585 2173 846 2260 quique
891 2172 977 2241 ab
1011 2173 1336 2243 omnibus
1371 2172 1622 2243 seculis
1671 2172 1758 2240 iis
1789 2171 2115 2240 omnibus
2163 2170 2518 2252 benefecit,
2559 2172 2679 2258 qui
2730 2171 2809 2239 fi-

256 2259 412 2328 dem
459 2274 764 2351 et·spem
797 2262 867 2328 in
918 2261 1070 2350 ipso
1133 2262 1552 2342 habuerunt,
1617 2273 1684 2330 et
1731 2260 1959 2329 adhuc
2056 2273 2227 2331 otest
2287 2260 2688 2330 benefacere
2736 2261 2808 2328 in

255 2369 381 2437 per
428 2362 665 2419 etuurn
717 2349 827 2431 iis,
860 2372 900 2420 a
930 2350 1188 2436 quibus
1224 2351 1652 2421 invocatur.»
1681 2354 1853 2418 Tum
1887 2369 2006 2418 mu
2039 2349 2212 2418 ieres
2245 2348 2425 2418 illae:
2470 2375 2493 2409 a
2525 2354 2602 2426 Et
2634 2370 2808 2434 quo-

257 2458 369 2507 mo
421 2460 483 2520 o,
551 2438 911 2526 inquiunt,
966 2459 1092 2509 nos
1154 2438 1601 2519 audivimus,
1656 2436 2018 2508 aJudaeis
2096 2437 2531 2508 interfectum
2594 2436 2809 2507 fuisse

254 2527 491 2607 istum,
546 2549 751 2614 quem
786 2539 862 2598 tu
893 2533 1105 2598 Deum
1131 2527 1307 2598 dicis
1330 2532 1402 2596 52»
1453 2534 1530 2598 At
1575 2527 1915 2627 Aquilina:
1965 2531 2300 2609 «OmneS,
2345 2527 2466 2614 qui
2515 2549 2555 2594 a
2587 2537 2805 2595 morte

256 2615 561 2705 absorpti
608 2615 902 2697 fuerant,
935 2617 1135 2687 'Deus
1185 2638 1381 2687 meus
1413 2616 1723 2697 redemit,
1769 2637 1955 2685 mors
2002 2617 2190 2685 enim
2225 2615 2359 2705 ipsi
2394 2636 2530 2683 non
2581 2614 2805 2683 domi-

256 2716 484 2773 natur.
541 2705 721 2773 Hici
775 2705 911 2775 itur
956 2728 1119 2775 cum
1168 2727 1376 2795 opera
1408 2726 1746 2775 manuum
1781 2726 2092 2785 suarum,
2149 2705 2278 2773 hoc
2304 2717 2428 2785 est,
2483 2703 2801 2771 homines

255 2793 442 2883 ipsos
490 2793 561 2861 in
612 2815 732 2863 mu
764 2805 829 2871 to
877 2810 1106 2863 errore
1155 2806 1477 2885 vagantes
1530 2792 1836 2874 vidisset,
1890 2794 2242 2863 hominem
2295 2814 2366 2863 se
2414 2791 2637 2861 facere
2685 2813 2803 2860 vo·-

256 2881 406 2963 luit,
452 2893 531 2951 ut
576 2882 823 2951 mundi
871 2904 1171 2952 errorem
1218 2884 1666 2974 extingueret,
1702 2893 1768 2952 et
1813 2882 2103 2971 gratiam
2138 2903 2297 2952 cum
2339 2880 2615 2971 justitia
2641 2901 2806 2949 con-

243 2970 562 3059 junctam
593 2970 792 3039 nobis
820 2971 1162 3040 afferret.»
1194 2972 1516 3041 Dixerunt
1553 2970 1894 3040 foeminae
1928 2970 2118 3040 illae:
2158 2974 2292 3038 «Et
2317 2970 2641 3056 quisnam
2675 2980 2801 3049 est,

253 3079 460 3145 quem
495 3057 910 3129 Crucifixum
959 3060 1239 3130 dicunt?
1262 3083 1463 3127 »—«
1499 3058 1619 3130 Ille
1664 3059 1838 3149 ipse,
1884 3059 2109 3146 inquit
2140 3058 2487 3145 Aquilina,
2521 3069 2626 3128 est
2656 3080 2808 3126 om-

256 3146 449 3215 nium
500 3147 826 3230 Salvator,
864 3149 986 3236 qui
1027 3158 1320 3250 ¹propter
1377 3171 1579 3219 suam
1627 3148 1698 3217 in
1749 3147 2067 3217 homines
2129 3148 2573 3227 charitatem,
2640 3168 2803 3215 cum

254 3234 454 3305 vellet
491 3236 820 3308 omnibus
867 3237 1269 3308 hominibus
1319 3260 1438 3329 per
1484 3259 1736 3325 aquam
1772 3248 1836 3306 et
1876 3237 2199 3327 spiritum
2235 3256 2481 3305 novam
2517 3256 2806 3325 genera-

199 3356 202 3359 *
256 3323 507 3393 tionem
557 3325 822 3406 afferre,
879 3331 1162 3397 Crucem
1218 3327 1451 3397 subire
1497 3339 1563 3404 et
1609 3326 1871 3416 perpeti
1923 3325 2184 3405 voluit,
2239 3336 2316 3393 ut
2380 3345 2517 3392 non
2576 3322 2805 3391 solum

255 3412 340 3481 iis
368 3413 488 3500 qui
523 3412 607 3480 in·
633 3414 831 3487 terris
871 3426 1056 3496 sunt,
1096 3414 1388 3485 salutem
1426 3414 1786 3495 conferret,
1847 3414 1962 3483 sed
2016 3435 2132 3483 eos
2170 3413 2377 3483 etiam
2434 3411 2557 3499 qui
2613 3410 2804 3501 apud

255 3499 509 3571 inferos
543 3502 950 3573 tenebantur
979 3503 1339 3573 liberaret:
1392 3503 1879 3590 omnibusque,
1914 3524 1993 3572 eo
2026 3502 2210 3590 quod
2261 3502 2410 3591 ipse
2458 3500 2655 3570 tertio
2687 3499 2802 3568 die

256 3611 294 3657 a
343 3591 633 3662 mortuis
697 3592 1102 3676 resurrexit,
1157 3591 1492 3674 futurum,
1538 3591 1876 3667 ostendit,
1931 3602 2006 3660 ut
2062 3603 2130 3660 et
2192 3591 2326 3680 ipsi
2375 3609 2619 3657 omnes
2671 3610 2796 3657 suo

254 3689 561 3769 tempore
592 3701 634 3747 a
681 3680 972 3751 mortuis
1014 3693 1520 3781 resurgerent.»
1548 3685 1738 3752 Tunc
1769 3677 1951 3749 illae:
1992 3702 2027 3745 «
2060 3680 2124 3748 Si
2167 3678 2335 3747 haec
2366 3676 2706 3746 beneficia
2732 3676 2805 3777 in

254 3766 491 3836 orbem
540 3779 902 3850 terrarum,
954 3781 1030 3838 ut
1077 3781 1153 3839 tu
1185 3769 1383 3851 dicis,
1421 3769 1546 3841 iste
1579 3767 1894 3849 contulit,
1986 3788 2148 3837 uare
2186 3766 2461 3847 Judaei,
2515 3788 2597 3835 ex
2643 3787 2804 3851 qut-

253 3854 387 3925 bus
419 3869 484 3926 et
531 3857 677 3947 ipse
723 3870 890 3938 erat,
935 3880 1072 3927 non
1107 3868 1181 3928 ut
1214 3863 1429 3928 Deum
1477 3857 1802 3928 colunt‘b)
1835 3856 1929 3927 Ad
2006 3878 2124 3926 aec
2157 3854 2500 3943 Aquilina:
2543 3877 2577 3920 «
2614 3858 2806 3923 Sem-

254 3965 398 4034 per,
453 3944 699 4032 inquit,
734 3948 783 4016 J
787 3946 1167 4017 udaeorum
1203 3946 1387 4017 natio
1429 3945 1731 4016 veritatis
1752 3945 1932 4014 viam
1983 3957 2291 4015 aversata
2329 3955 2455 4025 est,
2502 3964 2806 4030 cumque

251 4032 513 4103 cervice
552 4033 729 4104 dura
788 4049 855 4106 et
899 4036 1134 4105 animo
1182 4034 1523 4107 obstinato
1585 4035 1765 4115 sint,
1833 4055 2013 4121 quae
2050 4034 2245 4125 justa
2291 4043 2355 4102 et
2406 4051 2564 4101 vera
2614 4043 2798 4110 sunt,

252 4122 623 4212 rejiciunt:
674 4124 1127 4212 quamobrem
1173 4137 1239 4195 et
1283 4145 1444 4194 eum
1475 4179 1490 4207 ,
1544 4122 1667 4211 qui
1717 4122 1956 4192 multis
2028 4121 2255 4192 modis
2331 4122 2402 4191 in
2454 4122 2642 4211 ipsos
2694 4120 2805 4210 pie

255 4231 328 4279 se
374 4224 697 4300 gesserat,
752 4224 1199 4305 negaverunt,
1251 4212 1466 4283 Pilato
1523 4212 1891 4291 tradentes,
1935 4220 2000 4280 et
2057 4224 2134 4280 ut
2194 4231 2352 4279 eum
2395 4209 2465 4277 in
2517 4214 2803 4278 Crucem

253 4297 662 4461 tolleretbab
709 4301 860 4391 ipso
908 4301 1318 4393 flagitantes
1360 4307 1514 4393 Ipse
1564 4313 1791 4373 tamen
1839 4304 2043 4371 Jesus
2094 4310 2338 4390 sponte
2378 4303 2669 4368 Crucem
2720 4294 2810 4363 il-

286 4409 398 4457 am
439 4410 522 4458 su
574 4401 675 4459 nt.
716 4413 752 4455 »
