3357 4995
191 328 420 395 JUNII
480 329 556 393 16
1049 348 1130 395 nn
1177 349 1234 395 s.
1289 347 1615 397 turmam:
1662 344 1925 396 vmcmss
2544 331 2661 396 4⁴⁴

193 430 526 501 severiter
562 451 722 501 eum
762 453 803 502 a
834 452 908 501 se
945 431 1208 502 avertit.
1250 436 1547 503 Cernens
1572 446 1805 503 autem
1832 454 1993 502 eum
2028 432 2100 501 in
2139 431 2428 503 stultitia
2455 433 2763 523 pertina-

192 541 373 600 cem,
405 521 615 590 etiam
641 520 1159 592 contumeliosis
1208 521 1651 593 sermonibus
1697 544 1858 592 eum
1908 543 1949 590 a
1997 542 2071 591 se
2108 520 2386 613 repulit.
2442 521 2567 592 Ille
2604 543 2764 592 vero

191 620 676 699 contemptum
737 630 810 679 se
856 608 1121 692 dolenS,
1175 610 1429 701 cogitat
1491 611 1832 698 quidnam
1880 610 2278 681 faciendum
2327 610 2464 680 sibi
2512 611 2622 680 sit.
2687 615 2768 680 Et

193 719 356 768 ecce
420 698 790 789 Lutgardis
839 702 1059 769 accita
1105 721 1146 767 a
1193 720 1427 770 sorore
1477 721 1628 781 sua,
1692 700 1822 770 iter
1873 700 2141 789 arripit.
2196 698 2271 768 Id
2322 700 2445 770 ubi
2494 699 2769 770 rescivit

186 787 502 878 juveniS,
558 787 833 858 obviam
899 787 1001 856 illi
1073 787 1540 877 proficiscitur
1596 811 1761 859 cum
1820 788 2022 858 turba
2071 787 2472 870 satellitum,
2528 810 2770 890 rapere

192 875 397 947 illam
448 875 710 946 volens,
766 875 895 946 Sed
948 875 1179 967 puella
1246 878 1335 949 ab
1381 899 1559 965 equo
1621 876 1978 959 desiliens,
2040 899 2121 946 ex
2175 877 2371 959 illius
2441 879 2771 949 manibus

194 967 425 1036 multa
475 965 542 1033 vi
590 986 661 1037 se
694 966 997 1047 extorsit,
1057 977 1331 1053 totaque
1383 980 1580 1036 nocte
1610 965 1909 1057 fugienS,
1966 988 2088 1057 per
2136 966 2488 1055 sylvarum
2542 965 2762 1046 devia,

196 1055 454 1145 angelo
502 1053 812 1136 ductore,
849 1054 935 1124 ad
967 1054 1256 1125 domum
1293 1056 1588 1126 nutricis
1615 1078 1783 1126 suae
1834 1077 2040 1124 mane
2089 1055 2420 1145 pervenit.
2457 1060 2619 1124 Eam
2648 1077 2771 1124 au-

196 1154 338 1213 tem
382 1157 463 1213 ut
493 1143 726 1212 nutrix
764 1142 956 1224 vidit,
1004 1166 1126 1213 sus
1182 1145 1360 1214 icata
1398 1157 1702 1235 raptum,
1738 1144 1911 1214 dixit
1941 1146 2042 1214 ei:
2083 1149 2260 1214 Num
2289 1157 2351 1214 te
2389 1144 2520 1213 hac
2575 1157 2772 1214 nocte

188 1232 481 1319 juvenis
530 1231 646 1300 ille
678 1231 746 1300 vi
773 1167 1176 1323 oppressit&
1207 1234 1585 1325 Respondit
1632 1233 1785 1303 illa:
1827 1239 2299 1334 Nequaquam.
2338 1238 2507 1303 Cum
2534 1245 2767 1303 autem

185 1321 478 1412 juvenis
524 1320 612 1390 ab
646 1342 824 1408 equo
872 1321 1319 1392 descenderet
1364 1345 1517 1392 eam
1572 1333 1926 1412 rapturuS,
1979 1322 2265 1410 quidam
2300 1323 2453 1413 ejus
2494 1322 2768 1392 satelles

193 1431 464 1498 equum
523 1408 716 1479 freno
753 1422 1013 1491 tenens,
1069 1433 1270 1481 suam
1320 1413 1383 1480 ei
1414 1411 1503 1481 ad
1552 1433 1707 1480 eam
1757 1434 1902 1481 rem
1953 1432 2233 1503 operam
2269 1411 2562 1481 navavit.
2619 1411 2767 1480 Cla-

195 1500 419 1569 mavit
466 1520 628 1588 ergo
684 1498 876 1590 virgo
936 1504 1034 1569 Lu
1112 1500 1301 1569 ardis
1355 1501 1439 1570 ad
1496 1499 1734 1570 illum:
1774 1524 1810 1567 «
1845 1505 1985 1570 Hac
2056 1522 2317 1582 manu,
2369 1521 2510 1587 qua
2580 1521 2766 1569 nunc

196 1587 483 1659 frenum
534 1600 726 1659 tenes
754 1589 917 1675 equi
967 1589 1062 1657 mi
1094 1590 1207 1660 itis
1241 1611 1350 1658 me
1399 1588 1815 1671 infestantis,
1855 1589 1989 1659 tale
2020 1589 2381 1680 quippiam
2434 1588 2623 1658 brevi
2648 1588 2768 1657 de-

198 1677 544 1768 signabiS,
608 1676 795 1764 quod
838 1677 963 1764 tibi
1017 1678 1035 1745 i
1092 1678 1443 1748 nominiae
1492 1690 1899 1769 perpetuam
1949 1678 2019 1746 in
2078 1679 2207 1748 hoc
2261 1678 2494 1748 sec‘ulo
2536 1691 2767 1749 notam

202 1766 464 1836 inuret.
500 1789 537 1832 »
577 1770 656 1835 Et
684 1787 839 1836 ecce
873 1766 995 1836 ubi
1036 1789 1057 1835 1
1091 1766 1151 1837 le
1190 1765 1476 1837 domum
1506 1767 1638 1837 fuit
1662 1789 1999 1849 reversus,
2055 1789 2212 1837 mox
2260 1790 2339 1837 ea
2374 1768 2523 1858 ipsa
2554 1789 2768 1837 manu

209 1856 572 1946 propriam
626 1876 827 1924 suam
874 1867 1159 1925 uxorem
1214 1856 1576 1927 interfecit.
1631 1860 1726 1925 Ea
1790 1860 2004 1926 causa
2049 1855 2381 1947 expulsus
2428 1878 2464 1925 e
2515 1856 2762 1946 patria,

208 1945 424 2014 rebus
459 1943 793 2014 omnibus
844 1943 1155 2034 privatus
1187 1957 1312 2014 est.

292 2036 332 2120 ξ
380 2038 464 2106 4.
523 2038 892 2120 Postquam
943 2046 1174 2104 autem
1228 2034 1593 2125 Lutgardis
1623 2035 1711 2104 ad
1763 2034 2260 2104 monasterium
2318 2055 2588 2104 reversa
2635 2046 2759 2114 est,

198 2122 291 2191 ab
346 2122 540 2190 omni
572 2120 712 2190 fere
758 2122 1125 2193 hominum
1189 2123 1533 2211 colloquio
1590 2136 1655 2192 et
1702 2122 2171 2193 consolatione
2220 2145 2292 2192 se
2340 2124 2760 2201 subducens,

200 2223 346 2280 tota
378 2209 584 2278 rebus
623 2211 1037 2282 coelestibus
1086 2211 1421 2282 inhiabat.
1461 2213 1894 2294 Quibusdam
1925 2225 2156 2283 autern
2188 2210 2482 2283 aemulis
2517 2212 2766 2281 arctio-

197 2319 350 2367 rem
399 2299 550 2386 ejus
600 2300 835 2381 vitam,
905 2323 1115 2388 quam
1168 2301 1426 2373 imitari
1476 2323 1616 2370 non
1667 2312 1968 2391 possent,
2033 2300 2505 2392 carpentibus,
2560 2312 2765 2386 atque

199 2386 647 2487 dicentibus:
704 2389 917 2459 Sinite
963 2411 1142 2469 eam,
1198 2389 1370 2460 dum
1402 2390 1626 2459 fervor
1658 2391 1729 2459 in
1773 2402 1965 2459 motu
1994 2403 2134 2459 est:
2190 2389 2313 2459 ubi
2362 2388 2480 2458 ille
2533 2401 2767 2479 tepue-

199 2488 316 2557 rit,
363 2496 500 2545 non
551 2476 813 2564 absque
842 2478 1092 2549 rubore
1132 2479 1383 2550 redibit
1429 2480 1516 2550 ad
1548 2501 1832 2567 eaquae
1872 2500 2060 2549 nunc
2109 2477 2321 2549 stulta
2355 2477 2757 2548 contemnit:

199 2564 570 2655 Lutgardis
627 2566 695 2636 id
746 2568 1064 2648 audiens,
1117 2590 1280 2638 cum
1333 2568 1553 2637 multa
1584 2566 1979 2639 humilitate
2018 2568 2179 2637 sibii
2235 2569 2295 2638 si
2344 2568 2585 2637 timere
2615 2587 2767 2637 coe-

197 2655 328 2745 pit,
380 2664 446 2723 et
494 2655 745 2744 pavida
795 2656 1189 2738 formidare,
1231 2679 1315 2726 ne
1342 2656 1512 2726 forte
1559 2657 1977 2744 quandoque
2026 2657 2170 2726 acci
2224 2669 2418 2726 erent
2446 2678 2622 2743 quae
2656 2676 2766 2725 ae-

199 2756 338 2814 tate
389 2745 844 2833 provectiores
891 2746 978 2815 de
1024 2746 1178 2836 ipsa
1217 2743 1560 2816 dicebant.
1604 2746 1941 2837 Apparuit
1969 2758 2199 2816 autem
2250 2746 2313 2816 ei
2364 2745 2766 2815 beatissima

199 2832 451 2902 Christi
507 2837 715 2903 Mater
766 2834 964 2905 vultu
1009 2834 1548 2926 gratulabundo,
1601 2847 1668 2905 et
1715 2835 1847 2905 ait:
1885 2858 1922 2900 «
1952 2840 2095 2905 Non
2146 2834 2245 2904 sic
2292 2836 2444 2913 erit,
2499 2833 2767 2903 charis-

199 2922 382 2992 sima
428 2920 597 3003 filia,
654 2934 730 2992 ut
770 2936 846 2993 tu
876 2925 1102 2993 times.
1140 2929 1282 2994 Non
1338 2923 1602 2994 recides
1635 2925 1709 2993 in
1762 2936 2078 3014 peccata:
2135 2924 2255 2993 sed
2307 2945 2462 2993 mea
2496 2935 2557 2993 te
2606 2921 2771 2992 soli-

199 3010 513 3081 citudine
569 3023 989 3110 protegente,
1046 3012 1435 3083 firmaberis
1491 3014 1562 3082 in
1612 3013 1949 3083 salutem:
2005 3034 2130 3083 nec
2179 3013 2535 3083 minuetur
2583 3012 2654 3080 in
2706 3022 2770 3081 te

195 3100 423 3190 gratia
455 3109 519 3167 et
552 3113 793 3182 virtus,
850 3102 968 3173 sed
1017 3102 1516 3172 cumulabitur.
1569 3127 1596 3166 ι
1637 3103 1792 3173 Fuit
1820 3123 1901 3172 ea
1942 3102 2277 3172 nimirum
2319 3101 2677 3192 praeclara
2703 3113 2770 3171 et

196 3188 686 3279 amplectenda
739 3191 1131 3280 promissio.
1169 3189 1458 3272 Quando
1487 3192 1559 3260 in
1592 3191 1904 3261 oratione
1939 3190 2231 3262 Domino
2280 3191 2583 3262 suaviter
2605 3191 2769 3281 jun·

196 3279 516 3367 gebatur,
571 3289 641 3346 et
687 3298 838 3348 eam
879 3279 1163 3367 aliquod
1212 3281 1458 3370 ingens
1511 3280 1863 3372 negotium
1941 3279 2126 3350 foras
2164 3281 2513 3359 evocabat,
2568 3280 2770 3366 quasi

195 3367 424 3437 amico
457 3365 892 3438 familiariter
936 3368 1002 3438 ei
1049 3367 1278 3439 dicere
1324 3368 1589 3440 solebat
1635 3391 1799 3440 cum
1856 3391 2113 3461 magna
2146 3369 2379 3439 cordis
2428 3369 2768 3458 simplici·

198 3467 336 3526 tate
382 3469 447 3527 et
496 3455 827 3545 puritate:
867 3481 903 3524 «
947 3463 1240 3547 Expecta
1290 3480 1399 3528 me
1449 3458 1562 3528 bic
1613 3459 1906 3528 Domine
1957 3464 2166 3528 Jesu:
2222 3458 2348 3529 ubi
2399 3479 2509 3528 me
2563 3480 2766 3548 expe-

197 3544 415 3627 diero,
460 3543 771 3617 celeriter
818 3546 904 3616 ad
936 3560 1001 3617 te
1041 3558 1361 3616 revertar.
1396 3570 1433 3614 »
1466 3548 1636 3617 Mira
1672 3546 1976 3637 profecto
2008 3546 2300 3637 virginis
2327 3546 2760 3635 simplicitas,

197 3634 378 3703 mira
438 3633 807 3707 Salvatoris
877 3636 1279 3706 humanitas
1328 3658 1494 3727 erga
1550 3636 1772 3705 illam.
1835 3641 2157 3707 Paratum
2198 3635 2385 3705 enim
2432 3635 2634 3706 illum
2695 3635 2765 3705 in

198 3724 392 3792 omni
457 3722 606 3793 loco
671 3725 1167 3795 dominationis
1239 3746 1407 3797 suae
1437 3780 1452 3807 ,
1518 3736 1846 3815 paratum
1897 3725 1967 3793 in
2026 3725 2273 3812 quovis
2332 3725 2606 3816 negotio
2652 3747 2768 3796 ex·

249 3826 393 3883 erta
440 3828 569 3884 est.
2473 3880 2476 3885 .

203 3834 246 3903 p
285 3904 322 3989 ξ
368 3906 457 3974 ὅ.
511 3904 767 3975 Eodem
799 3903 938 3974 fere
985 3916 1292 3994 tempore
1322 3903 1523 3974 beata
1561 3902 1935 3974 Catharina
1961 3902 2159 3994 virgo
2196 3913 2265 3973 et
2296 3914 2582 3993 martyr,
2614 3904 2769 3994 ejus

198 3989 332 4061 loci
381 4002 694 4081 patrona,
751 4015 912 4064 cum
983 3993 1248 4085 ingenti
1362 3992 1534 4063 loria
1599 3991 1927 4082 apparuit
1974 3991 2078 4062 illi
2140 3992 2334 4062 flenti
2381 3992 2638 4084 pariter
2700 4003 2768 4062 et

197 4080 448 4149 oranti.
481 4086 791 4169 Cumque
817 4081 1117 4152 multum
1155 4016 1405 4172 paviga
1439 4080 1852 4172 suppliciter
1875 4103 2029 4152 eam
2066 4094 2337 4172 rogaret
2367 4086 2495 4153 Lut
2544 4080 2758 4163 ιιι-ὼε,

199 4178 277 4237 ut
309 4188 431 4258 pro
482 4169 630 4261 ipsa
666 4171 1037 4242 Dominum
1070 4170 1583 4262 deprecaretur,
1623 4169 1746 4241 illa
1789 4169 2175 4261 respondit:
2213 4192 2252 4238 «
2285 4170 2474 4241 Confi
2527 4193 2564 4240 e
2591 4169 2760 4254 filia,

202 4276 478 4347 semper
522 4259 710 4329 enim
779 4260 1072 4351 gratiam
1123 4282 1323 4331 suam
1379 4260 1714 4331 Dominus
1765 4258 2047 4350 augebit
2108 4258 2179 4327 in
2232 4271 2318 4342 te,
2372 4260 2593 4330 donec
2643 4281 2767 4349 per

201 4367 559 4416 summum
610 4348 787 4423 vitae
833 4348 1189 4440 fastigium
1224 4404 1240 4431 ,
1295 4347 1758 4441 praecipuum
1832 4348 2012 4419 inter
2059 4348 2362 4439 virgines
2433 4348 2760 4419 meritum

199 4435 671 4524 consequaris.
717 4462 745 4503 ›
787 4437 1097 4521 Quodam
1148 4438 1358 4509 etiam
1413 4452 1722 4529 tempore
1779 4436 2020 4509 eadem
2080 4437 2518 4510 sanctissima
2569 4435 2760 4525 virgo
