3357 4995
673 310 758 374 44
1249 325 1328 372 nn
1373 325 1568 372 mm
1618 323 2015 373 Lucnnnnns.
2068 323 2468 393 narramus
2824 305 3046 371 JUNII
3093 307 3137 371 2

581 411 703 481 ubi
755 412 825 479 in
875 410 1091 479 ferrea
1129 409 1457 492 cathedra
1497 408 1645 498 jam
1691 409 2015 479 candenti
2064 422 2241 481 esset
2287 408 2681 498 imposituS,
2735 421 2801 478 et
2833 409 2983 499 ejus
3023 409 3140 478 in-

581 499 828 570 cendio
877 499 1265 579 ambustuS,
1303 499 1584 585 quando
1634 498 1838 570 nidor
1877 511 1943 568 et
1996 498 2235 568 fumus
2292 519 2330 567 e
2376 518 2663 586 corpore
2710 496 2781 566 in
2845 496 3139 568 sublimi

581 586 948 671 ferebatur,
1003 587 1240 658 Latino
1303 608 1622 657 sermone
1670 587 2191 658 multitudinem
2244 586 2342 657 sic
2401 586 2651 657 affatus
2697 599 2850 675 est:
2891 609 2928 653 «
2968 591 3140 657 Ecce

579 699 759 758 ecce,
800 677 945 751 ,hoc
992 676 1175 764 quod
1227 697 1346 747 vos
1394 675 1791 776 praestatiS,
1830 688 1932 745 est
1975 675 2287 746 homines
2349 696 2609 744 vorare.
2667 680 2800 745 Nos
2844 674 3134 763 quidem

581 787 806 854 neque
855 786 1178 835 voramus
1226 764 1543 834 homines
1576 819 1591 845 ,
1647 786 1873 852 neque
1910 763 2102 835 aliud
2153 764 2318 851 quic
2368 785 2532 832 uam
2583 763 2863 835 sceleris
2906 777 3139 853 patra-

580 877 763 927 mus.
807 860 1177 945 »Rogatus
1230 865 1507 933 tamen‚
1561 852 1746 939 quod
1800 875 2047 922 nomen
2114 857 2295 922 Deus
2403 852 2657 936 aberet,
2723 853 3128 943 respondet,

581 948 632 1013 D
675 966 792 1014 um
848 963 1096 1013 nomen
1151 962 1285 1010 non
1339 941 1592 1010 habere
1642 964 1830 1012 more
1885 942 2275 1012 hominum.
2693 986 2699 993 -

635 965 703 1119 e}
749 1037 893 1105 15.
971 1030 1237 1113 Quibus
1284 1030 1612 1100 omnibus
1675 1029 2030 1108 consectis,
2151 1041 2449 1099 ostremo
2504 1028 2617 1098 die
2665 1030 3136 1120 singularium

577 1121 1035 1203 certaminum
1085 1119 1517 1201 adventante,
1563 1118 1900 1188 Blandina
1948 1132 2014 1189 et
2043 1141 2083 1188 a
2134 1118 2444 1188 olescens
2479 1117 2826 1201 Ponticus,
2860 1119 3142 1191 circiter

578 1207 975 1297 quindecim
1028 1228 1249 1277 annos
1314 1220 1518 1277 natus
1577 1207 1695 1297 (hi
1742 1209 1976 1278 a'utem
2024 1206 2334 1299 quotidie
2372 1206 2999 1278 introducebantur
3046 1209 3139 1277 ad

577 1296 1005 1384 reliquorum
1068 1295 1414 1386 supplicia
1472 1296 2069 1387 contemplanda)
2115 1296 2188 1365 in
2238 1295 2833 1384 amphitheatrum
2883 1294 3138 1367 infere-

576 1387 857 1466 bantur,
906 1385 1477 1475 urgebanturque
1526 1406 1648 1475 per
1693 1385 2061 1476 gentilium
2112 1384 2297 1454 idola
2335 1385 2604 1475 Jurare.
2667 1390 2757 1454 Ac
2793 1386 3132 1473 quoniam

577 1473 681 1544 illi
770 1474 1124 1544 erstabant
1153 1486 1569 1556 constantes,
1607 1485 1674 1544 et
1705 1495 1786 1543 ea
1824 1473 2213 1564 despicatui
2246 1472 2620 1553 ducebant,
2661 1495 2915 1543 vesana
2948 1473 3137 1545 mul-

579 1563 707 1632 titu
759 1585 798 1632 o
836 1574 1076 1633 contra
1120 1561 1279 1633 illos
1327 1584 1571 1652 aspere
1615 1575 1683 1632 et
1734 1562 2053 1633 ferociter
2103 1561 2486 1632 saeviebat:
2525 1561 2721 1643 adeo,
2774 1574 2853 1632 ut
2903 1583 3133 1650 neque

578 1651 1075 1722 adolescentuli
1106 1652 1763 1721 commiserarentur
1800 1662 2116 1731 aetatem,
2174 1671 2397 1737 neque
2444 1649 2809 1720 mulierem
2841 1652 3140 1722 omnino

577 1752 1074 1811 revererentur.
1154 1740 1495 1811 Omnibus
1563 1739 1780 1830 igitur
1844 1739 2203 1811 tormentis
2248 1760 2365 1809 eos
2413 1738 2756 1830 objectare
2790 1795 2806 1821 ,
2869 1752 2937 1810 et
3008 1763 3134 1831 per

575 1828 869 1916 quodvis
902 1827 1236 1920 supplicii
1340 1849 1515 1898 enus
1560 1828 1876 1916 undique
1922 1828 2184 1919 agitare
2238 1839 2637 1918 coeperunt,
2695 1840 2761 1899 et
2822 1828 2973 1898 sine
3020 1830 3132 1898 in-

579 1917 1037 1997 termissione,
1088 1937 1275 1986 nunc
1363 1938 1518 1999 ane,
1565 1938 1754 1989 nunc
1800 1916 2004 1988 illum
2038 1938 2159 2003 per
2187 1916 2501 2006 ipsorum
2536 1916 2703 1986 deos
2723 1918 2965 2008 jurare
2996 1917 3133 1987 im—

576 2005 949 2096 pellebant.
1003 2009 1357 2076 Caeterum
1405 2006 1535 2076 hoc
1574 2005 1770 2077 nullo
1820 2005 2024 2076 modo
2058 2017 2374 2095 poterant
2420 2004 2712 2077 efficere.
2749 2010 2919 2075 Nam
2955 2012 3131 2078 Pon-

579 2095 798 2176 ticus,
827 2094 972 2182 'qui
1021 2094 1115 2163 ita
1163 2116 1200 2164 a
1248 2115 1481 2165 sorore
1527 2108 1675 2165 erat
1719 2095 2178 2166 exsuscitatus
2242 2094 2300 2175 ¹⁶,
2372 2108 2450 2164 ut
2495 2107 2735 2185 gentes
2782 2112 2937 2164 eam
2985 2117 3138 2166 esse

575 2183 1199 2253 animadverterent
1256 2200 1433 2270 quae
1479 2182 1684 2255 illum
1739 2184 2091 2255 cohortata
2139 2182 2381 2253 fuisset
2411 2238 2426 2262 ‚
2478 2183 3125 2272 confirmassetque‚

625 2284 730 2341 ost
767 2272 1002 2342 omnia
1048 2270 1677 2343 cruciamentorum
1725 2293 1981 2363 genera
2028 2271 2314 2342 viriliter
2360 2284 2426 2341 et
2465 2292 2719 2362 magno
2762 2272 2998 2343 animo
3031 2285 3129 2345 to-

601 2372 811 2442 erata,
879 2373 1260 2430 extremum
1316 2359 1641 2450 spiritum
1706 2359 1945 2430 edidit.
2010 2365 2212 2431 Beata
2258 2359 2599 2430 Blandina
2646 2361 2963 2431 omnium
3002 2383 3129 2452 po-

575 2462 849 2532 strema,
886 2461 1214 2538 tanquam
1246 2447 1498 2520 nobilis
1526 2461 1594 2519 et
1621 2470 1957 2540 generosa
1988 2462 2228 2530 mater,
2264 2449 2387 2520 ubi
2418 2448 2672 2520 liberos
2698 2448 3135 2521 animaverat

573 2539 659 2608 ad
691 2560 1007 2629 poenam,
1045 2552 1111 2609 et
1142 2538 1430 2609 victores
1479 2538 1565 2608 ad
1611 2538 1960 2609 Christum
1990 2544 2245 2630 Regem
2283 2539 2752 2628 praemiserat,
2790 2539 2944 2630 ipsa
2977 2560 3135 2610 eos-

573 2628 731 2698 dem
780 2649 943 2698 cum
992 2626 1230 2698 liberis
1262 2627 1724 2698 certaminum
1757 2649 2010 2698 cursus
2041 2648 2382 2709 remensa,
2425 2626 2510 2697 ad
2546 2628 2826 2698 eosdem
2867 2628 3137 2698 laetitia

575 2717 900 2807 gestiens,
955 2738 1037 2786 ac
1084 2714 1168 2786 de
1216 2716 1367 2807 ipso
1415 2715 1592 2786 vitae
1626 2738 1796 2786 suae
1834 2716 2023 2788 exitu
2055 2737 2434 2806 permagno
2467 2716 2723 2817 gaudio
2776 2715 3128 2799 exultans,

574 2805 1006 2895 properabat,
1062 2826 1197 2875 non
1246 2805 1448 2893 quasi
1495 2805 1875 2877 ad·bestias
1920 2803 2293 2874 crudeliter
2341 2811 2672 2894 pPOJecta,'
2701 2804 2823 2875 sed
2854 2805 2942 2874 ad
2974 2827 3132 2877 coe·
3225 2881 3240 2886 ,

575 2914 736 2963 nam
809 2891 1057 2982 Sponsi
1105 2892 1326 2963 amice
1373 2893 1677 2965 invitata.
1732 2899 1945 2981 Atque
1984 2906 2140 2983 post
2185 2893 2491 2975 verbera,
2547 2906 2702 2984 post
2749 2893 3132 2964 bestiarum

574 2980 901 3061 laniatuS,
955 2993 1107 3071 post
1153 2982 1524 3072 sartaginis
1570 2983 2028 3063 exustionem,
2068 2981 2155 3051 ad
2190 2995 2573 3052 extremum
2628 2983 2697 3052 in
2750 2995 2891 3052 rete
2938 2983 3136 3054 invo-

577 3070 755 3150 luta,
817 3070 999 3139 tauri
1058 3068 1349 3140 rictibus
1404 3070 1812 3161 objectatur.
1880 3076 2070 3154 Quae
2115 3092 2278 3141 cum
2341 3073 2430 3142 ab
2478 3070 2767 3141 animali
2818 3071 2938 3141 illo
3005 3071 3133 3142 diu

576 3158 1020 3246 multumque
1063 3158 1200 3228 icta
1246 3159 1722 3249 exagitataque
1769 3159 2036 3240 fuisset,
2079 3180 2159 3228 ac
2211 3158 2485 3230 nullum
2529 3181 2812 3246 sensum
2862 3159 3134 3231 crucia-

572 3258 965 3318 mentorum
999 3300 1015 3328 ,
1068 3263 1248 3334 quae
1295 3248 1632 3319 hactenus
1677 3247 1741 3317 ei
1791 3248 2248 3337 obtigissent,
2307 3249 2560 3339 partim
2611 3260 2889 3340 propter
2935 3270 3131 3339 spem

571 3357 709 3423 qua
741 3335 856 3405 Dei
898 3335 1260 3425 promissis
1306 3335 1509 3406 firme
1550 3335 2108 3418 adhaerescebat,
2159 3337 2409 3426 partim
2460 3349 2740 3427 propter
2785 3336 2961 3407 collo
3015 3338 3134 3406 uia

571 3447 749 3512 quae
801 3423 984 3496 intra
1031 3445 1105 3494 se
1148 3446 1311 3495 cum
1363 3423 1631 3495 Christo
1678 3423 2102 3505 conferebat,
2158 3426 2447 3494 omnino
2498 3425 2800 3506 haberet,
2853 3439 2967 3497 tan
3021 3446 3135 3495 em

571 3534 735 3584 ense
763 3512 1089 3604 jugulata
1136 3511 1287 3583 suit.
1336 3512 1530 3583 Unde
1579 3527 1818 3604 gentes
1867 3513 2061 3603 ipsae
2101 3511 2331 3603 palam
2366 3515 2828 3590 testabantur.
2882 3512 3136 3586 mulie-

570 3622 717 3673 rem
774 3600 972 3692 apud
1032 3622 1105 3673 se
1153 3622 1536 3690 numquam
1591 3615 1686 3673 tot
1736 3615 2013 3689 tamque
2062 3602 2311 3673 acerba
2368 3614 2709 3672 tormenta
2756 3615 2895 3673 tam
2963 3624 3133 3673 con-

572 3702 834 3762 stanter
881 3688 1256 3780 pertulisse
1292 3690 1387 3759 ⁴⁴⁸.

659 3780 696 3867 §
742 3783 896 3852 18.
948 3783 1199 3848 Verum
1249 3799 1489 3849 eorum
1541 3777 1770 3849 rabies
1817 3790 1884 3849 et
1929 3778 2304 3849 crudelitas
2353 3778 2425 3849 in
2483 3791 2780 3862 sanctos,
2846 3800 2983 3850 non
3035 3780 3134 3849 ita

568 3878 924 3962 exaturata
969 3866 1123 3937 fuit.
1182 3871 1349 3936 Nam
1398 3867 1487 3937 ab
1533 3866 1832 3936 immani
1880 3879 1945 3937 et
1993 3866 2256 3937 furiosa
2305 3867 2559 3949 bellua,
2612 3867 2941 3950 diabolo,
2999 3868 3134 3937 im-

571 3976 811 4026 manes
860 3954 1019 4025 illae
1065 3968 1131 4025 et
1177 3954 1515 4026 barbarae
1561 3970 1802 4045 gentes
1858 3956 2260 4046 exagitatae,
2313 3956 2423 4026 vix
2479 3968 2599 4027 aut
2659 3977 2747 4028 ne
2809 3956 2917 4027 vix
3022 3958 3134 4026 ui-

569 4044 730 4115 dem
758 4065 800 4113 a
819 4042 1051 4116 furore
1080 4065 1206 4116 suo
1233 4043 1612 4132 aliquando
1638 4044 2162 4133 acquieverunt,
2187 4045 2403 4115 immo
2433 4066 2591 4116 vero
2626 4045 2697 4116 in
2727 4045 2998 4136 corpori
3054 4068 3142 4118 us

623 4223 649 4248 ¹⁸
678 4221 800 4263 mm
828 4218 1073 4272 intelligis,
1100 4221 1223 4262 male
1251 4230 1278 4261 a
1305 4220 1586 4270 quibusdam
1603 4221 1884 4263 mundium
1903 4221 2087 4262 Pontici
2108 4221 2308 4262 matrem
2331 4221 2520 4263 dictam.

620 4276 677 4304 ⁸*
705 4276 895 4320 Iterato.
923 4273 1070 4323 eaque
1099 4275 1333 4316 atrocior·
1361 4275 1618 4316 certamina
1647 4274 1690 4315 8.
1721 4274 1844 4336 virg.
1877 4273 2170 4320 matitunum,
2201 4276 2439 4316 sociorum
2481 4274 2539 4315 nd
2572 4284 2776 4326 pugnam
2809 4273 3122 4317 hortatricem

563 4330 921 4379 monstrumque
949 4329 1116 4369 Matris
1144 4325 1287 4368 titulo
1313 4327 1623 4374 honestatam,
1651 4328 1961 4370 celebriorem
1987 4329 2158 4369 ceteris
2179 4330 2229 4368 et
2247 4328 2476 4377 peculiari
2496 4329 2804 4369 veneratione
2824 4330 3004 4370 cultam
3020 4333 3125 4371 red·

567 4383 749 4434 didere,
769 4384 909 4433 eique
928 4378 1208 4423 nominatim
1228 4381 1405 4432 templa
1424 4381 1605 4422 suntin
1624 4382 1834 4422 omnium
1855 4383 2092 4423 sociorum
2105 4381 2214 4421 Mu.
2230 4381 2533 4431 Lugdunens.
2553 4384 2915 4433 nuncupatam
2932 4383 2977 4425 Β.
2991 4383 3133 4425 Βιαι-

565 4438 704 4479 dince
732 4437 936 4479 ccclesia
963 4438 1013 4478 et
1040 4432 1274 4477 coenobio
1304 4432 1560 4477 viennensi
1590 4433 1800 4486 (Allobr.)
1819 4435 1929 4477 vide
1950 4432 1999 4476 in
2018 4435 2156 4477 Surio
2173 4444 2252 4485 pp.
2270 4436 2349 4476 618
2369 4436 2418 4477 et
2437 4442 2551 4485 cem,
2570 4434 2671 4477 Vol.
2692 4436 2752 4477 11.
