3357 4995
728 349 813 413 68
1188 365 1527 437 TRANsthT.
1584 364 1674 414 ss.
1732 365 1844 412 mr.
1898 366 2079 413 parat
2126 365 2201 411 m·
2249 364 2624 413 MARCELLINI
2871 342 3090 411 JUNII
3143 347 3186 410 2

642 449 1018 522 oratorium
1054 448 1367 519 videlicet
1392 462 1732 531 nostrum,
1759 449 2173 538 fueruntque
2201 450 2299 519 ibi
2322 449 2568 520 diebus
2594 449 3056 540 quadraginta
3080 450 3192 519 vel

642 562 723 611 eo
770 538 1114 629 amplius,
1166 561 1389 627 usque
1456 539 1625 609 dum
1674 544 2058 629 Imperator
2105 538 2357 629 palatio
2425 538 2786 629 egrediens
2822 595 2837 620 ,
2889 539 3196 608 venandi

644 629 889 720 gratia,
942 626 1237 697 solemni
1276 649 1473 698 more
1507 628 1737 718 sylvas
1779 640 2051 718 peteret.
2091 633 2239 711 Quo
2279 627 2577 709 sactoret
2610 649 2735 698 nos
2765 629 3194 719 comparatis

644 738 822 876 guae
869 714 955 785 ad
1006 715 1495 806 profectionem
1553 729 1859 786 nostram
1911 717 2297 787 necessaria
2343 716 2796 797 videbantur}
2850 738 3014 786 cum
3060 718 3198 786 eis-

696 828 802 876 em
855 803 1193 892 Reliquiis
1228 804 1314 874 de
1363 805 1510 874 vico
1561 807 1859 893 Aquensi
1909 806 2404 894 promovimus.
2460 810 2536 875 In
2596 805 2748 895 ipso
2787 816 3017 876 autem
3073 827 3198 875 no-

645 908 825 965 strae
873 893 1291 983 egressionis
1323 893 1637 977 articulo,
1675 916 1835 964 curn
1876 895 2239 967 Missarum
2277 894 2615 965 solemnia
2650 894 3196 975 celebrarentur,

646 1006 824 1054 anus
872 981 1211 1071 quaedam
1264 982 1334 1050 in
1382 982 1641 1083 palatio
1689 984 2074 1064 notissima,
2115 1004 2461 1053 annorum
2510 983 2784 1053 circiter
2815 984 3193 1072 octoginta,

646 1093 1016 1141 nervorum
1066 1082 1531 1141 contractione
1581 1072 1925 1154 labor'anS,
1970 1074 2042 1141 in
2097 1084 2471 1163 conspectu
2519 1072 2753 1143 n'ostro
2786 1083 3030 1142 curata
3066 1085 3193 1141 est.

649 1167 860 1244 Quae,
914 1171 992 1229 ut
1040 1160 1189 1250 ipsa
1240 1171 1559 1231 narrante
1615 1161 2018 1243 didicimus,
2066 1183 2188 1251 per
2234 1162 2742 1252 quinquaginta
2797 1181 3018 1230 annos
3069 1161 3200 1230 hoc

645 1250 888 1319 morbo
935 1248 1231 1330 detenta,
1278 1271 1468 1319 more
1514 1250 2048 1350 quadrupedum
2081 1250 2379 1341 genibus
2417 1250 2880 1337 manibusque
2912 1249 3202 1319 nitendo

646 1338 952 1409 officium
989 1338 1399 1408 ambulandi
1432 1339 1767 1428 reptando
1797 1339 2220 1429 impleverat.
2305 1388 2328 1397 ν

734 1431 770 1513 ξ
814 1430 897 1499 S.
952 1426 1120 1495 Inde
1167 1427 1295 1496 iter
1331 1428 1648 1517 ingressi,
1684 1427 2224 1518 suffragantibus
2258 1432 2663 1498 Sanctorum
2697 1427 2963 1498 meritis
3008 1439 3200 1497 sexto

646 1514 928 1584 demum
980 1514 1093 1583 die
1132 1514 1661 1585 Mulinheimum
1715 1516 1968 1598 vicum,
2026 1517 2096 1586 in
2152 1538 2290 1603 quo
2325 1537 2555 1587 sacros
2597 1515 2953 1586 beatorum
3013 1537 3202 1584 mar-

648 1616 878 1693 tyrum
932 1603 1197 1674 cineres
1246 1604 1330 1673 ad
1381 1605 1785 1675 comitatum
1836 1605 2206 1695 profecturi
2253 1605 2675 1685 dimisimus,
2732 1606 3020 1674 Domino
3075 1605 3200 1686 ad-

644 1693 931 1781 Juvante
964 1693 1429 1782 pervenimus
1470 1698 1542 1761 In
1581 1715 1717 1781 quo
1747 1694 1990 1763 itinere
2027 1706 2367 1781 quantum
2407 1693 2671 1784 gaudii,
2720 1705 3205 1781 quantumque

652 1714 948 1850 laetitiae
998 1780 1083 1850 de
1130 1780 1408 1851 illarum
1476 1781 1775 1852 adventu
1823 1781 2273 1870 reliquiarum
2323 1782 2603 1873 populis
2676 1783 2743 1850 in
2794 1781 3037 1851 eadem
3092 1783 3203 1851 via

651 1868 1194 1940 consistentibus
1242 1871 1645 1951 accesserit,
1705 1893 1927 1959 neque
1974 1872 2149 1940 milii
2197 1869 2545 1943 silendum
2595 1881 2735 1951 est,
2792 1892 2916 1939 nec
2964 1883 3200 1940 tamen

652 1960 751 2026 ita
803 1970 880 2025 ut
928 1957 1081 2038 suit,
1123 1959 1323 2049 plene
1374 1959 1513 2028 dici
1563 1971 1767 2047 atque
1819 1961 2181 2030 enunciari
2236 1970 2477 2050 potest.
2538 1959 2920 2030 Dicendum
2971 1971 3205 2030 tamen

652 2060 776 2125 est,
831 2067 919 2114 ne
967 2068 1074 2123 res
1121 2047 1204 2116 ad
1260 2048 1373 2117 Dei
1410 2048 1684 2118 laudem
1723 2050 2019 2119 maxime
2059 2049 2449 2150 pertinens,
2482 2049 2682 2135 quasi
2713 2069 2834 2138 per
2856 2047 3206 2117 desidiam

651 2134 926 2205 silentio
996 2157 1371 2226 suppressa
1434 2136 1768 2206 videatur.
1833 2141 1919 2206 Ac
1974 2158 2281 2228 primum
2340 2136 2622 2224 quidem
2671 2137 2874 2228 gestit
2919 2137 3208 2207 animus

651 2225 721 2293 id
775 2221 1048 2304 referre,
1105 2225 1287 2312 quod
1339 2225 1593 2315 palatio
1639 2227 1923 2326 egressi,
1978 2227 2049 2294 in
2102 2226 2481 2297 multorum
2518 2226 2904 2315 praesentia
2941 2247 3066 2297 nos
3103 2227 3204 2293 vi-

652 2313 839 2382 disse
874 2314 1414 2383 reminiscimur.
1469 2319 1797 2384 Vurmius
1844 2314 2101 2386 dicitur
2147 2314 2494 2395 ssuvlquS,
2546 2314 2823 2385 duobus
2869 2313 3008 2383 fere
3045 2336 3208 2404 pas·

653 2422 864 2473 suum
902 2401 1217 2472 millibus
1264 2403 1351 2471 ab
1389 2403 1687 2489 Aquensi
1738 2403 1990 2493 palatio
2038 2403 2408 2473 distantem
2458 2402 2722 2474 habens
2762 2414 3067 2493 pontem.
3106 2402 3206 2471 Ad

651 2513 861 2579 quem
903 2491 1275 2572 venientes,
1334 2505 1610 2583 propter
1658 2492 2186 2563 multitudinem
2212 2515 2390 2581 quae
2422 2514 2546 2562 nos
2595 2514 2901 2581 eousque
2948 2490 3036 2561 de
3126 2515 3202 2562 a·

651 2580 818 2649 latio
866 2581 1435 2669 prosequebatur,
1480 2582 1768 2670 jamque
1807 2582 2030 2651 redire
2078 2580 2368 2663 volebat,
2416 2594 2492 2652 ut
2522 2582 2767 2651 orandi
2806 2582 3033 2652 locum
3126 2605 3201 2650 a·

648 2670 862 2750 beret,
919 2692 1293 2762 parumper
1338 2670 1800 2741 constitimus.
1858 2670 1960 2740 Ibi
2007 2670 2293 2758 quidam
2344 2671 2429 2740 de
2475 2670 2835 2740 orantibus
2869 2691 3032 2739 cum
3069 2670 3210 2740 alio

650 2757 739 2827 ad
788 2757 1121 2845 reliquias
1168 2759 1533 2836 accedens,
1568 2760 1993 2850 ¹sociumque
2050 2760 2470 2849 respiciens:
2534 2764 2814 2849 Propter
2862 2780 3203 2839 amorem,

654 2846 906 2933 inquit,
959 2859 1162 2934 atque
1214 2849 1541 2918 honorem
1584 2847 1797 2938 hujus
1844 2849 2064 2917 sancti
2113 2870 2266 2918 aere
2299 2848 2546 2927 alieno,
2587 2861 2865 2948 propter
2911 2846 3101 2934 quod
3145 2861 3210 2917 te

654 2934 833 3003 mibi
866 2935 1239 3024 obnoxium
1272 2958 1422 3007 esse
1454 2958 1589 3007 non
1621 2937 1923 3027 ignoras,
1959 2936 2264 3007 absolvo.
2304 2936 2599 3007 Debebat
2622 2959 2810 3007 enim
2836 2936 2925 3017 ei,
2954 2948 3033 3005 ut
3060 2937 3213 3026 ipse

651 3021 1016 3103 fatebatur,
1056 3023 1421 3095 dimidiam
1468 3026 1738 3116 argenti
1788 3025 2062 3095 libram.
2120 3030 2427 3114 Itemque
2470 3026 2641 3095 alter
2689 3025 2956 3097 socium
2998 3046 3213 3094 suum

651 3131 872 3210 manu
917 3113 1496 3218 comprehensum
1545 3114 2036 3202 ad*Reliquias
2084 3113 2389 3193 trahens,
2448 3119 2753 3194 Patrem,
2795 3114 2922 3196 ait,
2971 3134 3210 3183 meum

653 3198 1016 3281 occidisti,
1082 3222 1162 3271 ac
1212 3202 1500 3292 proinde
1547 3202 1816 3271 inimici
1883 3224 2161 3273 eramus
2223 3202 2310 3273 ad
2361 3203 2682 3273 invicem.
2729 3208 2925 3273 Nunc
2973 3214 3212 3272 autem

652 3309 776 3379 pro
833 3299 933 3357 ter
963 3309 1268 3382 amorem
1304 3302 1509 3379 atque
1540 3290 1874 3361 honorem
1925 3292 2040 3361 Dei
2088 3305 2154 3361 et
2201 3292 2416 3383 hujus
2463 3292 2711 3374 sancti,
2745 3291 3060 3382 deposita
3111 3290 3212 3360 si-

655 3399 779 3445 mu
811 3387 983 3458 tate,
1038 3375 1279 3450 foedus
1330 3393 1554 3449 tecum
1593 3381 1894 3470 Jungere
1941 3391 2146 3468 atque
2193 3381 2371 3451 inire
2426 3380 2630 3462 volo,
2687 3393 2765 3451 ut
2820 3378 3077 3450 abhinc
3130 3380 3206 3447 in

650 3464 966 3535 futurum
1018 3480 1348 3558 perpetua
1380 3468 1557 3539 inter
1605 3490 1731 3538 nos
1771 3468 2074 3538 amicitia
2128 3480 2563 3560 permaneat:
2623 3469 2847 3556 sitque
2886 3467 3000 3538 hic
3053 3488 3217 3536 san-

548 3619 553 3624 .
651 3566 806 3623 ctus
851 3553 1207 3626 condictae
1256 3557 1325 3626 in
1379 3557 1674 3628 invicem
1729 3556 2085 3628 charitatis
2120 3559 2348 3640 testiS,
2402 3569 2468 3628 et
2523 3557 2710 3628 ultor
2762 3559 2833 3627 in
2883 3577 3043 3626 eum
3085 3555 3216 3642 qui

650 3642 832 3712 hanc
871 3666 1112 3733 pacem
1164 3646 1353 3735 prior
1387 3647 1776 3736 irrumpere
1810 3647 2190 3717 tentaverit.
2246 3648 2371 3718 Hic
2420 3646 2542 3716 illa
2593 3648 2819 3727 turba,
2872 3666 3052 3733 quae
3086 3657 3216 3714 no·-

650 3731 924 3802 biscum
973 3732 1058 3802 de
1109 3734 1363 3824 palatio
1412 3734 1635 3807 suerat
1681 3756 1983 3826 egressa,
2039 3736 2343 3807 adoratis
2384 3746 2589 3823 atque
2627 3735 2959 3808 osculatis
2993 3733 3218 3804 sacris

650 3819 988 3907 reliquiis,
1024 3843 1184 3893 cum
1222 3823 1464 3894 multis
1498 3823 1826 3914 lacrymis
1857 3846 2034 3911 quas
2070 3847 2236 3916 prae
2284 3825 2502 3894 nimio
2550 3824 2809 3915 gaudio
2856 3825 3221 3893 continere

650 3930 803 4008 non·
839 3923 1123 4009 poterat,
1176 3912 1465 3983 domum
1517 3913 1904 3982 revertitur:
1959 3912 2098 3983 alia
2146 3913 2621 3995 multitudine,
2659 3934 2838 4002 quae
2871 3912 2966 3983 ibi
3012 3911 3220 3981 nobis

650 3998 972 4079 obviavit,
1027 4022 1151 4069 nos
1198 4002 1593 4083 comitante,
1649 4015 1853 4089 atque
1918 4003 2123 4091 Kyrie
2171 4003 2431 4073 eleison
2495 4003 2646 4075 sine
2697 4001 3223 4073 intermissione

653 4097 997 4167 cantante,
1051 4111 1274 4177 usque
1320 4090 1406 4161 ad
1458 4112 1618 4161 eum
1670 4091 1901 4162 locum
1954 4091 2025 4160 in
2074 4113 2213 4179 quo
2263 4091 2479 4164 simili
2521 4091 2727 4161 modo
2775 4092 2864 4160 ab
2904 4091 3063 4160 aliis
3098 4111 3222 4160 oc—

653 4176 1098 4275 currentibus
1144 4178 1687 4270 excipiebamur.
1744 4185 1930 4263 Quae
1965 4192 2131 4251 tunc
2182 4180 2524 4261 similiter,
2577 4190 2656 4251 ut
2686 4180 2898 4271 prior,
2941 4177 3220 4270 suppli-

654 4276 923 4334 catione
969 4265 1147 4337 sacta
1195 4267 1281 4337 ad
1333 4290 1460 4339 sua
1519 4290 1792 4341 reversa
1838 4281 1962 4339 est.
2801 4303 2812 4318 ·

741 4354 778 4440 ξ
825 4357 920 4423 9.
981 4360 1120 4427 Hoc
1164 4356 1369 4429 modo
1417 4380 1541 4448 per
1587 4358 1905 4450 singulos
1952 4359 2100 4428 dies
2138 4382 2176 4428 a
2226 4360 2454 4448 prima
2488 4358 2643 4429 luce
2688 4379 2912 4446 usque
2961 4356 3046 4427 ad
3100 4378 3217 4425 ve—

653 4463 927 4534 speram
993 4446 1533 4530 comitantibus,
1616 4471 1697 4519 ac
1771 4448 2058 4518 Domino
2127 4447 2391 4518 Christo
2459 4446 2740 4519 laudem
2807 4446 3219 4517 dicentibus
