3357 4995
728 339 876 404 482.
1439 355 1514 403 nr
1563 356 1619 403 s.
1672 356 2034 406 noaraaaro
2083 356 2378 405 Episcopo
2863 341 2899 404 J
2913 340 3083 405 UNII
3133 341 3177 404 6

636 442 845 511 latere
879 441 1106 510 innuit
1136 440 1234 510 eis
1264 440 1704 529 Primicerius
1740 444 2054 512 Metensis
2096 441 2357 519 Albero,
2393 444 2512 530 qui
2557 455 2787 533 postea
2825 444 3179 512 Treviren-

637 532 734 599 sis
767 529 1713 620 Ecclesiae-Archiepiscopus
1762 530 1910 612 fuit,
1967 544 2042 601 ut
2074 533 2298 601 virum
2347 532 2463 602 Dei
2512 533 2942 601 Nortbertum
2976 553 3180 601 assu—

637 631 922 688 merent.
986 618 1116 701 Qui
1167 618 1391 686 statim
1452 620 1783 709 porrectis
1842 621 2165 708 manibus
2226 642 2387 690 eum
2449 620 2587 690 arri
2642 621 2837 700 iunt,
2896 621 3182 689 vocibus

636 708 896 777 iteratis
943 706 1437 777 exclamantes:
1495 712 1693 777 Hunc
1759 709 1825 777 in
1878 723 2139 800 patrem
2200 721 2510 780 nostrum
2567 709 2916 800 eigimuS,
2989 709 3182 778 hunc

637 810 974 885 pastorem
1028 809 1339 866 nostrum
1392 799 1884 886 approbamus.
1942 803 2080 867 Non
2134 798 2356 888 potuit
2404 820 2474 868 se
2522 798 2729 868 homo
2776 797 3024 867 debilis
3056 797 3183 867 de-

635 884 954 963 fendere,
1020 907 1153 954 non
1205 883 1401 953 licuit
1476 886 1537 954 ei
1599 886 1945 975 cogitare,
2018 909 2139 956 nec
2206 886 2571 977 cogitando
2646 887 3016 974 quicquam
3090 885 3183 954 de

636 975 861 1064 seipso
909 974 1344 1053 constituere,
1391 974 1507 1043 sed
1561 975 1976 1062 simulatque
2047 989 2283 1065 raptus
2333 989 2456 1055 est,
2525 999 2562 1044 a
2618 997 2772 1066 rege
2824 995 3183 1044 commen-

635 1063 839 1132 datus
898 1074 1021 1143 est,
1061 1075 1126 1131 et
1186 1062 1272 1131 ab
1321 1064 1646 1134 omnibus
1695 1065 2081 1133 astantibus
2137 1064 2584 1154 approbatus,
2638 1064 2724 1133 ab
2775 1065 2923 1153 ipso
2968 1064 3182 1132 etiam

635 1156 982 1220 Romanae
1019 1150 1358 1220 Ecclesiae
1409 1157 1651 1242 Legato
1700 1152 2173 1222 confirmatus.
2233 1153 2606 1223 Deducitur
2632 1174 2794 1242 ergo
2828 1153 3029 1221 liomo
3059 1152 3179 1222 Dei

635 1262 840 1330 grave
887 1262 1065 1309 onus
1121 1260 1348 1310 secum
1409 1255 1723 1330 portans,
1779 1240 2146 1312 deducitur
2195 1242 2279 1311 ad
2333 1242 2561 1312 locum
2612 1264 2813 1330 quem
2867 1263 3000 1310 non
3055 1263 3184 1309 no-

636 1341 846 1397 verat.
887 1334 986 1397 Ita
1036 1327 1172 1408 ille,
1205 1327 1323 1414 qui
1373 1333 1640 1418 gentem
1698 1329 2083 1419 neglexerat
2134 1352 2558 1430 paganorum
2600 1329 3054 1408 incredulam,
3091 1330 3182 1398 ad

635 1439 842 1503 quam
887 1418 955 1486 in
1002 1417 1379 1506 primordio
1428 1419 1895 1490 conversionis
1931 1440 2095 1490 suae
2131 1442 2228 1488 ire
2274 1420 2745 1499 constituerat,
2781 1432 2858 1488 ut
2888 1418 3183 1487 miseros

637 1507 723 1573 ab
771 1527 1000 1575 errore
1045 1504 1466 1576 infidelitatis
1530 1520 1908 1576 revocaret:
1967 1531 2152 1578 nunc
2216 1509 2688 1578 auctoritatem
2752 1521 2814 1577 et
2871 1505 3181 1576 officium

639 1616 870 1664 secum
924 1594 1169 1674 ferenS,
1228 1595 1414 1664 unde
1448 1595 1965 1685 dispositionem
2019 1596 2323 1666 divinam
2366 1598 2627 1687 putavit
2659 1597 2983 1687 effugere,
3022 1595 3186 1664 inde

636 1705 716 1752 co
770 1684 906 1752 itur
938 1683 1397 1753 obedientiam
1454 1684 1811 1754 manifeste
1859 1685 2116 1755 subire.
3196 1690 3201 1695 ’

720 1706 765 1858 ξ
811 1776 959 1844 «u.
1017 1772 1164 1841 Fuit
1198 1772 1428 1858 itaque
1476 1774 1558 1842 ad
1611 1774 1967 1843 introitum
2021 1774 2173 1863 ejus
2237 1776 2474 1865 populi
2534 1795 2916 1845 concursus
2973 1774 3185 1842 innu—

639 1861 1030 1940 merabiliS,
1108 1875 1171 1931 et
1238 1862 1902 1952 congratulabantur
1965 1885 2207 1932 omnes
2271 1864 2551 1954 majoris
2620 1863 2860 1932 aetatis
2926 1865 2992 1931 et
3047 1861 3186 1930 mi—

636 1949 846 2018 noris.
905 1951 1211 2040 Maj0re3,
1258 1950 1437 2036 quod
1490 1952 1825 2020 celebrem
1882 1964 1945 2020 et
1994 1975 2107 2022 ma
2161 1953 2227 2019 ni
2287 1953 2589 2022 nominis
2639 1973 3000 2041 personam
3043 1950 3187 2019 ele—

635 2038 934 2128 gissent:
991 2040 1315 2119 minores,
1372 2040 1554 2125 quod
1609 2062 1794 2118 eum,
1846 2041 1965 2127 qui
2032 1976 2552 2111 infirmitatibus
2599 2060 2834 2118 eorum
2904 2061 3187 2129 compa-

638 2140 932 2209 teretur,
988 2128 1289 2216 recipere
1333 2129 1769 2210 meruissent.
1826 2129 2067 2201 Procul
2143 2143 2368 2199 autem
2436 2129 2776 2219 aspiciens
2836 2128 3185 2198 civitatem

634 2215 822 2283 illam
874 2216 957 2284 ad
1010 2237 1220 2302 quam
1280 2216 1687 2298 ducebatur,
1727 2217 2004 2288 nudatis
2045 2217 2340 2308 pedibus
2379 2217 2757 2288 incedebat.
2815 2217 2984 2286 Inde
3016 2239 3184 2286 cum

635 2305 1073 2393 processione
1120 2304 1489 2375 deducitur
1548 2307 1612 2373 in
1651 2306 2011 2397 palatium,
2067 2307 2184 2375 sed
2222 2319 2296 2376 ut
2347 2328 2610 2397 pauper
2658 2329 2795 2396 pau
2849 2327 2961 2375 ere
3011 2306 3188 2374 ami-

637 2406 790 2462 ctus
834 2392 1065 2484 pallio,
1102 2393 1259 2463 aliis
1311 2395 1841 2472 introeuntibus,
1888 2396 2244 2486 repellitur
2278 2415 2407 2463 non
2447 2395 2725 2485 agnitus
2756 2418 2790 2464 a
2872 2395 3178 2465 ostiario.

637 2482 913 2553 Dicebat
945 2484 1203 2573 quippe
1229 2485 1554 2554 ostiarius
1592 2484 1726 2553 illi:
1764 2484 1889 2554 Alii
1924 2484 2552 2575 pauperesjamdiu
2587 2484 2968 2555 intromissi
2993 2496 3178 2553 sunt:

637 2594 771 2642 non
819 2573 1033 2653 decet,
1089 2586 1164 2641 ut
1213 2586 1274 2641 te
1324 2575 1599 2663 ingeras
1657 2575 2075 2731 importune,
2128 2574 2594 2662 comprimens
2628 2574 2874 2643 horum
2930 2568 3185 2662 princi-

635 2684 799 2750 pum
856 2661 1398 2730 multitudinem.
1440 2662 1757 2731 Exclama
1812 2676 1929 2731 ant
1976 2675 2230 2741 autem,
2294 2663 2413 2749 qui
2471 2661 2959 2748 sequebantur,
3015 2660 3185 2729 haec

632 2750 975 2819 videntes:
1033 2750 1253 2830 Miser,
1290 2751 1476 2837 ¹quid
1526 2752 1726 2851 agis?
1777 2752 1935 2821 Sine
1989 2751 2233 2820 miser:
2286 2750 2453 2837 quid
2512 2763 2635 2831 est,
2690 2750 2869 2838 quod
2914 2749 3185 2817 fecisti?

633 2838 979 2924 Numquid
1039 2860 1168 2908 non
1213 2842 1413 2920 nosti,
1468 2862 1633 2927 quia
1684 2841 1808 2909 iste
1839 2853 1940 2909 est
1991 2841 2372 2930 Episcopus
2423 2852 2674 2919 noster,
2728 2854 2792 2906 et
2855 2836 3186 2909 dominus

634 2930 842 2996 tuus?
888 2932 963 2995 At
1005 2925 1117 2994 ille
1166 2927 1522 2997 confestim
1576 2928 1945 3019 aufugiens
1995 2929 2326 3008 latitabat,
2385 2939 2574 3018 patre
2622 2925 2973 2996 Nortberto
3020 2946 3185 3025 eum

633 3026 991 3085 revocante
1049 3027 1115 3084 et
1162 3016 1584 3086 subridendo
1640 3017 1942 3086 dicente:
1990 3042 2015 3077 σ
2055 3022 2145 3086 Ne
2193 3018 2457 3097 timeaS,
2512 3031 2576 3085 et
2628 3037 2710 3084 ne
2759 3014 3029 3101 sugiaS,
3087 3036 3185 3082 mi

635 3104 862 3172 frater.
921 3104 1168 3174 Melius
1190 3106 1374 3174 enim
1414 3127 1520 3174 me
1564 3106 1735 3175 nosti
1771 3119 1835 3175 et
1866 3106 2354 3196 perspicaciori
2386 3105 2586 3180 oculo
2617 3104 2933 3183 intueris,
2969 3124 3186 3188 quam

638 3191 761 3271 illi,
814 3193 934 3278 qui
1004 3193 1087 3260 ad
1141 3193 1306 3263 haec
1357 3193 1492 3263 alta
1551 3194 1802 3283 palatia
1855 3217 1961 3264 me
2010 3193 2458 3283 compellunt,
2514 3193 2598 3262 ad
2650 3215 2828 3279 quae
2879 3214 3013 3262 non
3067 3191 3186 3260 de-

639 3281 963 3359 bueram,
1009 3282 1129 3367 qui
1180 3295 1314 3349 tam
1369 3304 1632 3381 pauper
1678 3294 1743 3351 et
1795 3284 2110 3353 modicus
2159 3304 2481 3373 appareo,
2538 3281 2929 3351 sublimari.
2974 3305 3008 3347 »

724 3372 758 3455 ξ
808 3373 957 3442 45.
1013 3374 1457 3440 Consecratus
1510 3372 1720 3461 igitur
1757 3384 1821 3441 et
1862 3373 2242 3462 Episcopus
2290 3369 2532 3450 factus,
2571 3386 2635 3439 et
2685 3372 2753 3439 in
2805 3368 3187 3460 episcopali

635 3457 958 3526 cathedra
1009 3458 1450 3540 sublimatus,
1525 3483 1657 3529 non
1722 3461 2089 3530 immemor
2151 3460 2342 3531 illius
2392 3459 2758 3551 Apostolici
2810 3458 3182 3549 praecepti,

635 3546 882 3616 debere
924 3549 1339 3637 Episcopum
1381 3569 1546 3617 suae
1593 3549 1835 3619 domui
1887 3571 2035 3618 esse
2074 3549 2250 3618 bene
2290 3549 2794 3639 praepositum:
2849 3568 3188 3615 convoca-

638 3636 724 3703 tis
763 3634 1133 3724 ‘praefectis
1200 3636 1450 3705 domus
1501 3649 1578 3707 et¹
1615 3639 1890 3708 cunctis
1964 3637 2301 3707 ministris
2333 3694 2347 3717 ,
2427 3636 2861 3727 perquirebat
2908 3635 3028 3721 qui
3078 3656 3187 3702 es-

638 3737 790 3792 sent
837 3723 1146 3794 redditus
1196 3725 1611 3815 episcopalis
1665 3748 1968 3807 mensae,
2025 3740 2089 3795 et
2138 3728 2258 3797 ubi
2291 3739 2357 3797 et
2390 3727 2687 3814 ‘quinam
2724 3722 2822 3793 illi
2871 3723 2989 3811 qui
3043 3722 3189 3791 sin-

637 3812 821 3901 gulis
872 3830 1186 3902 praeesse
1232 3814 1580 3883 deberent.
1640 3818 1716 3882 Et
1772 3837 1931 3884 cum
1985 3827 2438 3886 annumerata
2481 3827 2730 3885 cuncta
2785 3812 3078 3883 fuissent
3128 3824 3194 3880 et

637 3900 913 3990 scriptis
963 3903 1468 3983 commendata,
1527 3916 1605 3972 ·et
1666 3906 1784 3991 qui
1837 3926 1916 3973 ex
1968 3905 2137 3995 ipsis
2201 3918 2523 3994 sumptus
2571 3902 3027 3973 debebantur,
3083 3900 3193 3969 vix

635 4001 799 4058 sunt
844 4013 924 4058 ex
971 3992 1296 4061 omnibus
1347 3993 1644 4071 inventa,
1695 4015 1875 4079 quae
1935 4004 2233 4080 quatuor
2291 3992 2647 4062 mensibus
2697 3991 2863 4060 anni
2962 4000 3197 4061 ossent

635 4077 972 4176 sufficere.
1027 4081 1419 4150 Admiratus
1460 4103 1677 4171 supra
1711 4081 1996 4152 modum
2034 4082 2148 4151 Dei
2185 4081 2527 4159 sacerdos,
2575 4082 2920 4170 interroga
2972 4092 3040 4147 at
3089 4077 3196 4146 di-

633 4164 945 4256 ligenter,
1000 4180 1231 4239 utrum
1290 4192 1370 4237 ne
1440 4170 1767 4260 ampliori
1821 4170 2260 4260 praediorum
2317 4170 2752 4260 possessione
2809 4168 3195 4256 antiquitus

629 4253 964 4326 instructa
996 4270 1173 4330 esset
1206 4257 1531 4338 Ecclesia,
1587 4281 1672 4327 an
1728 4259 1816 4329 ab
1847 4258 2202 4346 aliquibus
2250 4259 2373 4346 qui
2409 4257 2510 4326 illi
2544 4269 2700 4326 ante
2738 4257 2968 4347 ipsum
3003 4278 3195 4346 prae-

629 4340 943 4425 fuissent,
985 4368 1161 4433 quae
1200 4346 1385 4436 juris
1433 4348 1589 4434 ejus
1638 4359 1855 4427 erant,
1907 4347 2141 4415 minus
2192 4359 2392 4416 caute
2439 4345 2915 4416 conservando
2963 4357 3196 4415 essent

625 4432 960 4523 dispersa.
1032 4436 1314 4526 Cognita
1363 4449 1598 4506 autem
1651 4434 1951 4515 veritate,
2005 4434 2192 4524 quod
2246 4435 2501 4507 nobilis
2548 4433 2793 4504 fuisset
2840 4433 3191 4515 Ecclesia,
