3357 4995
202 332 429 399 JUNII
476 334 561 398 26
924 351 1002 397 mx
1048 351 1106 397 s.
1156 350 1488 398 minemo
1535 350 1770 399 nuuc.
1824 350 2020 400 amsc.
2516 336 2644 402 593

259 435 674 515 ulsarentur,
722 435 982 524 ingenti
1032 437 1223 515 cura,
1279 434 1524 505 salutis
1555 446 1621 503 et
1667 435 2157 506 consolationis
2193 435 2490 506 fomenta
2536 438 2734 507 adhi-

206 458 433 594 Bebat.
486 523 921 593 Perfectiores
974 545 1130 592 vero
1168 523 1357 593 omni
1408 523 1664 593 honore
1694 523 1943 613 dignos
1994 524 2445 606 existimabat,
2481 540 2546 596 et
2585 540 2735 597 tan-

205 635 418 699 quam
469 612 810 682 Christum
863 613 1229 681 Dominum
1272 613 1341 681 in
1392 611 1532 681 illis
1579 633 1938 694 venerans,
1971 612 2188 682 multa
2223 614 2596 684 reverentia
2621 636 2735 686 eos

204 701 772 791 prosequebatur,
815 700 908 769 ita
953 713 1031 770 ut
1075 700 1280 770 etiam
1323 700 1462 769 illis
1509 712 1900 791 assurgeret
1933 701 2304 771 modestiae
2329 708 2562 786 causa,
2596 724 2737 773 ma-

204 790 423 879 gister
468 788 856 881 discipulis,
911 789 1343 879 praepositus
1406 788 1757 876 subjectis,
1816 810 2055 859 omnes
2105 790 2236 860 sibi
2283 804 2728 881 anteponenS,

203 877 385 947 nulli
417 900 489 947 se
527 879 798 969 justitia
833 899 1064 969 parem
1115 877 1439 949 sentiens.
1468 877 1590 946 Sed
1629 900 1787 946 cum
1824 900 1986 968 erga
2013 879 2386 969 morigeros
2416 893 2480 949 et
2507 894 2735 971 gratos

206 966 417 1035 talem
453 989 525 1036 se
576 966 948 1058 praeberet,
1000 966 1326 1057 ingratos,
1364 966 1599 1047 durOS,
1655 965 1964 1047 rebelleS,
2004 969 2394 1057 arrogantia
2435 969 2735 1040 tumidos

200 1056 529 1127 severiter
566 1057 942 1134 coercebat,
978 1065 1044 1124 et
1090 1055 1221 1124 sub
1259 1055 1510 1145 jugum
1562 1057 1898 1145 superbas
1931 1055 2227 1126 cervices
2270 1058 2566 1140 mittenS,
2609 1059 2734 1128 hu·

197 1143 545 1226 miliabat,
584 1167 803 1232 aequo
822 1144 1132 1233 justitiae
1180 1143 1587 1213 libramento
1635 1143 1933 1233 singulis
1981 1164 2104 1234 pro
2158 1143 2488 1234 dignitate
2536 1148 2731 1218 resti-

195 1249 430 1305 tuens.
488 1233 976 1303 poenitentiam
1024 1244 1249 1302 autem
1305 1232 1667 1323 agentibus
1716 1246 1781 1301 et
1826 1254 1898 1301 se
1944 1254 2261 1323 peccasse
2308 1233 2721 1317 dolentibus,

194 1324 385 1392 mira
431 1322 857 1391 humanitate
903 1333 968 1390 et
1012 1322 1607 1391 commiseratione
1656 1321 1994 1412 propitius
2032 1335 2196 1391 erat.

295 1414 332 1499 ἓ
381 1415 538 1483 Ιθ.
593 1417 803 1498 Atque
866 1410 992 1478 hoc
1038 1422 1239 1509 pacto
1285 1410 1388 1478 vir
1435 1411 1672 1481 beatus
1743 1410 1809 1477 in
1869 1407 2155 1479 fratrum
2225 1410 2512 1482 salutem
2561 1417 2728 1484 cura

200 1499 527 1591 pervigili
568 1500 892 1578 intentus,
938 1499 1098 1567 vitia
1149 1499 1703 1588 persequebatur,
1757 1498 2037 1568 virtutes
2069 1497 2335 1569 fovebat
2361 1513 2427 1569 et
2458 1523 2728 1591 promo-

198 1590 429 1658 vebat.
486 1588 896 1658 Hortabatur
948 1609 1085 1667 eos,
1138 1600 1216 1656 ut
1263 1588 1484 1687 magis
1533 1610 1643 1657 ma
1699 1587 1890 1674 isque
1946 1587 2372 1676 proficerent,
2425 1592 2729 1679 praemia

198 1677 351 1748 illis
388 1698 547 1747 cum
599 1677 861 1747 Christo
902 1675 1241 1745 immensa
1270 1689 1336 1744 et
1380 1676 1655 1746 ineffabi
1691 1676 1755 1745 ia
1790 1697 1910 1765 pro
1963 1696 2200 1747 onens.
2249 1676 2521 1748 Dicebat
2565 1700 2725 1748 cum

198 1766 608 1837 beatissimo
655 1765 989 1856 ApostolO,
1057 1776 1131 1833 ut
1175 1786 1351 1851 quae
1400 1777 1578 1835 retro
1629 1777 1814 1844 sunt,
1868 1787 1908 1833 o
1962 1764 2366 1847 liviscenteS,
2421 1767 2490 1836 in
2539 1780 2727 1837 ante-

197 1857 392 1926 riora
439 1876 510 1923 se
539 1876 808 1944 semper
855 1852 1309 1923 extenderent.
1356 1858 1582 1941 Neque
1610 1875 1766 1922 vero
1804 1854 1908 1922 his
1935 1854 2172 1944 paucis
2200 1853 2576 1937 dumtaxat,
2607 1857 2726 1926 sed

204 1943 574 2035 permultis
607 1941 927 2032 prodesse
964 1942 1269 2011 curabat.
1327 1947 1620 2012 Fratrem
1656 1943 1860 2011 etiam
1903 1964 2109 2013 suum
2162 1942 2361 2013 traxit
2406 1944 2492 2013 ad
2541 1944 2729 2014 Chri-

205 2046 397 2103 stum
448 2053 606 2101 nam
642 2031 823 2101 alius
860 2030 1067 2100 frater
1114 2053 1273 2100 eum
1321 2031 1468 2118 jam
1519 2044 2000 2121 praecesserat.
2052 2031 2274 2100 Traxit
2319 2054 2475 2101 vero
2522 2034 2725 2103 etiam

203 2135 498 2212 patrem.
556 2120 840 2190 Felicem
876 2120 1203 2190 nimirum
1256 2133 1628 2210 parentem,
1683 2121 1803 2207 qui
1839 2120 2060 2190 tribus
2094 2118 2277 2202 filiis,
2316 2143 2564 2211 magna
2595 2124 2726 2192 vir-

198 2224 350 2279 tute
397 2209 586 2289 viris,
653 2208 1163 2300 praeeuntibus,
1220 2209 1365 2298 ipse
1411 2230 1707 2296 quoque,
1761 2221 2148 2297 contempto
2195 2230 2354 2279 cum
2421 2212 2568 2281 suis
2616 2234 2727 2279 va-

195 2297 537 2368 nitatibus
584 2310 649 2365 et
683 2297 1046 2368 mortiferis
1094 2296 1435 2367 illecebris
1483 2297 1768 2376 mundo,
1807 2308 2084 2367 secutus
2131 2310 2233 2366 est
2281 2298 2719 2369 Salvatorem.

199 2385 495 2456 Felicem
535 2386 758 2474 plane,
791 2387 913 2473 qui
962 2385 1128 2456 tales
1163 2386 1411 2456 meruit
1462 2385 1713 2455 habere
1765 2385 2035 2464 liberos,
2070 2386 2197 2471 'qui
2248 2409 2478 2456 rerum
2513 2387 2725 2457 cadu-

197 2497 444 2547 carum
485 2487 551 2544 et
596 2475 812 2546 instar
848 2474 1022 2544 fumi
1063 2473 1437 2545 labentium
1488 2485 1715 2565 spreta
1755 2474 2188 2557 haereditate,
2224 2487 2287 2545 et
2327 2475 2459 2546 sibi
2509 2488 2575 2547 et
2606 2499 2725 2567 pa-

198 2566 384 2635 renti
432 2578 777 2635 aeternam
827 2584 1228 2654 semperque
1277 2585 1675 2633 mansuram
1710 2578 2222 2653 compararunt.
2263 2564 2441 2634 Felix
2499 2565 2727 2636 felices

199 2654 497 2725 feliciter
543 2665 823 2724 secutus
868 2665 992 2733 est,
1048 2674 1182 2722 non
1230 2654 1377 2743 jam
1436 2651 1638 2733 filios,
1704 2651 1824 2722 sed
1876 2666 2101 2742 patres
2151 2654 2218 2722 in
2274 2654 2556 2724 Christo.
2596 2655 2726 2724 Ad-

203 2754 564 2812 ventantes
592 2743 823 2821 etiam,
874 2763 1047 2828 quos
1096 2763 1232 2810 non
1275 2763 1464 2810 raros
1499 2741 1701 2810 habet
1738 2763 1818 2810 ea
1872 2742 2142 2822 domuS,
2206 2741 2529 2831 hospites,
2581 2746 2728 2812 ani-

202 2853 483 2902 marum
534 2852 818 2900 suarum
868 2830 1075 2900 saluti
1128 2829 1487 2900 consulere
1534 2829 1933 2920 cupientes,
1987 2830 2070 2899 ad
2112 2831 2450 2920 agendam
2499 2833 2730 2921 poeni-

204 2920 491 2992 tentiam
534 2934 601 2988 et
646 2921 819 2989 vitae
864 2919 1412 2989 emendationem
1474 2918 1824 2997 invitabat,
1872 2918 2101 2987 habita
2153 2920 2410 2989 ratione
2460 2942 2730 2990 morum

204 3023 272 3081 et
300 3008 722 3078 conditionis
771 3007 1229 3098 singulorum.
1281 3007 1594 3078 Faciebat
1624 3029 1779 3076 vero
1812 3007 1879 3074 id
1916 3006 2519 3078 indiscriminatim
2545 3009 2731 3099 apud

204 3098 504 3169 clericos
550 3110 617 3166 et
663 3097 896 3177 laicoS,
950 3097 1133 3185 apud
1185 3097 1530 3167 seculares
1587 3108 1651 3163 et
1705 3096 2120 3165 monasticae
2169 3096 2343 3165 vitae
2399 3097 2732 3186 professo-

203 3208 349 3257 res:
396 3186 657 3277 quippe
679 3187 800 3274 qui
832 3207 1073 3255 omnes
1101 3197 1382 3276 cuperet
1421 3185 1642 3256 salvos
1668 3184 1841 3264 fieri,
1883 3183 2071 3253 illam
2101 3190 2165 3251 S.
2194 3185 2440 3254 Jacobi
2466 3198 2732 3255 senten-

205 3277 373 3346 tiam
415 3275 648 3344 animo
695 3295 1007 3343 versans:
1046 3275 1180 3355 Qui
1201 3276 1494 3344 converti
1517 3275 1750 3362 fecerit
1772 3283 2176 3363 peccatorem
2215 3276 2298 3342 ab
2323 3298 2543 3343 errore
2578 3276 2730 3343 viae

204 3388 394 3446 suae,
428 3364 722 3433 salvabit
753 3365 1051 3432 animam
1084 3365 1229 3452 ejus
1255 3362 1510 3452 (suam.)
1540 3385 1583 3430 a
1605 3373 1814 3432 morte
1842 3362 2020 3449 (Jac.
2058 3363 2147 3449 v).

295 3457 334 3540 ἓ
380 3459 517 3527 11.
572 3457 778 3522 Erant
806 3464 1032 3521 autem
1067 3450 1566 3521 exhortationes
1595 3451 1748 3540 ejus
1780 3471 2279 3538 nonnunquam
2315 3473 2553 3541 graves
2577 3452 2732 3538 qui-

178 3541 364 3611 -dem
419 3541 666 3621 verbiS,
722 3539 842 3610 sed
896 3540 1225 3610 charitate
1275 3552 1340 3610 et
1390 3540 1860 3609 benevolentia
1909 3538 2229 3609 refertae:
2295 3552 2360 3608 et
2417 3541 2732 3625 quamvis

208 3630 533 3701 nonnulli
565 3651 679 3702 eas
724 3629 1021 3719 graviter
1067 3628 1452 3719 acciperent
1497 3641 1562 3699 et
1610 3627 1891 3697 moleste
1928 3627 2200 3708 ferrent,
2255 3629 2540 3697 mitibus
2570 3650 2735 3698 sane

208 3733 443 3808 gratae
493 3731 688 3790 erant
741 3730 807 3787 et
835 3715 1224 3804 jucundae:
1273 3739 1396 3787 nec
1444 3718 1649 3807 pauci
1699 3716 1783 3786 iis
1834 3717 2118 3787 correcti
2152 3728 2334 3796 sunt,
2401 3717 2600 3787 multi
2645 3717 2732 3787 ad

214 3807 651 3893 peccandum
708 3806 868 3876 facti
928 3805 1433 3877 cunctantiores
1478 3818 1545 3875 et
1601 3805 1956 3883 tardiores,
2012 3805 2208 3876 multi
2253 3806 2338 3875 ad
2396 3805 2735 3897 agendam

214 3896 706 3981 poenitentiam
752 3893 1034 3964 adducti
1088 3907 1272 3964 sunt.
1328 3895 1714 3985 Castigabat
1744 3894 1966 3964 verbis
1992 3895 2169 3963 male
2219 3895 2536 3977 viventes,
2593 3917 2738 3963 ma-

215 3981 397 4052 xime
442 3985 769 4065 literatos,
817 4005 942 4053 nec
971 3982 1248 4054 illorum
1283 3982 1770 4053 dissimulabat
1817 3982 2002 4064 vitia,
2063 3984 2291 4054 omnis
2321 3983 2737 4054 adulationis

217 4088 480 4158 expers,
518 4087 585 4143 et
646 4094 973 4163 personas
1019 4067 1329 4162 accipere
1368 4071 1706 4151 nesciens,
1761 4071 2025 4141 nemini
2082 4094 2392 4162 parcenS‚
2438 4096 2520 4143 ne
2569 4073 2740 4163 ipsis

216 4157 493 4255 quidem
544 4160 1051 4252 negligentibus
1082 4174 1203 4230 aut
1229 4160 1476 4241 avariS,
1513 4159 1616 4229 vel
1667 4181 1955 4229 munera
2002 4161 2431 4262 exigentibus
2462 4162 2737 4252 Episco-

221 4264 352 4331 pis,
404 4270 540 4318 non
598 4250 979 4320 Abbatibus
1019 4270 1181 4350 erga
1227 4248 1541 4320 subditos
1599 4270 1849 4337 parum
1884 4249 2191 4331 solicit1S‚
2236 4251 2339 4320 vel
2390 4272 2524 4320 non
2559 4250 2739 4319 bona

220 4330 307 4431 de
354 4355 425 4403 se
455 4339 765 4429 exempla
792 4339 1303 4439 praebentibus,
1329 4359 1466 4408 non
1502 4337 1920 4428 presbyteris
1945 4338 2179 4408 foedae
2211 4338 2519 4409 libidinis
2546 4361 2739 4407 man·

222 4421 445 4510 mpiis,
488 4447 620 4496 non
652 4427 946 4516 demque
973 4426 1529 4515 quibuscumque
1560 4438 1835 4498 sanctae
1866 4428 1981 4498 Dei
2015 4427 2352 4499 Ecclesiae
2384 4427 2739 4519 praefectis
2818 4460 2827 4471 ·

378 4535 616 4595 surius
644 4567 667 4579 ·
704 4536 867 4597 Vitae
906 4533 1011 4597 SS.
1039 4536 1166 4596 Vol.
1194 4567 1217 4581 ·
1245 4535 1345 4596 VI.
2507 4533 2586 4595 38
