3357 4995
244 355 281 418 J
293 353 464 418 UNII
517 353 598 415 16
966 370 1043 414 ns
1091 369 1147 415 s.
1202 367 1491 415 BENNONE
1539 295 1834 415 nisnnnsi
1882 367 2082 415 misc.
2578 349 2707 415 383

244 449 629 540 regularem
695 471 775 518 ac
827 448 1211 539 legitimum
1277 446 1572 517 canendi
1635 469 1839 517 usum
1892 448 2091 536 juxta
2139 443 2795 538 Hyldesheymensis

243 538 573 608 ecclesiae
608 538 817 607 ritum
869 559 948 606 ac
997 535 1725 609 consuetudinem.‘ad
1763 537 2091 606 Missnam
2147 537 2415 626 primus
2466 536 2788 607 traduxit:

242 627 538 714 fecitque
585 640 662 699 ut
712 627 1052 695 concinne
1099 636 1303 711 atque
1350 624 1696 715 eleganter
1729 624 1799 692 in
1862 625 2277 694 hodiernum
2325 646 2547 711 usque
2608 625 2791 694 diem

243 729 580 792 cantetur,
610 715 943 801 quicquid
971 714 1116 803 ipse
1149 714 1467 783 instituit.
1501 717 1684 795 Quas
1711 713 1897 782 enim
1929 734 2139 783 novas
2171 726 2236 784 et
2262 714 2559 784 exoticas
2584 735 2795 800 quas-

241 805 404 873 dam
450 804 653 872 hodie
685 818 949 873 canunt
994 802 1337 882 historias,
1374 802 1875 871 neotericorum
1931 803 2284 871 inventum
2320 816 2445 883 est,
2489 803 2794 874 musicae

244 894 414 961 artis
457 892 603 981 lege
655 892 992 979 modoque
1039 913 1305 960 carens,
1367 891 1493 960 Sed
1546 891 1712 959 haec
1752 904 1818 959 et
1865 890 1999 959 alia
2051 891 2510 983 dignissimus
2561 904 2795 981 pastor

248 987 479 1050 Benno
512 982 696 1051 circa
725 980 989 1050 cultum
1041 979 1360 1049 divinum·
1400 980 1469 1047 in
1511 978 1814 1048 Ecclesia
1845 1002 1970 1049 sua
2002 979 2365 1049 Missnensi
2416 980 2797 1069 prudenter

245 1070 593 1140 ordinavit
639 1083 705 1139 et
750 1069 1125 1139 constituit.
1196 1073 1349 1137 Erat
1396 1069 1580 1137 enim
1631 1069 2222 1138 caeremoniarum
2293 1069 2610 1138 omnium
2672 1069 2795 1137 do—

190 1223 205 1241 ,
246 1159 625 1240 ctissimuS,
690 1172 755 1227 et
801 1158 983 1227 circa
1036 1179 1178 1227 rem
1221 1156 1524 1226 divinam
1566 1157 1654 1225 ab
1700 1157 1988 1226 infantia
2035 1168 2363 1228 versatus.
2419 1163 2550 1228 Nec
2599 1159 2796 1244 quic-

249 1270 458 1334 quam
496 1269 654 1316 eum
704 1246 957 1316 latebat
985 1246 1170 1332 quod
1210 1245 1712 1316 ecclesiasticae
1744 1246 2103 1316 interesset
2130 1245 2567 1334 disciplinae.

337 1338 375 1423 ἓ
422 1339 565 1408 15.
619 1334 880 1404 Divinis
918 1347 1096 1405 recte
1137 1356 1209 1403 se
1250 1334 1684 1405 habentibus,
1732 1356 1886 1403 mox
1915 1335 2229 1404 animum
2264 1334 2515 1423 adjecit
2542 1335 2794 1404 beatis-

251 1425 477 1493 simus
526 1423 829 1493 Pontifex
877 1423 961 1492 ad
1005 1422 1379 1493 visitandos
1441 1422 1755 1512 singulos
1810 1423 2197 1494 dioeceseos
2263 1446 2430 1494 suae
2481 1446 2692 1514 pagos
2731 1437 2795 1493 et

249 1513 532 1603 oppida,
607 1534 981 1600 omnesque
1033 1511 1360 1582 ecclesias
1413 1524 1477 1581 et
1527 1534 1768 1582 earum
1821 1517 2176 1612 Rectores,
2234 1512 2298 1581 id
2351 1512 2534 1598 quod
2585 1513 2791 1582 etiam

248 1601 623 1688 quotannis
656 1601 722 1669 in
759 1601 1035 1692 propria
1086 1623 1377 1691 persona
1427 1600 1696 1669 vicatim
1752 1602 2190 1688 ostiatimque
2228 1600 2469 1670 sedulo
2501 1601 2794 1671 ‘factita-

248 1691 390 1760 bat.
437 1689 728 1758 Proinde
784 1690 1354 1847 circumsssiciens
1388 1689 1710 1776 utrinque
1749 1690 2141 1758 animarum
2197 1691 2405 1760 saluti
2472 1690 2673 1759 modo
2723 1691 2793 1757 in

254 1778 701 1867 PresbyteriS,
757 1793 830 1848 ut
862 1793 925 1848 et
977 1801 1087 1847 ver
1138 1802 1177 1848 o
1224 1778 1570 1859 docerent,
1615 1790 1681 1847 et
1713 1800 1916 1867 opere
1949 1778 2334 1848 doctrinam
2370 1802 2569 1849 suam
2603 1801 2796 1849 com-

251 1868 625 1958 probarent
662 1869 779 1956 (ne
827 1866 995 1936 sorte
1043 1867 1198 1936 aliis
1240 1866 1739 1968 praedicanteS,
1777 1868 1910 1957 ipsi
1963 1867 2233 1957 reprobi
2268 1866 2453 1947 facti,
2521 1867 2794 1937 audito-

251 1957 448 2025 ribus
498 1955 948 2044 vilescerent):
1005 1957 1207 2025 modo
1243 1979 1313 2025 tn
1344 1955 1664 2031 subditis,
1705 1968 1778 2025 ut
1815 1955 1998 2025 dicto
2029 1956 2464 2026 sacerdotum
2500 1978 2792 2026 suorum

250 2046 825 2134 obtemperantes,
877 2045 1155 2114 verbum
1207 2045 1474 2124 salutiS,
1530 2056 1596 2113 et
1641 2044 1973 2132 quicquid
2024 2046 2107 2113 ad
2146 2045 2354 2114 fidem
2388 2045 2649 2124 attinet,
2687 2046 2795 2113 di-

255 2134 543 2224 ligenter
581 2134 666 2202 ab
712 2134 812 2202 eis
850 2135 1182 2203 discerent
1228 2148 1293 2203 et
1324 2134 1784 2202 observarent.
1822 2133 2015 2215 Quod
2048 2135 2103 2202 si
2145 2156 2320 2220 quos
2360 2155 2440 2202 eo
2492 2134 2694 2203 modo
2726 2156 2798 2202 se

254 2223 505 2291 habere
554 2222 909 2312 comperit,
972 2222 1403 2292 vehementer
1451 2220 1794 2290 laudavit:
1850 2222 1957 2291 sin
2008 2244 2230 2301 secuS,
2291 2222 2532 2290 leniter
2579 2222 2794 2291 corri-

259 2310 508 2400 piendo
544 2313 610 2379 in
650 2310 899 2380 melius
952 2310 1363 2380 immutavit.
1419 2315 1630 2379 Tanta
1676 2324 1906 2379 autem
1958 2312 2177 2410 gratia
2211 2311 2565 2401 praeditus
2615 2323 2782 2390 erat,

256 2410 577 2486 tantoque
626 2399 807 2468 inter
843 2421 1177 2488 pauperes
1216 2422 1295 2469 ac
1348 2399 1592 2468 divites
1625 2398 2039 2485 aequilibrio
2091 2422 2164 2468 se
2216 2399 2659 2490 partiebatur,
2719 2413 2796 2468 ut

256 2488 512 2579 passim
548 2510 704 2557 eum
757 2511 996 2558 omnes
1029 2500 1378 2558 amarent:
1432 2488 1719 2577 ejusque
1751 2488 2030 2558 monitis
2059 2488 2629 2577 obtemperanteS,
2671 2510 2790 2578 pa·

253 2576 450 2647 cifice
490 2579 667 2646 inter
715 2599 785 2646 se
840 2578 1161 2657 viverent,
1215 2592 1280 2646 et
1337 2578 1634 2647 fraterno
1667 2600 1740 2646 se
1777 2578 2065 2646 invicem
2117 2599 2350 2646 amore
2397 2576 2788 2665 diligerent.

253 2667 549 2735 Verbum
598 2666 707 2734 Dei
741 2688 1015 2753 quoque
1049 2667 1139 2735 ita
1173 2665 1576 2744 luculenter,
1634 2666 1726 2735 ita
1774 2666 2074 2736 suaviter
2108 2664 2436 2735 tractabat
2470 2687 2548 2733 ac
2602 2687 2792 2754 prae-

253 2753 575 2833 dicabat,
642 2768 718 2823 ut
796 2777 915 2844 per
971 2754 1187 2825 multa
1239 2757 1443 2825 etiam
1518 2754 1892 2835 milliaria,
1957 2755 2106 2843 ejus
2176 2753 2506 2824 audiendi
2571 2754 2794 2843 gratia

251 2844 702 2911 confluerent.

338 2936 575 3018 §1ss
630 2938 846 3022 Supra
883 2947 1336 3002 memoratum
1388 2948 1510 3013 est,
1571 2932 1968 3003 Sclavorum
2009 2932 2353 3022 ingentem
2406 2930 2796 3001 multitudi-

255 3043 409 3089 nem
461 3020 700 3111 gentili
748 3043 976 3091 errore
1010 3035 1364 3111 vagantem
1395 3023 1465 3090 in
1507 3021 1805 3091 dioecesi
1845 3021 2009 3090 olim
2046 3021 2410 3092 Missnensi
2443 3036 2578 3090 tam
2614 3020 2797 3089 ultra

254 3132 469 3196 quam
508 3110 678 3178 citra
718 3109 935 3177 Albim
974 3110 1256 3180 fluvium
1308 3110 1675 3180 desedisse.
1713 3116 1895 3193 Quos
1926 3122 1991 3179 et
2040 3110 2099 3178 si
2146 3109 2487 3179 Heni-icus
2529 3115 2666 3179 Rex
2699 3114 2792 3178 111

252 3199 614 3288 piissimus
644 3198 943 3288 epitheto
968 3212 1296 3288 perpetuo
1332 3203 1728 3288 Imperator,
1769 3220 1902 3268 non
1937 3200 2028 3267 ita
2080 3198 2296 3267 multo
2332 3198 2546 3288 prius,
2582 3219 2795 3284 quam

250 3287 727 3386 episcopatum
781 3292 1010 3355 Benno
1059 3301 1478 3376 susceperat,
1520 3288 1915 3356 tributarios
1953 3287 2249 3377 Imperio
2298 3286 2570 3363 fecerat,
2613 3300 2678 3355 et
2706 3286 2796 3355 ad

252 3375 771 3463 suscipiendam
823 3376 1070 3443 Christi
1106 3375 1309 3445 sidem
1359 3398 1608 3465 magna
1641 3398 1720 3444 ex
1752 3389 1943 3475 parte
1989 3374 2452 3466 compulerat:
2510 3375 2796 3465 plurimi

252 3477 481 3532 tamen
517 3485 597 3531 ex
629 3465 728 3532 eis
768 3464 1338 3553 retrospicienteS‚
1397 3486 1663 3563 pagano
1716 3477 1873 3544 ritu,
1915 3465 2240 3533 honorem
2283 3485 2490 3550 quem
2533 3463 2796 3532 Christo

249 3552 616 3631 debebant,
667 3551 866 3621 idolis
898 3566 1329 3641 reponenteS,
1386 3551 1622 3622 relicta
1658 3554 1904 3642 pietate
1953 3551 2138 3632 fidei,
2175 3552 2480 3638 antiquis
2512 3574 2583 3620 se
2606 3568 2796 3620 erro-

250 3641 449 3710 ribus
479 3640 710 3709 denuo
741 3640 1186 3709 involverant.
1227 3646 1319 3708 Ex
1365 3641 1620 3727 quibus
1672 3641 2001 3730 Radigast
2036 3642 2104 3708 in
2142 3662 2394 3729 magna
2442 3639 2626 3730 apud
2681 3662 2797 3709 eos

224 3729 686 3799 .veneratione
724 3742 889 3798 erat.
944 3735 1129 3798 Inter
1175 3731 1410 3798 omnia
1470 3744 1700 3799 autem
1755 3729 2046 3799 numina
2100 3729 2471 3817 primatum
2523 3729 2797 3798 tenebat

249 3818 753 3888 Suanthewitz:
805 3840 1010 3905 quem
1085 3823 1293 3887 Deum
1372 3818 1660 3888 deorum
1726 3839 1875 3886 esse
1937 3819 2355 3907 profitente&
2428 3840 2507 3887 ex
2577 3818 2801 3908 ipsius

246 3906 553 3977 oraculis
608 3919 674 3976 et
727 3908 1077 3997 responsis
1128 3930 1234 3977 res
1288 3922 1571 3977 cunctas
1619 3907 1973 3997 gerebant.
2040 3911 2152 3976 Est
2215 3920 2444 3977 autem
2493 3906 2802 3976 Euanthe

246 3995 555 4065 Sclavica
605 3994 847 4085 lingua
895 3995 1076 4064 idem
1126 3994 1309 4082 quod
1346 4009 1698 4065 sanctum:
1739 3996 1903 4065 Witz
1961 4017 2113 4064 vero
2164 3995 2399 4065 lumen
2455 3997 2796 4085 interpre-

250 4095 456 4153 tatur.
494 4088 802 4170 Cumque
852 4096 1566 4172 magorum·constans
1617 4086 1705 4154 sit
1737 4085 2095 4165 sententia,
2150 4086 2518 4155 daemonia
2557 4085 2795 4154 omnia

247 4172 590 4262 sanguine
639 4174 953 4242 invitari:
1025 4175 1355 4242 Sacerdos
1417 4186 1641 4241 tamen
1707 4174 2167 4243 Suanthewitz
2216 4176 2362 4245 suis
2420 4173 2793 4263 persuade-

250 4262 388 4342 bat,
458 4262 645 4329 hunc
702 4261 834 4333 nisi
870 4261 1252 4332 Christiano
1299 4283 1542 4331 cruore
1595 4262 1852 4351 placari
1897 4285 2028 4332 non
2077 4285 2296 4353 posse.
2369 4260 2792 4347 Unde—quod

247 4350 713 4420 abominabile
769 4350 973 4419 etiam
1025 4349 1215 4421 dictu
1273 4364 1395 4433 est,
1452 4351 1555 4420 illi
1620 4353 1993 4438 quotannis
2062 4353 2412 4421 hominem
2471 4350 2795 4420 Christia-

248 4460 444 4519 num,
498 4460 1010 4528 quemcumque
1043 4462 1192 4512 sors
1225 4440 1501 4530 objecit,
1540 4440 1738 4512 litare
1768 4453 2289 4513 consueverant.
