3357 4995
626 342 751 406 204
1374 357 1451 402 DE
1500 357 1554 402 s.
1608 353 1905 403 arenauno
1955 353 2250 402 criscoro
2766 337 2984 402 JUNII
3033 338 3074 402 8

539 456 733 532 prato
785 443 916 513 sub
947 442 1097 531 ejus
1146 440 1454 508 custodia
1506 440 1946 508 reficerentur
1993 435 2445 508 commisisse.
2493 443 2666 507 Puer
2714 451 2941 507 autem
2994 463 3074 509 ex

539 533 753 620 patris
785 541 1145 631 praecepto
1183 549 1394 614 equos
1425 528 1736 597 hilariter
1783 529 2105 628 suscepit,
2160 542 2224 596 et
2272 528 2601 598 voluntati
2639 527 2789 615 ejus
2838 550 3073 598 assen-

539 620 737 700 tiens,
782 619 1173 708 injunctum
1207 615 1338 685 sibi
1369 616 1670 685 officium
1715 616 2217 685 officiosissime
2246 616 2625 704 adimplere
2660 618 3072 705 properavit.

538 712 703 777 Cum
756 730 909 776 vero
959 708 1026 774 in
1079 706 1392 774 custodia
1440 728 1676 774 eorum
1732 706 2033 774 intentus
2072 718 2268 785 esset,
2316 705 2482 772 vidit
2535 704 2812 773 fortuito
2879 707 3074 796 igno-

541 810 683 866 tum
751 796 1119 883 quemdam
1171 795 1608 883 pertransire,
1645 817 1723 862 ac
1785 795 2023 862 sellam
2076 799 2484 879 equestrem,
2538 807 2601 860 et
2651 815 2827 878 quae
2882 796 3079 880 equiss

539 897 790 954 tantem
822 884 1220 959 condecent,
1276 907 1312 950 a
1364 895 1550 972 tergo
1591 898 1877 972 gestare.
1917 884 2302 952 percontari
2336 905 2505 971 puer
2529 882 2776 970 coepit,
2828 905 2967 968 qua
2993 884 3079 951 de

539 996 746 1044 causa
782 974 878 1044 sic
928 972 1269 1040 incederet
1301 985 1616 1050 onustuS‚
1672 994 1830 1040 cum
1875 970 2310 1040 solummodo
2356 973 2458 1038 via
2506 971 2713 1038 vianti
2746 974 2933 1060 gravi
2969 994 3077 1039 sa-

538 1063 625 1130 tis
661 1061 1154 1151 impedimento
1205 1059 1566 1129 videretur.
1629 1065 1894 1145 Equum
1920 1082 2183 1141 meum,
2229 1060 2341 1128 ille
2376 1060 2753 1147 respondit.
2791 1061 3082 1148 contigit

471 1193 476 1198 .
539 1173 704 1219 casu
766 1146 1152 1239 deperisse:
1214 1171 1389 1235 quae
1437 1161 1662 1216 tamen
1715 1149 1867 1233 equi
1922 1162 2135 1216 erant.
2197 1149 2438 1216 inutile
2490 1147 2657 1215 mihi
2703 1150 2923 1217 visum
2977 1160 3080 1218 est

540 1239 943 1329 perdidisse.
1004 1237 1295 1306 Facilius
1344 1259 1588 1325 nempe
1635 1237 1861 1306 solum
1896 1230 2168 1322 'equum
2220 1238 2389 1304 mibi
2442 1238 2569 1304 erit
2622 1259 3072 1326 comparare,

538 1349 744 1414 quam
787 1341 850 1395 et
881 1349 1133 1412 equum
1172 1339 1236 1392 et
1283 1349 1355 1394 ea
1407 1347 1582 1411 quae
1647 1326 2044 1413 hujusmodi
2093 1326 2467 1393 condecent
2523 1325 2822 1393 officium
2878 1348 3077 1414 repa-

540 1438 713 1484 rare.
775 1421 945 1483 Puer
979 1429 1203 1482 autem
1245 1415 1461 1482 bonae
1521 1414 1795 1494 indolis,
1855 1426 2075 1482 tantae
2135 1415 2317 1482 illius
2359 1416 2785 1503 compatiens
2835 1414 3080 1503 fatiga*

542 1505 733 1582 tioni,
770 1525 927 1572 cum
970 1505 1116 1592 jam
1151 1525 1308 1571 eum
1347 1525 1506 1592 prae
1559 1503 1773 1572 nimio
1817 1503 2044 1571 labore
2095 1502 2568 1578 desudantem.
2606 1517 2673 1574 et
2724 1525 2896 1592 pene
2929 1504 3079 1592 jam

541 1593 969 1661 deficientem
1024 1591 1322 1668 vidisset,
1363 1615 1439 1659 ear
1473 1593 1784 1679 piissimo
1826 1593 2069 1660 affectu
2114 1593 2382 1670 mentis,
2424 1617 2455 1656 «
2492 1597 2557 1658 ln
2600 1594 2898 1668 nomine,
2958 1593 3075 1670 ait,

544 1683 811 1750 Domini
875 1702 1091 1749 unum
1125 1704 1202 1748 ex
1234 1681 1340 1748 bis
1373 1680 1553 1760 tolle,
1594 1703 1768 1764 quos
1796 1681 1905 1748 hic
1938 1682 2005 1748 in
2042 1681 2352 1748 custodia
2392 1680 2741 1768 suscepi.»
2776 1686 3082 1766 Cumque
3170 1682 3175 1687 *

546 1771 760 1838 viator
790 1771 917 1837 hoc
952 1791 1116 1837 suae
1168 1771 1514 1858 potestatis
1564 1791 1700 1836 non
1735 1791 1881 1836 esse
1909 1769 2289 1856 ambigens,
2325 1769 2831 1854 aliquantulum
2863 1791 3082 1836 reino-

545 1873 832 1937 raretur,
867 1881 900 1920 «
936 1857 1140 1932 Tolle,
1178 1859 1294 1932 ait,
1333 1859 1510 1926 sicut
1543 1858 1706 1930 dixi.
1739 1872 1803 1925 et
1832 1879 2267 1943 quocumque
2319 1869 2378 1925 te
2422 1859 2835 1945 pertransire
2867 1859 3085 1926 conti-

543 1948 738 2037 gerit,
788 1968 894 2014 me
938 1946 1146 2033 liujus
1175 1947 1640 2015 concessionis
1685 1960 1747 2014 et
1796 1959 2140 2015 auctorem
2176 1960 2240 2013 et
2273 1961 2634 2035 patronum
2675 1947 3082 2014 incunctan-
3118 1945 3125 1950 ’

544 2051 643 2104 ter
690 2035 1048 2104 habebis»
1085 2035 1520 2103 Persuadenti
1559 2057 1769 2122 puero
1817 2057 2024 2120 eques
2075 2035 2548 2113 libentissime,
2584 2048 2817 2123 utpote
2870 2036 3080 2102 nimis

544 2123 978 2214 defatigatus
1036 2125 1551 2212 obtemperavit,
1619 2145 1931 2209 equoque
1991 2145 2195 2208 quam
2246 2123 2576 2192 citissime
2625 2137 2857 2200 strato,
2913 2146 3073 2192 cum

549 2213 788 2282 multis
816 2213 1191 2303 gratiarum
1244 2212 1627 2282 actionibus
1682 2214 1895 2280 laetus
1928 2212 2277 2280 abscessit.

631 2304 665 2388 ξ
714 2307 801 2374 5.
856 2308 1007 2370 Post
1056 2302 1205 2388 ejus
1253 2302 1676 2374 abscessum,
1734 2322 1891 2368 cum
1925 2301 2071 2389 jam
2123 2301 2307 2368 domi
2348 2304 2657 2389 paratum
2718 2315 2915 2378 esset,
2964 2323 3082 2390 per

546 2391 913 2476 quemdam
965 2411 1002 2458 e
1055 2389 1334 2457 famulis
1394 2412 1564 2478 puer
1615 2412 1652 2456 a
1705 2389 2126 2477 parentibiiS,
2181 2404 2257 2457 ut
2316 2390 2631 2457 convivio
2678 2390 3076 2468 interesset,

545 2480 890 2548 invitatur.
934 2478 1054 2548 Ille
1104 2501 1281 2558 vero,
1319 2478 1438 2564 qui
1488 2478 1571 2546 ad
1628 2478 1752 2546 boc
1804 2478 2057 2547 missus
2123 2493 2243 2558 est,
2299 2479 2572 2547 eminus
2626 2479 3073 2566 prospiciens,

546 2569 724 2637 videt
774 2590 1064 2658 puerum
1121 2580 1396 2656 propter
1445 2568 1775 2656 pluviam,
1831 2589 2009 2652 quae
2064 2580 2225 2635 tunc
2295 2568 2459 2635 sorte
2528 2568 2912 2655 ingruebat,
2958 2568 3083 2635 ali-

543 2657 956 2743 quantulum
999 2657 1084 2724 ab
1118 2657 1312 2741 equis
1342 2656 1730 2733 secessisse,
1758 2678 1835 2723 ac
1880 2669 2225 2742 tamquam
2264 2655 2592 2723 latebram
2633 2670 2905 2745 propter
2955 2658 3084 2723 im-

546 2745 774 2814 brium
826 2745 1226 2814 effusionem
1277 2757 1741 2830 quaerentem,
1801 2745 1886 2812 ab
1935 2744 2157 2812 officio
2207 2744 2612 2812 declinasse.
2654 2749 2730 2812 Et
2765 2746 2831 2811 in
2867 2745 3080 2811 altum

545 2834 782 2904 oculos
831 2833 1126 2912 elevans,
1184 2832 1359 2901 videt
1411 2832 1712 2918 aquilam
1781 2832 2046 2901 alarum
2113 2834 2550 2921 expansione,
2610 2834 2934 2918 omnique
2996 2832 3081 2899 ad

544 2922 673 2990 hoc
722 2922 1016 2991 distento
1048 2943 1353 3010 corpore,
1424 2934 1558 2989 tam
1610 2934 2068 3010 congruenter
2120 2943 2408 3011 puerum
2463 2923 2832 3009 cooperire,
2888 2934 2961 2987 ut
3011 2921 3079 2987 in

547 3009 761 3089 nullo,
816 3033 975 3078 cum
1026 3011 1566 3095 circumquaque
1627 3010 1855 3097 pluvia
1910 3010 2021 3077 illa
2066 3024 2518 3097 grassaretur,
2566 3011 2652 3077 ab
2703 3008 3085 3077 inundante

546 3100 724 3167 aeris
756 3098 945 3167 illius
981 3099 1286 3187 contingi
1340 3112 1565 3186 posset
1597 3099 2078 3166 exundatione.
2114 3104 2253 3167 Hoc
2287 3099 2409 3167 diu
2441 3099 2751 3174 miratus,
2808 3098 3084 3165 tandem

547 3209 680 3254 non
708 3187 855 3254 sine
875 3186 1092 3254 multa
1113 3186 1561 3274 trepidatione
1587 3186 2032 3276 appropians,
2059 3187 2424 3256 liumilime
2452 3210 2740 3276 puerum
2768 3200 3083 3255 sanctum

548 3275 739 3350 adiit,
800 3288 862 3342 et
910 3288 985 3342 ut
1032 3298 1110 3343 ex
1147 3287 1505 3365 praecepto
1563 3276 1777 3364 patris
1830 3291 2110 3364 paterno
2154 3277 2507 3344 interesset
2540 3277 2873 3345 convivio.
2930 3274 3089 3342 dili—

547 3364 945 3454 gentissime
976 3363 1301 3431 invitavit.
1341 3368 1514 3433 Puer
1547 3377 1771 3431 autem
1808 3365 1901 3433 ire
1936 3376 2283 3437 recusans,
2322 3371 2644 3443 «Precor,
2680 3366 2923 3451 inquit.
2958 3362 3089 3430 fra-

550 3466 649 3521 ter
697 3466 1039 3520 revertens
1074 3452 1384 3531 domum,
1421 3453 1601 3541 apud
1659 3466 1972 3542 parentes
2005 3475 2191 3522 meos
2238 3475 2448 3542 super
2500 3453 2624 3520 hoc
2679 3476 2784 3521 me
2835 3454 3089 3522 habeas

547 3554 1022 3610 excusatum.»
1075 3545 1162 3608 Ea
1213 3541 1296 3608 de
1345 3563 1555 3611 causa
1612 3542 1920 3611 fortassis
1971 3542 2299 3611 remorari
2363 3542 2707 3631 cupiebat,
2762 3564 2899 3627 quo
2939 3543 3087 3627 jam

547 3629 776 3697 dictus
805 3651 1012 3716 eques
1054 3630 1119 3697 in
1175 3630 1301 3698 bac
1365 3630 1818 3698 remoratione
1859 3629 2135 3719 longius
2183 3631 2603 3703 avelleretur,
2663 3652 2744 3697 ne
2784 3630 2953 3697 forte
3002 3630 3088 3697 ab

549 3718 804 3805 aliqu0,
853 3718 910 3787 si
939 3740 1096 3786 eum
1135 3718 1405 3805 insequi
1449 3719 1669 3797 vellet,
1718 3719 2159 3787 inveniretur.
2204 3724 2535 3788 Reversus
2573 3720 2800 3805 itaque
2854 3740 3089 3791 servu-

556 3807 690 3887 luS‚
739 3806 1142 3895 parentibus
1193 3806 1315 3875 filii
1349 3806 1635 3896 replicat
1664 3808 2199 3885 excusationem,
2242 3820 2305 3875 et
2340 3830 2468 3875 non
2516 3808 2663 3877 sine
2702 3804 2911 3875 multa
2945 3820 3090 3874 stu-

552 3895 928 3985 pefactione
988 3896 1258 3981 aquilae
1318 3919 1527 3984 super
1624 3917 1868 3963 uerum
1922 3919 1999 3964 ex
2034 3896 2273 3964 ordine
2325 3895 2562 3985 pandit
2616 3896 3089 3964 obumbratio-

555 4006 736 4052 nem.
782 3990 1100 4053 Parentes
1148 4007 1303 4052 cum
1334 3985 1522 4051 omni
1593 3984 1826 4052 amilia
1865 3984 2215 4074 superbis
2269 4007 2445 4070 quae
2481 3984 2863 4063 audierant,
2905 4006 3094 4051 mur-

551 4086 903 4141 murantes
935 4075 1225 4158 invicem
1283 4072 1639 4141 laetantur.
1692 4078 1770 4141 Ut
1802 4094 1961 4141 vero
1990 4074 2311 4142 certiores
2361 4073 2552 4151 fiant,
2594 4073 2677 4141 ad
2716 4072 3091 4140 videndum

557 4174 820 4231 tantum
874 4162 1001 4231 hoc
1054 4161 1468 4230 miraculum
1541 4161 1851 4230 hilariter
1898 4183 2043 4230 sese
2091 4162 2577 4241 cohortantur„
2616 4162 2872 4230 Relicto
2930 4182 3094 4229 con—

553 4251 727 4319 vivio
779 4263 991 4340 pater,
1048 4273 1207 4319 cum
1258 4249 1448 4330 omni
1512 4250 1651 4318 ruit
1699 4250 1983 4329 familia,
2040 4264 2254 4319 mater
2313 4273 2470 4320 cum
2524 4249 2875 4319 ancillulis
2946 4250 3094 4319 suis

552 4341 896 4409 currendo
948 4361 1118 4427 pene
1157 4337 1394 4429 ‘atterit
1443 4339 1763 4427 vestigia:
1817 4361 2033 4406 unum
2085 4339 2413 4407 omnibus
2461 4352 2734 4412 votum,
2792 4338 2847 4407 si
2898 4336 3089 4416 sorte,

559 4449 735 4514 quae
784 4426 1024 4496 auditu
1069 4426 1477 4508 didicerant,
1535 4426 1687 4497 visu
1712 4427 1912 4496 etiam
1955 4428 2242 4516 probare
2278 4440 2575 4517 possent.
2622 4427 2744 4494 Ubi
2784 4447 2940 4495 vero
2976 4425 3095 4494 illo
