3357 4995
247 344 471 410 JUNII
520 345 605 411 25
961 363 1040 410 m:
1088 362 1145 410 s.
1196 361 1511 411 ranaorm
1557 362 1727 411 vtae.
1764 363 1841 410 m·
1885 363 2079 411 mar.
2439 395 2442 406 .
2579 344 2697 410 54⁴

251 458 514 518 mutes:
560 446 1038 535 desistensque
1075 469 1115 516 a
1155 446 1530 549 gemitibus
1575 459 1642 517 et
1680 446 2025 529 lamentis,
2062 447 2241 530 veni,
2272 459 2350 518 ut
2382 446 2791 518 Febroniam

249 535 772 618 confirmemus,
824 557 904 605 eo
950 535 1134 624 quod
1169 558 1193 604 1
1246 558 1324 605 sa
1372 535 1612 607 morbo
1659 535 1916 607 afflicta
1952 536 2330 607 decumbit.
2388 560 2425 604 »

341 624 373 712 ξ
417 629 566 699 18.
622 627 787 694 Cum
851 623 1066 715 igitur
1124 647 1165 693 a
1275 646 1642 696 scamnum
1691 625 2082 706 venissent,
2137 625 2207 694 in
2255 646 2393 713 quo
2466 625 2799 700 Febronia

251 710 733 795 decumbebat,
780 715 1008 784 statim
1042 713 1338 783 Brienna
1372 735 1648 805 gravem
1698 712 2048 785 ululatum
2079 712 2345 783 emisit:
2399 727 2465 784 et
2511 737 2672 785 cum
2701 714 2799 786 fa-

250 799 425 872 ciem
465 801 534 872 in
578 824 706 872 sua
752 823 979 892 genua
1028 800 1410 892 dejecisset,
1457 801 1786 892 lacrymis
1821 800 2387 894 perfundebatur.
2431 806 2597 872 Cum
2637 826 2796 874 vero

256 888 327 960 in
370 889 591 981 ipsam
638 889 968 961 Febronia
1014 891 1418 973 intueretur,
1455 891 1539 961 ad
1572 890 2019 961 Thomaidem
2044 893 2422 961 orationem
2457 890 2793 983 dirigens:

257 1002 293 1045 «
327 983 615 1060 Quaeso,
669 980 920 1066 inquit,
957 992 1196 1060 mater,
1249 980 1572 1068 quisnam
1606 979 1918 1050 ululatus
1966 977 2098 1049 fuit
2143 979 2525 1049 Briennae?
2552 980 2797 1051 Audivi

254 1067 438 1137 enim
477 1069 697 1160 ipsam
749 1080 815 1138 et
863 1067 1071 1158 paulo
1130 1081 1309 1150 ante,
1362 1090 1524 1137 cum
1564 1067 1792 1139 adhuc
1852 1080 2029 1138 esset
2076 1068 2148 1138 in
2187 1067 2353 1138 aede
2387 1090 2604 1151 sacra,
2660 1069 2798 1140 cla-

252 1176 482 1229 mores
531 1178 820 1247 magnos
865 1156 1196 1227 emittere.
1242 1196 1273 1208 -
1306 1158 1431 1227 Tui
1478 1159 1713 1239 causa,
1768 1157 1994 1245 inquit
2051 1157 2396 1238 Thomais,
2461 1159 2797 1248 gemitum

253 1257 320 1314 et
366 1244 892 1315 lamentationes
948 1246 1236 1316 emittit:
1307 1267 1680 1316 aerumnas
1726 1246 1909 1315 enim
1969 1244 2318 1336 praevidet
2363 1267 2541 1333 quae
2583 1269 2623 1316 a
2671 1250 2798 1335 Ty-

253 1334 498 1403 rannis
549 1334 748 1404 nobis
796 1333 1193 1404 inferendae
1250 1347 1454 1416 sunt,
1508 1346 1866 1426 propterea
1927 1334 2109 1422 quod
2163 1345 2235 1405 tu
2283 1332 2685 1407 adolescens
2732 1346 2800 1404 et

159 1497 168 1508 ,
256 1421 779 1512 pulchritudine
828 1422 1023 1493 valde
1063 1424 1360 1514 insignis
1406 1445 1502 1493 es.
1556 1430 1778 1493 »Tum
1817 1422 2185 1494 Febronia:
2223 1446 2259 1490 «
2293 1427 2482 1514 Rogo
2528 1445 2669 1505 voe,
2724 1436 2800 1493 ut

257 1532 383 1601 pro
433 1533 540 1581 me
597 1512 853 1581 ancilla
904 1523 1122 1582 vestra
1164 1517 1372 1582 Deum
1424 1513 1669 1583 oretis:
1723 1523 1959 1603 potens
2006 1525 2109 1583 est
2145 1511 2330 1581 enim
2383 1512 2531 1602 ipse
2580 1511 2800 1603 respi-

255 1621 408 1669 cere
472 1599 933 1670 humilitatem
986 1622 1235 1682 meam,
1288 1611 1354 1670 et
1394 1621 1503 1669 me
1549 1601 1904 1670 infirmam
1953 1600 2422 1681 corroborare,
2486 1601 2797 1687 mihique

255 1689 659 1845 Patientiam
702 1689 1100 1770 concedere,
1131 1701 1210 1759 ut
1247 1688 1573 1761 omnibus
1614 1690 1826 1760 servis
1865 1689 2037 1770 suiS,
2092 1690 2394 1777 quivere
2427 1689 2659 1779 ipsum
2694 1688 2799 1758 di-

283 1794 591 1849 exerunt.
636 1800 671 1844 »
706 1778 800 1847 Ad
854 1778 1019 1848 haec
1066 1778 1425 1848 Thomais:
1462 1801 1498 1843 «
1535 1778 1730 1858 Filia,
1787 1778 2039 1866 inquit,
2103 1799 2257 1847 mea
2305 1776 2660 1860 Febronia‚
2714 1798 2800 1847 en

256 1879 532 1957 tempus
580 1866 979 1936 certaminis
1049 1878 1269 1936 raesto
1301 1879 1424 1936 est.
1471 1867 1691 1958 Igitur
1720 1866 1779 1936 si
1817 1889 1857 1936 a
1891 1865 2229 1936 militibus
2259 1866 2802 1957 comprehensae

258 1953 620 2036 fuerimuS,
676 1976 801 2025 nos
847 1955 969 2042 qui
1020 1977 1128 2026 em
1177 1965 1254 2024 ut
1299 1966 1513 2024 aetate
1564 1966 1941 2046 provectae,
1998 1955 2186 2025 brevi
2229 1966 2362 2024 tem
2418 1977 2533 2026 ore
2582 1977 2622 2024 a
2669 1961 2799 2044 Ty-

257 2044 498 2113 rannis
561 2044 1092 2114 interficiemur:
1147 2056 1209 2112 te
1257 2063 1435 2124 vero,
1492 2056 1569 2113 ut
1615 2043 2118 2113 adolescentem
2164 2056 2230 2113 et
2279 2065 2374 2134 pu
2404 2043 2801 2114 chritudine

257 2132 629 2223 insignem,
671 2132 1100 2203 detinebunt.
1147 2138 1319 2222 Ergo
1354 2133 1413 2201 si
1458 2145 1521 2202 te
1568 2132 1930 2203 blanditiis
1969 2131 2296 2212 allicient,
2356 2153 2798 2220 nequaquam

259 2220 399 2290 illis
468 2222 919 2311 obtemperes,
972 2221 1166 2304 Quod
1229 2220 1288 2289 si
1336 2242 1506 2291 auro
1556 2220 1657 2290 vel
1713 2234 2018 2311 argent0,
2073 2232 2254 2290 veste
2315 2233 2436 2290 aut
2481 2219 2796 2291 delicatis

259 2308 434 2377 cibis
484 2321 546 2378 te
593 2309 984 2379 demulcere
1023 2308 1421 2390 studebunt,
1477 2308 1652 2390 vide,
1692 2309 1860 2390 filia,
1893 2330 1979 2377 ne
2009 2307 2151 2378 illis
2181 2308 2446 2389 credaS,
2481 2330 2566 2378 ne
2599 2331 2800 2410 prae-

259 2398 618 2467 teritorum
668 2397 982 2469 laborum
1037 2398 1419 2468 mercedem
1464 2398 1732 2488 perdaS,
1777 2419 1944 2467 neve
1992 2396 2449 2467 daemonibus
2480 2410 2547 2467 et
2595 2396 2801 2468 idolis

260 2485 562 2556 ludibrio
612 2486 729 2559 sis.
782 2485 964 2558 Nihil
1017 2487 1403 2577 virginitate
1436 2487 1919 2578 praestantius.
1967 2485 2176 2557 Multa
2220 2485 2407 2557 enim
2448 2500 2550 2557 est
2574 2485 2798 2577 ipsius

259 2596 565 2646 merces:
612 2587 677 2645 et
726 2576 1112 2667 praemium
1168 2576 1580 2666 virginitatis
1612 2597 1914 2667 sponsus
1964 2574 2375 2647 immortalis
2406 2588 2530 2653 est,
2568 2576 2688 2662 qui
2737 2586 2803 2645 et

259 2663 844 2734 immortalitatem
902 2665 1011 2735 his
1117 2663 1367 2746 raebet,
1420 2665 1543 2752 qui
1589 2687 1750 2735 eum
1799 2677 2143 2754 exoptant.
2201 2669 2292 2733 Da
2322 2685 2627 2754 operam,
2683 2669 2804 2733 Fe-

262 2753 532 2834 bronia‚
585 2767 663 2824 ut
710 2752 909 2822 illum
971 2753 1034 2822 vi
1088 2768 1227 2833 eas,
1294 2754 1408 2823 cui
1455 2767 1521 2823 et
1567 2754 1875 2823 animam
1934 2764 2125 2823 tuam
2174 2751 2530 2823 dedicasti.
2593 2752 2798 2833 Vide,

266 2840 412 2912 filia
445 2863 617 2923 mea,
675 2864 761 2911 ne
810 2842 1133 2932 reprobes
1188 2844 1339 2931 ejus
1402 2842 1701 2932 pignus,
1755 2854 1820 2912 et
1870 2854 2203 2911 conventa
2271 2841 2594 2933 frangas,
2647 2841 2805 2928 qui-

260 2929 396 3001 bus
444 2953 605 3001 cum
656 2931 921 3000 Christo
977 2932 1128 3021 ipso
1167 2931 1537 3019 conjuncta
1581 2954 1680 3002 es.
1733 2930 2083 3001 Terribilis
2115 2931 2301 2999 enim
2332 2942 2435 3000 est
2464 2930 2614 2999 dies
2659 2929 2799 3012 ille,

261 3041 422 3088 cum
456 3018 707 3090 sederit
734 3019 801 3088 in
840 3018 1011 3089 solio
1060 3019 1319 3110 gloriae
1358 3040 1526 3089 suae
1556 3019 1780 3091 Judex
1828 3020 1998 3110 ipse,
2045 3042 2088 3088 a
2135 3041 2273 3107 quo
2322 3019 2806 3108 unusquisque

261 3108 547 3198 recipiet
585 3106 971 3179 secundum
1019 3129 1228 3198 opera
1279 3130 1427 3177 sua.
1462 3132 1498 3174 »
2491 3116 2492 3123 ’

349 3199 386 3284 ξ
434 3202 575 3270 14.
630 3202 809 3267 Haec
859 3219 1018 3266 cum
1052 3197 1432 3266 audivisset
1464 3197 1821 3276 Febronia‚
1856 3195 2418 3277 confirmabatur,
2453 3208 2519 3266 et
2547 3195 2808 3265 fortiter

265 3307 345 3353 ac
385 3305 715 3376 generose
761 3297 999 3355 contra
1049 3284 1315 3356 diaboli
1357 3286 1644 3375 spiritus
1693 3285 1993 3376 seipsam
2048 3284 2534 3386 praeparabat:
2587 3297 2653 3354 et
2699 3306 2807 3353 re-

244 3374 619 3464 spondens
667 3374 1058 3444 Thomaidi:
1107 3398 1142 3440 «
1180 3379 1388 3455 Bene,
1443 3374 1691 3462 inquit,
1746 3374 1989 3455 fecisti,
2051 3372 2334 3444 domina
2382 3395 2557 3452 mea,
2620 3372 2807 3459 quod

266 3483 535 3532 servam
586 3473 776 3532 tuam
816 3463 1262 3543 confirmans,
1320 3462 1627 3533 animam
1660 3484 1886 3533 meam
1940 3463 2341 3534 alacriorem
2372 3462 2679 3533 effecisti.
2731 3466 2809 3531 At

263 3551 325 3621 si
376 3550 687 3641 fugiendi
731 3553 1129 3622 certaminis
1178 3552 1608 3642 propositum
1659 3551 2086 3633 habuissem,
2124 3567 2190 3621 et
2233 3573 2360 3642 ego
2407 3573 2568 3621 cum
2618 3572 2809 3620 soro-

266 3639 467 3709 ribus
525 3640 698 3730 ipsis
745 3641 950 3721 exire,
1002 3652 1068 3710 et
1118 3641 1454 3740 meipsam
1504 3639 1851 3711 occultare
1923 3654 2249 3729 poteram.
2306 3640 2434 3710 Sed
2481 3640 2809 3728 quoniam

263 3728 466 3799 illum
519 3728 857 3810 desidero,
910 3730 1025 3800 cui
1052 3743 1116 3798 et
1163 3750 1471 3799 animam
1522 3750 1749 3800 meam
1800 3728 2134 3810 dedicavi,
2192 3729 2429 3799 studeo
2463 3727 2806 3819 adipsum

268 3818 617 3900 accedere,
672 3819 732 3887 si
779 3817 1059 3905 quidem
1115 3817 1398 3908 dignam
1453 3840 1560 3887 me
1608 3816 1810 3888 faciet
1862 3839 2040 3906 quae
2091 3841 2213 3909 pro
2253 3818 2532 3888 nomine
2589 3817 2813 3909 ipsius

270 3908 522 3976 certem
563 3920 628 3977 et
668 3907 945 3976 moriar.
987 3931 1022 3972 >›
1057 3911 1234 3976 Haec
1259 3929 1418 3977 cum
1452 3907 1763 3977 audisset
1787 3907 2106 3986 Brienna,
2156 3907 2381 3998 coepit
2419 3918 2485 3977 et
2524 3908 2675 3997 ipsa
2707 3906 2816 3976 di-

266 4014 448 4063 cere:
494 3996 721 4065 «Filia
749 4018 897 4065 mea
933 3996 1285 4076 Febronia‚
1336 3995 1671 4065 memoria
1726 4008 2017 4086 repetaS,
2052 3995 2645 4083 quemadmodum
2693 3996 2817 4065 do·-

270 4082 565 4153 ctrinam
638 4106 862 4155 meam
914 4097 1227 4155 assecuta
1282 4106 1377 4153 es.
1433 4083 1840 4164 Recordare,
1893 4084 2485 4171 quemadmodum
2533 4096 2602 4154 et
2649 4082 2820 4155 alio-

273 4191 431 4238 rum
484 4174 814 4264 magistra
861 4172 1096 4243 fueris.
1153 4173 1560 4253 Recordare,
1614 4173 1799 4260 quod
1852 4185 1916 4243 te
1963 4173 2351 4246 secundum
2374 4174 2522 4265 jam
2553 4195 2817 4243 annum

271 4273 586 4357 agentem
663 4262 729 4331 in
785 4285 1035 4333 manus
1086 4285 1271 4332 meas
1324 4285 1365 4331 a
1421 4262 1689 4332 nutrice
1743 4274 1863 4331 tua
1911 4263 2339 4353 acceperim,
2392 4275 2458 4332 et
2505 4261 2592 4331 ad
2639 4261 2818 4332 hanc

272 4346 457 4447 diem
494 4370 695 4420 nemo
743 4350 983 4421 faciem
1023 4365 1207 4421 tuam
1257 4350 1447 4420 vidit.
1507 4351 1680 4432 Feci,
1724 4364 1800 4421 ut
1824 4372 1985 4422 cum
2034 4351 2278 4421 mundi
2308 4351 2521 4441 hujus
2569 4349 2817 4420 mulie-

268 4436 465 4507 r1bus
515 4458 653 4507 non
694 4440 1085 4512 versareris.
1127 4445 1249 4521 En,
1306 4453 1380 4510 ut
1414 4440 1749 4510 hactenus
1792 4453 1851 4510 te
1885 4441 2230 4512 custodivi
2265 4437 2806 4509 immaculatam.
