3357 4995
181 355 224 419 J
239 353 412 418 UNll
467 353 546 416 2122
1039 370 1116 415 m:
1165 372 1222 418 s.
1279 368 1600 418 Honorino
1648 371 1921 418 naemu
2534 356 2664 421 269

183 471 268 525 ut
332 456 605 534 scirem,
678 476 762 522 an
814 466 990 523 esset
1038 453 1220 523 alius
1272 456 1719 536 Anachoreta,
1793 456 1862 524 in
1917 456 2361 525 interioribus
2433 458 2751 546 partibus

188 544 594 615 solitudinis
638 548 768 612 Deo
818 543 1143 622 serviens,
1192 557 1267 612 ut
1326 565 1452 633 ego
1501 566 1777 631 quoque
1826 544 2083 635 dignus
2130 543 2441 626 haberer,
2507 547 2629 632 qui
2680 546 2750 614 id

191 653 677 719 consequerer.
1768 643 1773 646 “

283 726 319 809 ξ
370 728 465 793 Β.
549 726 688 791 Hoc
747 733 972 789 autem
1056 722 1183 792 iter
1245 743 1405 790 cum
1468 723 1849 811 coepissem
1913 723 2237 812 ingredi„
2287 724 2412 792 tuli
2476 745 2751 792 mecum

192 834 457 902 paucos
494 833 729 902 panes,
781 822 846 877 et
885 831 1104 896 aquae
1140 810 1516 881 modicum.
1571 816 1756 893 Quae
1804 811 2086 898 quidem
2126 812 2298 880 mihi
2330 812 2754 882 suffecerunt

192 922 421 987 usque
452 902 534 970 ad
569 898 1083 987 quatuor-dies.
1125 903 1292 967 Cum
1343 899 1386 966 ii
1442 911 1670 969 autem
1761 900 2246 980 raeteriissent,
2292 915 2357 970 et
2404 901 2755 990 expletum

195 1002 374 1060 esset
403 990 586 1077 quod
631 982 1164 1066 manducarem:
1206 988 1562 1077 affligebar
1592 988 1681 1057 ad
1735 1001 1938 1058 uctus
1989 988 2059 1057 in
2113 1011 2401 1079 magnas
2444 990 2528 1058 de
2566 992 2753 1059 victu

199 1080 581 1169 angustias.
637 1077 875 1146 Statim
938 1098 1093 1146 vero
1144 1077 1442 1167 sumptis
1493 1078 1779 1156 viribuS,
1834 1090 1899 1146 et
1948 1089 2237 1146 mortem
2294 1079 2556 1146 habens
2596 1090 2755 1146 ante

205 1168 462 1247 oculos,
517 1190 594 1236 ea
625 1170 795 1235 cura
842 1165 1155 1246 dimissa,
1212 1165 1382 1234 alios
1433 1177 1731 1252 quatuor
1760 1166 1908 1234 dies
1939 1177 2284 1237 et.noctes
2319 1189 2473 1237 sum
2528 1166 2754 1256 profe-

210 1271 383 1331 ctus,
424 1279 585 1327 cum
627 1276 751 1323 nec
786 1275 1031 1354 panem
1068 1268 1188 1323 aut
1235 1277 1486 1341 aquam
1539 1267 1926 1345 gustassem
1977 1255 2147 1323 adeo
2183 1269 2257 1324 ut
2298 1277 2540 1325 rursus
2590 1277 2754 1324 cum

201 1347 375 1414 mihi
415 1347 701 1422 deesset,
744 1344 964 1422 cthS,
1014 1343 1206 1412 valde
1236 1343 1645 1420 laborarem,
1688 1354 1752 1412 et
1795 1365 1903 1411 me
1935 1344 2133 1413 humi
2174 1344 2535 1430 abjiciens,
2574 1366 2753 1412 mor-

205 1447 341 1501 tem
389 1447 838 1524 expectarem.
876 1439 1064 1501 Tunc
1101 1432 1239 1499 vidi
1290 1434 1516 1502 virum
1545 1433 1892 1521 insignem
1924 1433 2329 1514 venientem,
2366 1447 2431 1500 et
2466 1454 2753 1502 manum

207 1545 401 1590 suam
453 1524 666 1592 labris
717 1521 888 1590 meis
949 1523 1445 1610 imponentem,
1514 1542 1650 1590 non
1712 1543 1912 1591 secus
1961 1534 2164 1608 atque
2215 1522 2528 1591 medicus
2577 1521 2756 1589 scal—

203 1611 464 1700 pellum
516 1611 741 1690 oculu,
784 1622 849 1678 et
885 1610 1198 1699 protinus
1235 1631 1479 1679 rursus
1529 1611 1801 1698 sumpsi
1856 1610 2052 1691 vireS‚
2091 1610 2260 1679 adeo
2292 1622 2366 1678 ut
2403 1631 2625 1696 neque
2656 1610 2755 1676 fa-

205 1721 412 1781 mem,
479 1721 699 1787 neque
749 1699 932 1767 sitim
985 1699 1334 1770 sentirem.
1392 1703 1559 1767 Cum
1613 1721 1939 1789 magnam
1993 1713 2221 1784 autem
2274 1713 2337 1766 et
2380 1698 2755 1768 terribilem

203 1789 528 1858 vidissem
567 1789 924 1866 visionem,
981 1797 1286 1877 surgens·
1312 1810 1554 1857 rursus
1586 1800 1901 1944 prompto
1950 1800 2014 1856 et
2053 1787 2267 1856 alacri
2302 1791 2559 1866 animo,
2600 1808 2754 1877 pro-

202 1876 419 1947 fectus
460 1900 615 1947 sum
683 1877 750 1944 in
804 1877 1194 1945 interiorem
1249 1876 1689 1945 solitudinem
1743 1899 1781 1945 a
1816 1876 1916 1947 ios
1964 1890 2261 1962 quatuor
2310 1877 2456 1945 dies
2520 1889 2586 1945 et
2638 1897 2756 1944 no-

201 1981 364 2036 ctes.
414 1966 730 2036 Defessus
765 1987 921 2032 vero
970 1979 1034 2033 et
1083 1966 1380 2033 extensis
1433 1967 1499 2032 in
1537 1964 1807 2034 coelum
1862 1965 2207 2042 manibus,
2254 1970 2463 2033 Deum
2535 1967 2749 2033 oravi.

206 2059 516 2143 Cumque
564 2075 808 2124 rursus
855 2054 1081 2122 virum
1135 2053 1330 2122 illum
1384 2052 1708 2122 vidissem
1751 2053 1833 2121 ad
1879 2076 1990 2123 me
2038 2055 2443 2134 venientem,
2521 2055 2757 2143 accepi

205 2146 290 2213 ab
338 2166 419 2213 eo
466 2166 756 2233 magnas
808 2143 1003 2212 vires.
1061 2148 1364 2229 Cumque
1425 2141 1888 2233 septendecim
1939 2142 2209 2212 dierum
2261 2143 2491 2211 itineri
2544 2143 2755 2211 finem

202 2234 346 2323 (ut
393 2233 601 2301 semel
652 2231 939 2319 dicam)
999 2231 1513 2331 imposuissem,
1579 2230 1717 2299 vidi
1778 2231 2019 2320 procul
2071 2232 2296 2300 virum
2361 2232 2751 2300 venientem

203 2334 491 2411 aspectu
528 2319 901 2390 admodum
954 2320 1352 2399 terribilem,
1411 2320 1758 2389 hirsutum
1807 2320 1987 2408 pilis,
2045 2320 2280 2406 eisque
2317 2332 2567 2389 tectum
2624 2331 2757 2389 toto

205 2432 513 2501 corpore,
552 2425 682 2478 non
737 2431 938 2478 secus
987 2432 1075 2488 ac=
1114 2408 1323 2477 feram
1378 2408 1778 2478 terribilem.
1837 2414 1992 2477 Erat
2025 2410 2212 2477 enim
2264 2421 2441 2477 veste
2493 2408 2752 2487 nuduS,

206 2501 623 2587 lumbosque
659 2500 922 2568 cinctos
949 2497 1244 2567 habebat
1285 2496 1467 2568 foliis
1502 2497 1902 2567 herbarum.
1949 2504 2116 2567 Cum
2164 2497 2220 2566 is
2270 2510 2497 2567 autem
2596 2520 2758 2586 rope

206 2611 318 2657 me
369 2589 791 2668 accessisset,
847 2588 1124 2656 territus
1174 2586 1454 2656 ascendi
1505 2608 1718 2676 supra
1766 2590 2098 2655 cacumen
2135 2587 2391 2656 montis
2422 2586 2524 2654 val
2581 2609 2617 2655 e
2649 2609 2760 2655 ex-

207 2678 497 2747 celsum.
544 2677 769 2745 Timui
819 2676 1029 2756 enim,
1085 2677 1485 2745 existimans
1533 2696 1681 2743 esse
1731 2674 2176 2743 homicidam.
2217 2681 2371 2764 Ipse
2404 2697 2558 2743 vero
2594 2696 2756 2743 cum

209 2768 510 2835 venisset
556 2765 640 2833 ad
693 2764 960 2834 radices
1020 2764 1210 2834 illius
1275 2764 1550 2843 montis,
1605 2763 1855 2852 abjecit
1916 2785 1987 2833 se
2036 2763 2105 2830 in
2173 2764 2518 2833 umbram.
2576 2764 2758 2831 Affli-

209 2857 502 2945 gebatur
553 2854 740 2923 enim
804 2865 1078 2943 propter
1126 2853 1483 2943 angustias
1534 2853 1906 2922 senectutis
1951 2864 2016 2920 et
2067 2852 2493 2929 nutrimenti,
2555 2853 2759 2937 ardo-

204 2965 490 3030 remque
537 2956 600 3011 et
636 2942 966 3020 laborem,
1032 2964 1238 3028 quem
1291 2941 1673 3012 sustinebat
1723 2942 1791 3009 in
1830 2940 1950 3009 illa
1997 2940 2392 3015 solitudine.
2450 2946 2760 3027 Cumque

204 3033 629 3122 suspexisset
657 3044 723 3100 et
773 3052 880 3099 me
932 3030 1232 3109 vidisset,
1273 3030 1596 3098 clamavit
1642 3029 1922 3099 dicens:
1983 3030 2325 3098 Descende
2374 3029 2460 3098 ad
2513 3052 2621 3097 me
2655 3031 2759 3098 vir

209 3122 667 3191 sanctissime.
723 3124 890 3188 Nam
940 3141 1064 3275 eg¹o
1112 3140 1386 3206 quoque
1435 3119 1639 3187 homo
1675 3140 1856 3199 sum,
1903 3118 2225 3188 habitans
2287 3121 2351 3187 in
2425 3120 2552 3187 hac
2593 3120 2759 3187 soli-

204 3209 466 3279 tudine.
523 3215 660 3299 Ego
710 3221 938 3276 autem
1025 3208 1113 3277 iis
1163 3207 1443 3287 auditis,
1549 3208 1818 3276 rotinus
1874 3207 2326 3287 descendens,
2394 3230 2501 3277 me
2551 3208 2760 3277 humi

211 3298 433 3386 abjeci
481 3299 566 3366 ad
625 3297 815 3367 illius
858 3296 1086 3386 pedes.
1144 3302 1208 3366 Is
1270 3317 1425 3365 vero
1476 3229 1647 3365 dixit
1705 3295 1916 3364 mihi:
1975 3301 2215 3386 Surge,
2271 3296 2537 3366 filimi:
2596 3319 2757 3364 nam

213 3400 284 3454 tu
339 3408 613 3473 quoque
666 3408 738 3453 es
785 3406 1024 3455 servus
1073 3384 1212 3465 Dei,
1266 3396 1330 3453 et
1378 3384 1646 3453 amicus
1697 3397 2117 3454 sanctorum.
2158 3390 2605 3476 surgensque
2653 3385 2758 3453 di-

208 3497 389 3564 gnus
425 3496 583 3551 sum
620 3474 922 3551 habitus,
959 3475 1075 3560 qui
1123 3473 1429 3542 sederem
1480 3495 1560 3542 ex
1602 3473 1887 3542 adverso
1935 3474 2107 3563 ejus.

298 3572 336 3644 ἓ
384 3567 458 3635 2.
548 3568 758 3653 Saepe
831 3574 1058 3632 autem
1137 3563 1391 3651 rogavi,
1455 3575 1535 3637 ut
1588 3562 1764 3630 mihi
1821 3562 2078 3632 diceret
2108 3584 2355 3631 nomen
2401 3585 2634 3633 suum.
2699 3569 2759 3631 [s

212 3674 369 3722 vero
420 3652 592 3720 mihi
640 3652 844 3721 dixit:
902 3657 1068 3722 «Est
1099 3651 1271 3719 mihi
1323 3672 1571 3720 nomen
1628 3650 2022 3722 Honofrius.
2084 3658 2251 3720 Sexa
2300 3652 2563 3723 esimus
2611 3653 2760 3742 jam

209 3763 439 3811 annus
474 3741 723 3831 agitur,
769 3763 850 3809 ex
896 3762 1034 3827 quo
1083 3740 1316 3809 habito
1350 3740 1418 3808 in
1452 3741 1579 3808 hac
1615 3739 1988 3810 solitudine
2036 3741 2249 3810 ambu
2281 3763 2408 3812 ans
2448 3742 2515 3809 in
2560 3762 2761 3810 mon-

209 3829 395 3899 tibus
456 3830 666 3919 hujus
716 3828 1145 3899 solitudinis:
1198 3850 1336 3915 quo
1386 3841 1691 3919 tempore
1743 3828 2016 3898 nullum
2066 3830 2349 3898 omnino
2404 3829 2760 3899 hominem

211 3918 376 3998 vidi,
431 3918 650 4004 quiin
684 3938 888 3989 carne
922 3929 1470 4007 cognosceretur,
1519 3930 1581 3985 te
1631 3917 1776 3986 solo
1810 3928 2111 4008 excepto.
2168 3919 2484 3989 Habitavi
2526 3930 2758 3988 autem

208 4020 407 4076 antea
459 4009 527 4074 in
579 4020 815 4076 sancto
850 4007 1285 4087 monasterie,
1332 4005 1516 4093 quod
1553 4007 1834 4076 nomine
1882 4006 2274 4096 appellatur
2304 4008 2467 4076 Eriti
2516 4011 2761 4076 Heme-

206 4095 499 4185 politani
531 4095 1011 4166 Thebanorum
1063 4095 1388 4186 regionis,
1442 4097 1630 4182 quod
1660 4117 1696 4163 e
1745 4095 2076 4166 fratribus
2106 4095 2436 4185 impletur
2466 4118 2759 4166 numero

208 4186 516 4265 centum,
564 4185 686 4272 qui
718 4185 1029 4273 ejusdem
1064 4191 1228 4254 sunt
1275 4184 1436 4253 fidei
1483 4195 1549 4253 et
1587 4183 1843 4253 animi:
1898 4196 1964 4255 et
2022 4206 2262 4254 omnes
2301 4185 2763 4256 communiter

207 4273 582 4342 comedunt
639 4274 708 4342 in
758 4273 1091 4344 charitate
1146 4286 1211 4342 et
1259 4272 1707 4343 multitudine
1758 4268 2272 4363 pacis‘Domini
2323 4274 2543 4344 nostri
2591 4279 2760 4345 Jesu

209 4362 484 4441 Christi,
530 4374 594 4431 et
639 4363 705 4431 in
743 4384 995 4453 magno
1029 4358 1302 4432 silentio
1349 4363 1715 4451 quieteque
1764 4384 1833 4433 se
1881 4376 2219 4443 exercent,
2255 4373 2321 4432 et
2370 4361 2762 4452 glorificant

205 4451 357 4539 ejus
428 4451 828 4521 bonitatem.
915 4457 1079 4521 Cum
1140 4473 1303 4542 ergo
1361 4451 1431 4519 in
1494 4451 1791 4539 „iuvenili
1860 4463 2074 4523 aetate
2122 4451 2265 4522 illic
2315 4451 2630 4541 degerem
2696 4464 2764 4520 et
