3357 4995
278 290 494 356 JUNII
544 293 585 355 9
989 307 1066 352 ns
1116 305 1207 353 ss.
1263 306 1377 353 mx.
1433 302 1625 353 ramo
1671 306 1748 352 Er
1796 304 2124 353 ranclano
2610 291 2738 354 2219

275 393 496 462 sancti
560 401 931 480 martyres:
987 412 1022 456 «
1067 390 1327 480 Impios
1386 390 1638 461 rectius
1703 390 1979 472 dixeris,
2050 412 2260 478 quam
2328 391 2649 462 dominos
2704 394 2825 481 qui

275 482 343 551 in
398 480 746 550 Christum
798 478 1154 549 credentes
1220 479 1666 559 interficiunt,
1731 478 2103 565 coluntque
2144 478 2333 569 ligna
2396 494 2460 549 et
2517 481 2820 572 lapides:

271 570 389 658 qui
426 591 589 639 cum
636 567 830 637 nullo
870 588 1080 637 sensu
1134 567 1422 658 praediti
1457 569 1617 646 sint,
1661 566 1832 635 nihil
1871 567 2063 638 vobis
2116 581 2458 656 praestare
2508 583 2822 659 possunt:

273 661 575 730 cultores
638 678 794 726 vero
841 656 1120 725 illorum
1173 669 1492 726 aeternus
1535 655 1799 725 vorabit
1847 656 2052 747 ignis,
2105 685 2130 719 ι
2172 656 2293 726 His
2341 656 2569 739 dictis,
2616 659 2828 745 jussit

271 770 385 819 eos
418 752 699 816 Praeses
748 745 1129 815 abinvicem
1184 745 1511 835 separari,
1548 744 1949 814 existimans
1988 766 2184 834 posse
2231 768 2345 815 eos
2399 748 2636 836 poenis
2674 772 2827 817 mu-

273 838 427 916 tari,
482 849 549 904 et
596 833 682 904 ad
733 833 1268 904 sacrificandum
1320 833 1610 925 impelli.
1655 833 1963 903 Abducto
2011 834 2223 925 igitur
2290 834 2542 914 Primo,
2599 836 2689 906 ita
2739 838 2825 907 ad

276 926 698 995 Felicianum
751 923 1026 993 locutus
1052 935 1185 991 est:
1228 922 1577 992 «Consule
1624 922 1957 992 senectuti
1994 935 2172 1002 tuae,
2224 936 2289 992 et
2321 924 2636 994 sacrifica
2674 927 2828 996 Jovi

273 1016 552 1094 invicto,
589 1025 663 1081 ut
700 1012 974 1102 jussere
1020 1010 1287 1081 domini
1313 1012 1609 1104 nostri.»
1646 1011 2023 1101 Respondit
2058 1011 2480 1082 Felicianus:
2522 1017 2827 1085 «Consu-

275 1104 367 1174 lat
426 1101 760 1175 senectuti
813 1122 1002 1170 meae
1068 1099 1417 1181 Christus,
1472 1101 1593 1187 qui
1660 1123 1768 1169 me
1835 1100 2168 1170 hactenus
2218 1100 2286 1169 in
2358 1102 2469 1170 sui
2522 1104 2828 1175 nominis

272 1193 408 1262 fide
458 1190 850 1261 custodivit.
905 1195 1087 1259 Tuae
1133 1211 1292 1260 vero
1342 1190 1570 1259 minae
1633 1203 1960 1260 terrorem
2010 1189 2311 1277 aliquem
2374 1190 2619 1261 afferre
2669 1215 2827 1283 pos-

273 1294 459 1359 sunt,
518 1278 639 1349 sed
687 1291 983 1348 mentem
1040 1300 1257 1348 meam
1293 1278 1659 1348 immutare
1704 1277 1895 1347 nulla
1945 1279 2207 1348 ratione
2237 1277 2585 1350 valebunt.
2620 1308 2644 1341 »
2686 1287 2826 1351 Ira·

275 1386 385 1441 tus
435 1375 736 1448 PraeseS,
774 1368 986 1458 Jussit
1018 1389 1176 1436 eum
1223 1367 1617 1436 immaniter
1668 1366 2046 1457 plumbatis
2093 1367 2329 1437 caedi:
2395 1368 2646 1439 deinde
2678 1393 2828 1441 ere-

274 1473 379 1529 cto
406 1458 610 1527 dixit:
649 1487 674 1519 a
709 1461 843 1527 Cur
873 1478 1007 1525 non
1043 1456 1287 1547 abjicis
1316 1455 1496 1525 hanc
1530 1456 1827 1546 pectoris
1854 1457 1952 1525 tui
1982 1457 2352 1538 insaniam,
2379 1470 2444 1526 et
2467 1459 2826 1548 jucundos

274 1549 507 1638 potius
554 1545 755 1634 eligis
800 1546 972 1620 dies,
1033 1567 1243 1631 quam
1313 1544 1478 1615 velis
1543 1566 1796 1635 corpus
1863 1557 2060 1616 tuum
2126 1545 2417 1617 diversis
2491 1549 2825 1618 macerari

274 1634 683 1728 suppliciis?
711 1658 747 1701 »
781 1640 851 1703 B.
893 1633 1278 1704 Felicianus
1326 1634 1451 1702 ait:
1493 1657 1527 1700 «
1565 1638 1705 1725 Ego
1745 1634 1895 1722 jam
1943 1636 2291 1728 octoginta
2316 1635 2537 1708 habeo
2587 1638 2829 1709 aetatis

275 1747 520 1804 annoS,
577 1736 643 1791 et
679 1724 827 1813 jam
880 1722 1158 1813 triginta
1223 1723 1401 1812 lapsi
1448 1734 1611 1792 sunt
1667 1723 1862 1802 anni,
1922 1736 2285 1813 postquam
2320 1724 2407 1792 ad
2458 1725 2598 1794 veri
2651 1727 2830 1796 noti-

274 1816 440 1883 tiam
505 1813 805 1900 perveni‚
861 1814 1207 1900 statuique
1257 1811 1326 1880 in
1377 1811 1644 1882 Christo
1693 1811 1867 1881 bene
1921 1812 2167 1893 vivere,
2233 1814 2356 1899 qui
2409 1834 2514 1883 me
2562 1837 2641 1883 ex
2691 1815 2830 1884 tuis

273 1900 678 1973 crudelibus
747 1899 1071 1984 manibus
1121 1900 1456 1970 liberavit.
1511 1900 1689 1971 Nihil
1748 1922 1902 1970 vero
1954 1901 2039 1969 de
2089 1901 2332 1971 mundi
2385 1902 2594 1992 hujus
2641 1903 2830 1975 oble-

273 1990 640 2060 ctamentis
689 1991 1025 2078 cogitans,
1088 1989 1356 2060 decrevi
1429 1990 1849 2080 sempiterno
1896 2003 1961 2059 et
2022 1990 2479 2080 omnipotenti
2533 1993 2830 2063 Creatori

277 2102 430 2149 meo
480 2079 798 2146 vivere.»
850 2082 1030 2147 Haec
1077 2091 1141 2148 et
1191 2079 1298 2148 his
1351 2078 1607 2148 similia
1650 2077 1868 2148 multa
1908 2078 2247 2148 dicentem
2284 2079 2498 2168 jussit
2548 2086 2829 2152 Praeses

273 2169 360 2238 ad
399 2169 484 2238 sti
543 2169 702 2237 item
762 2167 987 2268 ligari,
1041 2180 1106 2235 et
1139 2180 1374 2237 acutos
1421 2166 1649 2237 clavos
1701 2167 2027 2237 manibus
2074 2189 2154 2237 ac
2195 2167 2490 2257 pedibus
2524 2171 2675 2258 ejus
2725 2172 2830 2239 in-

274 2257 421 2349 figi,
530 2256 788 2344 ixitque
837 2255 980 2324 illi:
1037 2279 1072 2321 «
1109 2256 1376 2325 Tandiu
1415 2256 1514 2325 sic
1548 2255 1863 2327 confixus
1901 2257 2235 2337 manebiS,
2276 2257 2495 2327 donec
2527 2259 2662 2328 diis
2700 2259 2833 2328 im-

277 2345 689 2416 mortalibus
736 2345 1052 2415 debitum
1156 2344 1458 2415 ersolvas
1496 2344 1876 2414 officium.»
1909 2350 1985 2416 At
2034 2350 2099 2414 S.
2154 2345 2542 2415 Felicianus
2591 2349 2659 2415 in
2714 2350 2830 2417 Dei

279 2456 514 2506 amore
564 2436 737 2506 bene
785 2432 1056 2514 firmus,
1130 2447 1278 2505 aeto
1310 2433 1504 2504 vultu
1538 2433 1846 2525 pendens
1881 2434 1949 2502 in
1988 2433 2178 2525 ligno
2203 2429 2526 2504 canebat:
2584 2441 2661 2504 In
2700 2441 2830 2506 Deo

275 2527 592 2617 speravi:
634 2547 766 2593 non
800 2523 1059 2604 timebo,
1114 2525 1280 2615 quid
1337 2526 1553 2611 faciat
1597 2524 1774 2592 mihi
1804 2524 1993 2592 homo
2024 2524 2147 2612 (ew
2183 2529 2291 2593 Ps.
2357 2525 2492 2613 55).
2541 2525 2712 2594 Dicit
2768 2527 2831 2595 ei

275 2620 593 2683 Praeses:
650 2613 935 2690 «Miser,
971 2611 1238 2703 depone
1287 2612 1464 2681 hanc
1515 2612 1766 2681 mentis
1814 2624 1971 2681 tuae
2005 2611 2399 2706 vanitatem,
2431 2626 2497 2681 et
2546 2635 2719 2702 nega
2769 2627 2831 2684 te

279 2703 772 2782 Christianum,
820 2716 896 2771 ut
944 2702 1168 2790 possis
1219 2700 1610 2769 multivaria
1652 2699 1771 2769 illa
1803 2722 1980 2786 quae
2014 2700 2160 2769 tibi‘
2191 2715 2525 2791 parantur
2574 2701 2828 2771 lucrari

279 2803 683 2861 tormenta.»
751 2789 1135 2860 Felicianus
1186 2789 1576 2878 respondit:
1623 2788 1925 2858 «Infelix
1974 2803 2037 2858 et
2088 2788 2481 2860 mortalium
2513 2790 2828 2860 omnium

283 2880 708 2951 miserrime:
764 2881 945 2949 itane
995 2883 1374 2948 Creatorem
1410 2900 1536 2968 ego
1587 2877 1852 2968 negabo
1903 2899 2159 2960 meum,
2198 2880 2318 2965 qui
2369 2877 2525 2948 fecit
2559 2879 2827 2949 coelum

277 2983 340 3039 et
390 2984 667 3050 terram,
725 2990 936 3047 mare,
975 2982 1041 3036 et
1086 2967 1322 3036 omnia
1364 2989 1541 3055 quae
1583 2967 1650 3036 in
1691 2967 1792 3036 eis
1842 2969 2050 3037 sunt?
2097 2968 2225 3049 Qui
2276 2989 2430 3037 vero
2468 2967 2663 3038 illum
2705 2990 2830 3059 ego

280 3079 529 3148 negare
577 3069 835 3147 potero,
889 3071 954 3126 et
1019 3056 1305 3125 adorare
1346 3060 1650 3136 truncos,
1708 3070 1775 3124 et
1825 3077 2033 3124 vanos
2083 3055 2347 3126 deos?»
2377 3062 2548 3126 Tum
2599 3058 2832 3127 surore

283 3147 583 3235 percitus
633 3151 934 3226 Praeses,
972 3145 1318 3245 praecepit
1365 3158 1442 3214 ut
1486 3145 1610 3214 diu
1656 3156 2113 3232 torqueretur.
2162 3144 2284 3214 Ille
2323 3158 2551 3215 autem
2614 3145 2825 3216 dixit:

282 3258 315 3300 α
377 3235 644 3304 Gratias
692 3234 817 3304 tibi
865 3257 994 3324 ago
1044 3239 1327 3304 Domine
1373 3233 1535 3304 Jesu
1585 3234 1872 3313 Christe,
1948 3233 2132 3320 quod
2184 3235 2403 3304 merui
2457 3235 2527 3303 in
2590 3256 2830 3305 eorum

279 3323 541 3394 censeri
587 3345 901 3404 numer0,
940 3324 1061 3411 qui
1114 3346 1235 3413 pro
1284 3335 1402 3393 tuo
1441 3322 1722 3393 nomine
1776 3322 1983 3412 passi,
2038 3323 2123 3391 ad
2162 3323 2474 3413 martyrii
2499 3346 2828 3394 coronam

279 3413 635 3503 pertigere.
671 3436 708 3477 »
749 3417 974 3482 Iratus
1006 3416 1306 3487 Praeses,
1353 3412 1564 3499 jussit
1599 3434 1761 3481 eum
1811 3425 2029 3480 totum
2081 3411 2393 3481 triduum
2421 3412 2515 3481 ita
2541 3434 2832 3503 suspen-

279 3522 432 3571 sum
484 3501 808 3587 relinqui,
864 3523 990 3570 nec
1021 3501 1393 3588 quicquam
1436 3501 1723 3571 omnino
1779 3499 1878 3569 illi
1920 3499 2058 3569 cibi
2097 3513 2217 3570 aut
2278 3513 2483 3591 potus
2543 3501 2824 3602 porrigi,

277 3604 352 3660 ut
411 3590 514 3658 vel
565 3589 664 3659 sic
712 3591 935 3659 victus
975 3590 1481 3659 succumberet.
1535 3594 1612 3659 At
1671 3587 1789 3657 ille
1818 3589 2092 3658 coelesti
2130 3588 2422 3660 refectus
2470 3589 2825 3672 alimonia,

283 3680 660 3768 permansit
708 3680 779 3748 in
832 3678 1160 3749 laudibus
1197 3679 1334 3748 Dei.
1375 3684 1466 3748 Ea
1507 3700 1616 3748 res
1645 3677 1825 3747 male
1858 3677 2100 3746 habuit
2136 3678 2553 3749 Praesidem.
2595 3684 2833 3766 Itaque

283 3769 648 3858 praecepit,
703 3781 779 3838 ut
830 3767 1124 3859 flagellis
1172 3789 1452 3837 caesum
1488 3791 1524 3837 e
1573 3767 1764 3858 ligno
1812 3766 2256 3857 deponerent,
2294 3781 2360 3837 et
2411 3767 2475 3834 in
2514 3767 2831 3837 custodia

281 3869 650 3933 servarent,
716 3878 842 3927 nec
898 3856 1224 3945 cuiquam
1288 3857 1574 3926 omnino
1631 3856 1901 3946 copiam
1954 3854 2257 3925 facerent
2317 3855 2403 3927 ad
2470 3856 2664 3925 illum
2726 3858 2831 3925 in-

281 3944 667 4034 grediendi.

367 4037 404 4122 ἓ
452 4037 537 4105 4.
593 4039 864 4104 Postero
898 4034 1010 4104 die
1052 4035 1265 4122 jussit
1311 4034 1586 4106 beatum
1637 4034 1946 4104 Primum
1998 4056 2233 4105 coram
2280 4058 2354 4107 se
2402 4035 2574 4115 sisti,
2628 4037 2829 4121 eique

281 4122 473 4193 dixit:
506 4146 544 4190 «
568 4128 734 4193 Ecce
773 4122 980 4193 frater
1017 4138 1174 4193 tuus
1208 4129 1709 4214 Imperatorum
1738 4122 2031 4194 decretis
2057 4124 2566 4203 obsecundans,
2597 4138 2661 4193 et
2695 4123 2831 4192 diis

280 4212 467 4280 omni
523 4211 868 4282 otentibus
918 4212 1334 4292 immolans,
1390 4211 1658 4282 amicus
1723 4226 1825 4281 est
1869 4219 2335 4304 Augustorum
2411 4227 2475 4283 et
2536 4232 2832 4302 magnus

283 4301 351 4368 in
383 4323 470 4390 pa
501 4301 658 4371 atio.
695 4306 794 4371 Tu
825 4322 989 4392 ergo
1023 4301 1082 4371 si
1121 4301 1302 4370 idem
1337 4300 1602 4379 feceris,
1637 4300 1786 4390 pari
1814 4300 2066 4371 frueris
2092 4302 2421 4372 honore.»
2455 4299 2831 4391 Respondit

284 4393 349 4457 S.
403 4389 718 4486 Pri-mus:
772 4412 807 4455 «
853 4390 1147 4459 Tametsi
1182 4402 1459 4461 satanae
1509 4389 1698 4459 filius
1744 4411 1841 4472 eS,
1896 4404 2121 4461 tamen
2172 4402 2350 4460 recte
2405 4388 2827 4480 pronuncias
