3357 4995
681 315 808 379 506
1281 330 1360 376 nn
1406 328 1778 376 ΝΑτῐνιΤΑτΕ
1826 329 1881 376 s.
1934 328 2197 376 somnis
2244 329 2422 375 nArr.
2774 310 2995 378 JUNII
3043 312 3124 376 24

601 411 779 482 sicut
843 410 1010 480 dicit
1056 408 1393 500 Angelus:
1461 409 1722 499 Spiritu
1764 413 2006 478 Sancto
2063 430 2142 477 ex
2210 420 2403 478 utero
2471 408 2708 478 matris
2755 431 2921 478 suae
2998 409 3128 479 im-

596 499 933 589 plebitur:
977 509 1041 568 et
1074 498 1220 588 ipse
1271 497 1625 585 praecedet
1658 509 1815 567 ante
1854 498 2082 587 ipsum
2135 498 2203 565 in
2247 497 2497 586 spiritu
2530 510 2595 567 et
2625 498 2869 567 virtute
2914 498 3121 568 Eliae.

592 592 756 657 Ante
776 610 979 676 quem
1018 586 1427 676 praecedet?
1459 599 1613 654 ante
1649 586 2016 656 Dominum
2046 586 2413 655 Christum.
2449 591 2524 654 Et
2550 586 2701 656 ideo
2741 586 3130 687 appellatur

591 677 797 746 etiam
866 682 1296 756 Praecursor,
1350 687 1426 744 ut
1486 674 1642 743 licet
1710 675 1939 763 ipsum
2005 674 2248 743 audire
2317 681 2655 744 ,Ioannem
2730 675 3072 746 dicentem
3108 702 3122 740 :

592 789 629 832 «
664 765 858 836 Venit
905 778 1055 856 post
1105 786 1211 832 me
1259 764 1381 844 vir,
1452 763 1569 849 qui
1603 776 1760 832 ante
1801 784 1908 831 me
1962 762 2181 833 factus
2227 774 2349 832 est.
2387 787 2422 830 »
2471 769 2625 834 Post
2675 786 2804 845 me,
2852 780 3130 856 propter

595 867 907 945 tempus:
962 858 1124 922 Ante
1164 873 1295 931 me,
1331 864 1604 942 propter
1650 851 2002 921 thronum.
2038 856 2170 921 Cur
2198 874 2360 941 ergo
2388 852 2455 921 in
2489 853 2739 941 spiritu
2770 864 2834 921 et
2882 854 3131 925 virtute

591 944 775 1013 Eliae
823 942 993 1012 dixit
1041 940 1308 1011 Gabriel
1364 940 1766 1030 praecedere
1806 945 2141 1009 «loannem
2169 944 2200 1007 ἲ
2246 940 2417 1009 Audi
2462 941 2879 1030 prudenter:
2949 942 3130 1013 Elias

594 1039 769 1102 Deus
802 1031 1187 1121 exponitur.

681 1125 716 1208 ἓ
768 1125 906 1192 15.
961 1118 1297 1202 Quoniam
1333 1139 1495 1207 ergo
1520 1117 1814 1186 loannes
1848 1121 2057 1186 Deum
2089 1116 2383 1187 habebat
2411 1117 2476 1186 in
2512 1118 2761 1207 seipso,
2805 1119 3128 1208 impletus

593 1224 694 1279 est
743 1209 1001 1299 Spiritu
1044 1213 1286 1276 Sancto
1322 1208 1408 1276 ab
1459 1218 1647 1274 utero
1685 1207 1950 1278 matris,
2000 1205 2295 1293 Spiritus
2348 1219 2574 1276 autem
2637 1211 2814 1276 Deus
2860 1220 2984 1277 est.
3040 1214 3130 1277 De

594 1321 672 1367 eo
720 1297 902 1366 enim
947 1295 1183 1365 multis
1216 1308 1371 1364 ante
1402 1295 1604 1363 annis
1643 1293 1814 1363 dixit
1872 1294 2250 1365 Dominus:
2316 1301 2476 1364 Ecce
2541 1297 2730 1364 mitto
2794 1301 3124 1386 Anyelum

595 1398 750 1456 ante
792 1389 1037 1475 faciem
1085 1395 1294 1463 tuam,
1336 1386 1458 1474 qui
1499 1384 1935 1474 praeparabit
1979 1386 2160 1452 viam
2201 1394 2387 1452 tuam
2443 1395 2598 1453 ante
2657 1395 2742 1464 te,
2781 1396 2844 1453 et
2881 1389 3127 1456 multos

594 1485 921 1544 convertet
954 1475 1035 1542 ab
1067 1495 1286 1541 errore
1319 1473 1409 1540 ad
1453 1475 1805 1541 veritatem
1839 1477 1974 1555 (Em
2019 1474 2308 1543 Malach.
2354 1473 2477 1562 111).
2529 1478 2616 1542 Ea
2664 1473 2750 1542 de
2797 1496 3004 1545 causa
3058 1476 3124 1543 in

594 1564 840 1653 spiritu
874 1573 939 1631 et
969 1562 1214 1630 virtute
1250 1560 1431 1629 Eliae
1457 1567 1759 1630 ,Ioannes
1791 1560 2133 1650 praecedit
2165 1561 2558 1631 Dominum.
2598 1562 2983 1643 Quinetiam
3022 1564 3124 1632 in-

572 1652 825 1721 ²venies
871 1656 1208 1720 Joannem
1246 1650 1495 1718 habere
1522 1648 1738 1718 multa
1773 1648 1955 1718 Eliae
1988 1649 2266 1718 similia.
2306 1655 2490 1718 Certe
2524 1650 2752 1722 infans
2791 1652 3118 1731 nascitur,

595 1752 658 1809 et
691 1762 811 1807 vox
862 1739 1073 1829 patris
1110 1738 1483 1807 revertitur.
1520 1742 1984 1827 Interrogatus
2023 1738 2232 1819 enim,
2288 1738 2532 1825 inquit,
2569 1737 2950 1820 ZachariaS,
2988 1764 3125 1828 quo

600 1828 878 1896 nomine
914 1827 1107 1895 vellet
1141 1827 1357 1895 vocari
1393 1849 1707 1917 puerum,
1744 1827 1930 1915 petiit
1965 1825 2397 1915 pugillarem,
2433 1840 2496 1895 et
2527 1828 2823 1916 scripsit,
2856 1828 3116 1898 dicens:

593 1918 889 1985 Joannes
929 1927 1021 1984 est
1054 1937 1286 1984 nomen
1319 1918 1487 2004 ejus,
1527 1915 1655 1997 Qui
1708 1937 1839 1983 non
1883 1914 2173 1983 credidit
2221 1916 2442 1984 verbis
2490 1916 2747 2006 Angeli,
2786 1939 2971 1986 nunc
3008 1942 3123 1987 ne-

594 2027 781 2075 cesse
831 2005 1069 2073 habuit
1095 2003 1368 2092 scriptis
1396 2003 1789 2105 praedicare
1825 2003 2177 2072 visionem.
2210 2004 2339 2086 Qui
2384 2016 2543 2073 tunc
2584 2005 2934 2076 auditione
2989 2030 3121 2076 non

595 2105 948 2182 acceperat
994 2115 1094 2174 ea,
1147 2115 1324 2179 quae
1348 2093 1531 2161 dicta
1563 2092 1855 2161 fuerant:
1914 2114 2098 2161 nunc
2129 2114 2231 2172 ea,
2266 2115 2442 2179 quae
2481 2093 2679 2172 siunt,
2718 2116 2931 2164 manu
2961 2118 3123 2165 con-

596 2183 836 2252 stituit.
897 2181 1401 2264 Quamobrem,
1465 2181 1734 2267 inquit,
1797 2183 2034 2249 mirati
2086 2192 2240 2249 sunt
2287 2183 2604 2250 universi.
2641 2183 2877 2251 Statim
2937 2185 3119 2253 enim

595 2282 901 2363 apertum
950 2273 1083 2359 suit
1116 2293 1184 2338 os
1217 2273 1383 2359 ejus,
1445 2281 1505 2339 et
1555 2273 1847 2338 solutum
1896 2281 1990 2338 est
2022 2272 2367 2338 vinculum
2399 2272 2675 2359 linquae
2704 2274 2870 2360 ejas,
2909 2284 2972 2341 et
3031 2278 3123 2343 lo-

594 2372 783 2430 cutus
832 2371 947 2440 est,
983 2365 1112 2427 Deo
1163 2359 1542 2427 benedicens
1591 2359 1730 2447 (Em
1750 2364 1966 2427 Lucae
1996 2382 2041 2438 1,
2096 2364 2203 2439 63,
2243 2358 2379 2448 64).

682 2452 717 2536 ἓ
766 2453 914 2521 16.
969 2452 1018 2518 Ο
1056 2469 1303 2516 novum
1362 2460 1425 2516 et
1479 2446 1782 2516 alienum
1849 2446 2285 2517 miraculum.
2344 2453 2599 2517 Nomen
2650 2448 3010 2532 scribitur,
3061 2463 3124 2520 et

595 2560 672 2607 os
710 2537 943 2628 patriS,
982 2536 1162 2624 quod
1222 2536 1406 2622 loqui
1447 2559 1580 2605 non
1634 2549 1911 2626 poterat,
1977 2537 2304 2624 aperitur.
2361 2543 2662 2606 Joannes
2719 2553 3018 2619 vocatur,
3060 2552 3127 2607 et

593 2627 765 2715 ejus,
819 2627 937 2713 qui
988 2638 1225 2704 vocat,
1283 2624 1520 2693 tino-ua
1583 2626 2022 2714 componitur
2068 2648 2145 2694 ac
2200 2626 2677 2694 concinnatur.
2743 2627 2938 2697 Vides
2999 2650 3125 2696 nos

597 2737 728 2784 non
772 2716 1148 2793 aberrasse,
1184 2735 1341 2781 cum
1382 2678 1695 2782 ‘c'liximus
1747 2726 2168 2803 praesentem
2206 2715 2700 2804 expositionem
2748 2737 2894 2785 esse
2934 2716 3119 2804 ejus-

597 2804 808 2883 modi,
864 2816 938 2872 ut
977 2804 1038 2871 ei
1076 2801 1244 2870 nihil
1277 2802 1487 2891 possit
1511 2802 1719 2891 objici
1739 2806 1768 2868 ἱ)
1799 2807 1965 2871 Ecce
2004 2802 2187 2870 enim
2237 2803 2467 2892 ipsum
2511 2803 2683 2893 justi
2735 2826 3000 2885 nomen,
3052 2815 3122 2873 et

595 2915 671 2962 os
720 2893 938 2983 aperit
986 2890 1265 2971 silentii,
1317 2904 1382 2959 et
1413 2891 1655 2959 excitat
1688 2890 1994 2979 linguam
2029 2891 2113 2959 ad
2154 2892 2564 2960 movendum
2600 2892 2974 2961 difficilem.
3013 2892 3126 2961 Sic

594 2981 777 3049 enim
812 2979 1196 3049 ostenditur
1231 3000 1349 3047 vox
1377 2978 1686 3048 clamans
1714 2980 2027 3059 Joannis,
2066 2980 2392 3066 quoniam
2433 2981 2659 3069 ipsum
2696 3003 2969 3068 quoque
3003 3004 3124 3050 no·
3177 2980 3186 2995 ⁴

596 3092 749 3137 men
789 3070 860 3137 fit
902 3069 1084 3137 vocis
1130 3069 1454 3157 operatio
1509 3072 1646 3156 Ego
1698 3069 1907 3149 enim,
1950 3069 2193 3154 inquit,
2251 3092 2401 3137 sum
2455 3092 2589 3137 voa)
2645 3072 3001 3138 clamantis
3059 3072 3134 3138 in

595 3160 847 3226 deserto
893 3157 1137 3245 (Lucae
1178 3161 1307 3239 111).·
1347 3162 1586 3224 Parate
1636 3158 1817 3225 viam
1852 3159 2133 3236 Domini,
2164 3167 2380 3225 rectas
2420 3159 2625 3246 facite
2655 3161 2927 3227 semitas
2953 3161 3127 3248 ejus

596 3251 646 3316 Ο
700 3245 1137 3314 miraculum.
1191 3250 1267 3313 In
1307 3244 1557 3334 populo
1607 3256 1912 3315 versatur
1960 3246 2278 3326 Verbum,
2310 3258 2375 3314 et
2425 3251 2554 3315 Vox
2590 3247 2957 3335 praedicat.
3001 3253 3134 3315 Do-

601 3335 831 3403 minus
882 3334 1086 3413 venit,
1125 3347 1188 3401 et
1219 3354 1454 3402 servus
1491 3333 1683 3423 prius
1732 3334 2044 3403 mittitur.
2086 3339 2224 3403 Rex
2252 3335 2535 3414 accedit,
2571 3348 2637 3403 et
2687 3335 2884 3404 miles
2933 3358 3134 3425 prae-

598 3434 901 3512 paratur.
956 3421 1392 3491 Gaudeamus
1423 3444 1584 3512 ergo
1625 3421 1848 3502 hodie,
1895 3436 1957 3490 et
1994 3423 2344 3499 laetemur,
2383 3436 2447 3491 et
2492 3423 2903 3505 exultemuS‚
2942 3425 3132 3511 quod

595 3510 941 3580 Elizabeth
995 3511 1275 3600 peperit,
1318 3522 1381 3578 et
1427 3510 1785 3581 Zacharias
1832 3524 1933 3580 est
1968 3510 2271 3580 locutus:
2310 3511 2493 3598 quod
2531 3512 2783 3581 sterilis
2836 3514 3128 3602 peperit,

594 3615 657 3670 et
693 3621 895 3671 senex
921 3599 1281 3669 clamavit:
1335 3600 1514 3687 quod
1554 3600 1905 3685 quaesitus
1938 3613 2036 3668 est
2072 3599 2456 3690 pugillaris,
2496 3613 2560 3669 et
2592 3600 2815 3670 soluta
2862 3616 2963 3672 est
2995 3602 3138 3670 lin-

595 3713 732 3780 gua
773 3687 1236 3758 sacerdotalis:
1290 3688 1471 3775 quod
1505 3695 1806 3757 loannes
1841 3689 2190 3777 processit,
2228 3702 2293 3757 et
2325 3712 2445 3758 vox
2479 3704 2580 3758 est
2611 3712 2903 3759 reversa:
2941 3691 3134 3776 quod

596 3791 798 3847 natus
846 3791 945 3846 est
985 3783 1414 3857 Praecursor,
1466 3790 1531 3845 et
1572 3790 1750 3846 totus
1802 3776 2104 3845 mundus
2136 3791 2236 3848 est
2288 3777 2594 3847 laetatus

682 3870 717 3953 ξ
766 3871 895 3938 1².
950 3866 1075 3934 Sed
1114 3866 1223 3934 hic
1262 3864 1541 3951 quidem
1577 3867 1930 3954 oportebat
1955 3866 2154 3935 finire
2186 3866 2600 3935 orationem:
2654 3879 2720 3935 et
2765 3867 3142 3937 Zacharias

597 3975 728 4023 non
781 3955 1112 4034 concedit,
1166 3955 1512 4023 clamans:
1566 3956 1957 4022 Benedictus
2007 3958 2341 4034 Dominus,
2386 3958 2702 4044 quoniam
2731 3957 3034 4024 visitavit
3073 3968 3142 4025 et

591 4046 746 4134 fecit
790 4044 1302 4132 redemptionem
1343 4044 1559 4132 plebis
1590 4066 1775 4112 suae.
1828 4048 1878 4111 Ο
1916 4063 2021 4111 res
2069 4042 2531 4113 admirabiles.
2586 4043 2759 4126 Quid
2805 4044 2975 4113 dicit
3011 4049 3144 4113 Za—

595 4132 897 4202 charias?
929 4132 1222 4200 Primam
1263 4152 1491 4199 vocem
1529 4145 1678 4221 post
1713 4132 2276 4202 resurrectionem
2311 4132 2710 4202 exclamavit
2740 4133 3136 4213 Zacharias,

597 4222 999 4291 Benedictus
1050 4219 1402 4288 Dominus.
1458 4220 1634 4303 Quid
1682 4224 1891 4309 ergo?
1957 4225 2261 4288 Mortuus
2338 4234 2438 4290 est
2485 4221 2865 4302 Zacharias,
2940 4222 3136 4308 quod

601 4309 1113 4380 surrexit?Non
1153 4321 1413 4378 mortus
1460 4322 1581 4391 est,
1636 4309 1880 4394 inquit,
1936 4308 2050 4377 sed
2101 4308 2432 4395 quiddam
2469 4310 2705 4380 mortis
2743 4310 2962 4378 instar
3010 4333 3143 4379 su-

597 4399 861 4468 stinuit.
923 4402 1271 4483 Tanquam
1343 4398 1527 4467 enim
1591 4396 1989 4487 sepulcrum
2042 4399 2259 4467 tenuit
2314 4398 2702 4480 silentium,
2772 4409 2837 4468 et
2896 4398 3145 4468 fasciis
