3357 4995
744 341 869 404 166
1452 359 1530 405 οε
1579 360 1632 408 5.
1687 357 2050 407 Noa‘ressnro
2097 357 2391 406 nmscoro
2885 340 3110 405 JUNII
3167 342 3210 404 6

654 441 1157 511 aestimandum
1210 453 1332 522 est,
1396 443 1515 512 sed
1565 443 1797 513 divina
1840 444 2245 534 disponente
2306 444 2526 533 gratia
2575 443 2826 512 factum
2888 463 3059 521 esse,
3125 455 3210 510 ut

653 531 815 600 illac
850 531 1171 600 transiret
1201 531 1511 617 quidam,
1557 534 1762 623 cujus
1794 532 2000 602 frater
2028 532 2264 602 eodem
2316 532 2476 601 odio
2505 531 2877 622 instigante
2921 530 3038 599 illa
3092 552 3211 600 se-

654 620 965 709 ptimana
1027 619 1430 689 interemtus
1493 633 1661 690 erat.
1729 627 1942 704 Quem
2006 644 2167 690 curn
2228 634 2528 690 astantes
2585 632 2972 690 cernerent:
3027 624 3211 688 Ecce

652 731 862 787 unus,
908 708 1259 794 inquiunt,
1308 730 1386 778 ex
1433 708 1543 778 liis
1576 710 1660 778 de
1689 711 1946 796 quibus
1995 731 2219 779 sermo
2281 709 2574 780 habetur
2619 711 2797 778 inter
2854 730 3002 778 nos.
3049 712 3211 789 Quo

627 797 1001 876 ‘advocatQ
1065 797 1294 866 statim
1346 797 1554 868 homo
1604 799 1743 878 Dei,
1801 798 2104 868 brachiis
2150 796 2326 867 collo
2366 799 2516 888 ejus
2571 795 3041 874 circumdatis,
3089 796 3205 865 sic

651 886 789 954 ait:
846 908 881 950 «
910 885 1157 954 Dilecte
1216 885 1337 963 mi,
1375 888 1781 985 peregrinus
1814 909 1849 955 e
1901 910 1939 956 o
1981 909 2161 967 sum,
2206 887 2329 955 hac
2366 886 2851 975 pertransiens,
2904 899 2967 953 et
3019 884 3206 953 nihil

651 997 687 1042 a
740 995 1093 1061 quoquam
1161 974 1324 1062 petii
1374 997 1443 1042 in
1489 975 1637 1045 istis
1691 977 1859 1065 parti
1918 999 2001 1045 us
2052 975 2149 1044 vel
2201 976 2458 1065 accepi.
2500 975 2622 1044 Sed
2676 975 2838 1060 quia
2887 987 2949 1042 te
2996 975 3211 1063 juve·

652 1085 811 1132 nem
854 1063 1026 1131 bene
1061 1076 1403 1131 armatum
1437 1063 1957 1154 elegantemque
1991 1064 2208 1142 video,
2255 1064 2476 1154 placet
2504 1063 2675 1131 milii
2704 1063 3005 1153 primum
3041 1085 3211 1131 rnu-

650 1174 783 1220 nus
822 1174 863 1219 a
912 1163 971 1219 te
1017 1163 1331 1250 expetere
1377 1165 1440 1220 et
1487 1155 1822 1252 accipere,
1876 1152 2059 1239 quod
2121 1175 2242 1242 pro
2295 1153 2660 1241 perspicua
2692 1151 3026 1242 probitate
3080 1165 3209 1218 tua

650 1262 844 1330 rog0,
893 1261 978 1308 ne
1022 1239 1188 1307 m1hi
1242 1261 1490 1330 negare
1532 1242 1788 1310 velis.»
1822 1241 2058 1311 Statim
2102 1242 2216 1310 ille
2253 1253 2425 1310 nutu
2473 1242 2708 1309 divino
2823 1239 3042 1309 ietatis
3099 1239 3210 1307 af-

654 1330 836 1398 fectu
876 1341 1248 1418 permotus,
1306 1342 1371 1397 et
1420 1327 1746 1418 lacrymis
1805 1330 2062 1400 obortis
2112 1329 2454 1419 perfusus,
2498 1351 2744 1418 respon
2804 1330 2886 1397 it:
2942 1351 2978 1392 «
3009 1328 3202 1409 Quid

649 1430 773 1497 est,
812 1417 1179 1486 reverende
1210 1430 1420 1506 pater,
1453 1419 1637 1504 quod
1675 1418 1796 1488 tibi
1828 1443 1868 1488 a
1901 1440 2030 1496 me,
2065 1418 2162 1486 vel
2193 1441 2233 1488 a
2270 1418 2578 1504 quolibet
2610 1418 2824 1508 possit
2857 1417 3206 1506 negari‘f»

654 1507 782 1588 Qui
823 1527 980 1574 cum
1032 1505 1606 1575 condonationem
1647 1508 1932 1597 peremti
1991 1507 2221 1577 fratris
2261 1507 2346 1574 ab
2403 1529 2479 1576 eo
2532 1520 2805 1596 peteret,
2857 1504 3206 1575 continuo

656 1594 1081 1683 impetravit:
1128 1616 1252 1664 nec
1284 1595 1510 1664 solum
1560 1595 1994 1673 condonavit,
2035 1596 2150 1666 sed
2201 1595 2608 1682 obsequium
2659 1597 2861 1664 etiam
2901 1595 3207 1683 viro-Dei

656 1682 1011 1772 praestitit,
1051 1683 1420 1751 ostendens
1470 1685 2052 1774 opportunitatem
2109 1685 2355 1753 acerba
2391 1684 2509 1754 illa
2555 1683 2708 1753 odia
2764 1683 3036 1772 penitus
3083 1705 3205 1751 so·-

651 1770 913 1860 piendi,
953 1785 1019 1839 et
1066 1772 1402 1860 integram
1450 1794 1687 1861 pacem
1738 1772 2181 1842 conciliandi.
2248 1777 2402 1842 Erat
2443 1785 2588 1841 tum
2637 1772 2807 1840 feria
2853 1772 3197 1851 secunda,

652 1859 931 1946 quando
967 1857 1233 1928 homini
1268 1860 1382 1928 Dei
1434 1862 1656 1949 primo
1694 1862 1859 1930 haec
1901 1861 2198 1930 indicata
2250 1875 2432 1930 sunt.

738 1952 774 2035 ξ
822 1952 965 2021 15.
1023 1949 1343 2034 Sequenti
1376 1950 1538 2018 inde
1570 1950 1853 2019 sabbato
1888 1951 1971 2018 ad
2011 1949 2241 2018 villam
2286 1971 2462 2036 quae
2498 1950 2980 2017 Monasterium
3013 1970 3206 2018 nun-

649 2050 972 2126 cupatur,
1026 2051 1316 2123 utraque
1388 2059 1548 2127 pars
1601 2039 2151 2108 adversariorum
2219 2039 2557 2114 convenit,
2631 2037 2933 2192 populus
2980 2038 3202 2107 etiam

651 2125 917 2195 multus
966 2147 1045 2194 ex
1092 2125 1328 2194 eadem
1386 2127 1732 2196 vicinitate
1794 2128 2146 2206 confluxit,
2212 2127 2456 2216 partim
2509 2140 2583 2195 ut
2657 2127 2983 2195 iominem
3035 2128 3192 2204 Dei,

649 2214 733 2283 de
781 2236 918 2300 quo
959 2236 1111 2282 rara
1161 2214 1500 2301 quaedam
1570 2217 2107 2295 nunciabantur,
2174 2216 2502 2294 viderent,
2546 2216 2794 2304 partim
2857 2229 2929 2282 ut
2977 2213 3200 2284 dissi·

651 2304 890 2372 dentes
929 2324 1224 2388 quorum
1276 2303 1454 2372 odiis
1504 2317 1638 2372 tota
1696 2306 1879 2404 regio
1910 2305 2461 2394 perturbabatur,
2501 2303 2583 2371 ad
2635 2301 3198 2373 conciliationem

654 2405 1119 2481 provocarent.
1178 2396 1483 2478 Cumque
1531 2393 1633 2460 vir
1683 2398 1796 2461 Dei
1847 2393 2025 2462 intra
2071 2393 2471 2463 cubiculum
2524 2391 2898 2479 quoddam,
2951 2391 3201 2461 clauso

651 2482 847 2561 ostio,
888 2479 1025 2550 sere
1072 2503 1295 2567 usque
1343 2480 1429 2550 ad
1487 2481 1725 2551 horam
1791 2483 2055 2552 tertiam
2123 2483 2514 2573 persisteret
2561 2481 2844 2562 orand0,
2888 2481 3201 2571 populus

651 2570 875 2639 taedio
902 2584 966 2639 et
991 2569 1384 2640 curiositate
1412 2570 1710 2657 quadam
1745 2571 2051 2651 affectuS,
2088 2573 2310 2660 coepit
2345 2572 2579 2640 mirari
2616 2593 2749 2639 non
2787 2570 3193 2649 minimum,

648 2674 713 2727 et
766 2657 1268 2728 murmurando
1309 2658 1480 2727 alter
1511 2658 1592 2727 ad
1632 2659 1924 2728 alterum
1960 2659 2225 2728 dicere:
2282 2666 2428 2741 Qua
2456 2665 2662 2728 causa
2704 2658 3200 2728 convenimus?

634 2748 1071 2816 wputabamus
1105 2747 1287 2833 quod
1339 2747 1570 2827 exiret,
1610 2760 1676 2815 et
1715 2748 1899 2816 verbi
1945 2750 2058 2817 Dei
2087 2750 2351 2818 semina
2376 2750 2686 2837 jactaret,
2728 2760 2791 2817 et
2817 2747 3019 2833 aquis
3045 2748 3201 2816 fon-

648 2838 735 2904 tis
768 2836 939 2903 vitae
988 2835 1198 2904 corda
1246 2835 1791 2905 discordantium
1843 2837 2216 2905 emolliret:
2270 2849 2335 2906 et
2374 2860 2528 2905 ecce
2558 2839 2628 2904 in
2675 2836 3200 2924 latibulisjacet

649 2924 1021 3002 dormienS‚
1061 2936 1181 2992 aut
1229 2923 1361 2991 alia
1415 2925 1598 2993 inre
1640 2947 1803 2994 suae
1836 2924 2165 2994 voluntati
2204 2925 2596 3015 indulgens
2632 2930 2797 2993 Cum
2843 2945 2994 2992 vero
3020 2924 3199 2994 adeo

647 3013 1079 3101 impatientes
1129 3012 1310 3081 ultra
1339 3012 1513 3106 serre
1566 3013 1849 3094 nollent,
1890 3026 2262 3104 coegerunt
2309 3016 2572 3083 socium
2624 3016 2775 3102 ejus
2813 3014 2934 3099 qui
2968 3012 3052 3080 ad
3116 3014 3199 3082 il-

650 3098 749 3183 los
797 3121 1114 3189 egressus
1164 3100 1406 3180 fuerat,
1443 3115 1520 3170 ut
1567 3102 2041 3191 ingrederetur
2090 3116 2153 3172 et
2201 3102 2457 3171 diceret
2502 3104 2565 3170 ei
2599 3123 2840 3170 omnes
2881 3122 3032 3169 mox
3089 3124 3196 3170 re-

649 3210 986 3268 cessuros,
1024 3189 1082 3256 si
1125 3212 1257 3257 non
1292 3192 1523 3258 exiret.
1583 3190 1704 3258 Ille
1745 3191 1970 3259 sciens
2019 3213 2167 3261 esse
2215 3213 2370 3259 euin
2412 3193 2479 3258 in
2527 3190 2870 3280 precibu5‚
2904 3210 2987 3256 ne
3026 3211 3194 3259 eum

652 3278 1098 3365 perturbaret,
1145 3278 1414 3367 ingredi
1445 3278 1735 3347 distulit.
1785 3280 2306 3369 Importunitate
2371 3279 2646 3348 tandem
2709 3300 2945 3348 eorum
2999 3300 3192 3347 com-

652 3365 921 3454 pulsuS,
976 3365 1272 3445 intravit,
1309 3379 1373 3434 et
1414 3379 1603 3436 stans
1651 3389 1882 3435 coram
1933 3390 2010 3436 eo
2062 3382 2360 3437 tremens
2395 3368 2742 3437 submissa
2796 3389 2953 3435 voce
2981 3366 3180 3436 dixit:

650 3460 919 3531 «Pater,
967 3454 1264 3543 populus
1290 3467 1594 3545 expectat
1628 3468 1712 3535 te,
1740 3468 1805 3523 et
1828 3456 1992 3542 quia
2027 3457 2479 3546 praesentiam
2516 3469 2698 3526 tuam
2736 3456 2795 3523 ei
2827 3477 2960 3523 non
2991 3456 3191 3524 exhi-

648 3544 789 3620 beS,
825 3543 967 3611 vult
1002 3543 1382 3612 recedere.»
1418 3549 1492 3612 Et
1526 3543 1677 3611 ille:
1723 3550 1956 3621 «Tace,
1997 3546 2242 3632 inquit,
2279 3545 2378 3614 tili
2413 3546 2542 3613 mi:
2580 3566 2711 3613 non
2742 3557 2843 3612 est
2872 3556 3190 3614 nostrum

652 3631 903 3700 servire
954 3636 1081 3700 Deo
1133 3654 1253 3720 pro
1286 3633 1630 3701 voluntate
1684 3633 2071 3714 hominum,
2126 3635 2240 3702 sed
2297 3656 2417 3722 pro
2470 3633 2814 3703 voluntate
2858 3633 3060 3700 Dei.»
3117 3640 3192 3701 At

648 3733 872 3789 tamen
926 3741 1060 3789 non
1093 3720 1216 3789 diu
1266 3735 1416 3811 post
1446 3742 1741 3809 surgens
1790 3722 1876 3789 ab
1916 3723 2244 3801 oratione,
2284 3723 2643 3792 ecclesiam
2684 3721 3098 3810 ingreditur,
3127 3735 3193 3789 et

648 3809 861 3877 sacris
910 3810 1211 3879 vestibus
1261 3810 1705 3899 praeparatis,
1774 3811 1999 3900 primo
2050 3813 2325 3881 Missam
2378 3812 2612 3880 beatae
2664 3811 2936 3887 Mariae,
2992 3824 3068 3878 ut
3121 3811 3190 3878 in

648 3896 949 3966 sabbatis
998 3897 1164 3966 solet
1196 3898 1366 3979 fieri,
1403 3897 1741 3967 celebrat:
1797 3899 2048 3968 deinde
2086 3900 2358 3969 Missam
2393 3899 2669 3968 illorum
2701 3898 3192 3968 defunctorum

645 4006 939 4071 quorum
983 4007 1165 4055 mors
1212 3987 1427 4056 extitit
1474 4009 1684 4056 causa
1732 3987 1872 4055 odii
1913 3988 2096 4075 quod
2148 3989 2387 4058 sedare
2436 3988 2724 4057 volebat.
2779 3986 3047 4068 Quibus
3077 3986 3193 4055 de-

646 4075 991 4142 votissime
1025 4076 1340 4162 peractiS‚
1385 4076 1579 4162 juxta
1629 4077 2201 4146 consuetudinem
2236 4078 2437 4145 exivit
2485 4076 2568 4145 ad
2607 4075 3000 4144 faciendum
3040 4097 3188 4144 ser-

647 4185 944 4231 monem.
1002 4163 1125 4231 Sed
1176 4164 1340 4250 quia
1382 4164 1656 4253 prandii
1725 4164 1891 4233 liora
1947 4166 2094 4254 jam
2166 4166 2526 4235 transierat
2580 4166 2754 4254 (erat
2813 4164 3000 4231 enim
3053 4164 3192 4233 fere

647 4253 859 4351 nona)
908 4251 1142 4351 multis
1190 4253 1276 4321 ad
1328 4252 1774 4321 reficiendum
1825 4255 2146 4343 egressis,
2204 4276 2483 4343 paucos,
2527 4254 2781 4341 quibus
2833 4251 3191 4341 praedica-

648 4352 768 4419 ret,
826 4352 1103 4409 invenit.

730 4430 766 4516 ξ
813 4434 962 4503 16.
1017 4429 1209 4520 Apud
1242 4430 1440 4500 illum
1492 4443 1720 4501 autem
1773 4431 2012 4500 hocin
2050 4453 2234 4501 more
2287 4431 2587 4521 positum
2619 4441 2784 4509 erat,
2843 4441 2918 4498 ut
2966 4429 3068 4499 sic
3120 4430 3188 4497 in
