3357 4995
681 335 812 399 4⁴2
1435 351 1510 396 nn
1558 351 1613 397 s.
1669 350 1993 398 turcarias
2041 350 2299 397 vincins
2787 330 3011 395 JUNII
3062 331 3152 395 ⁴6

591 435 951 505 catharina
983 435 1259 504 cuidam
1295 433 1574 502 devotae
1608 432 1948 503 foeminae
1976 454 2342 523 apparenS‚
2397 432 2605 503 dixit:
2645 454 2682 498 «
2724 430 3145 523 Lutgardem

593 524 714 594 tibi
763 523 1310 593 interventricem
1338 535 1403 591 et
1430 535 1717 592 matrem
1769 523 2120 592 adsciscas
2167 544 2344 610 quae
2374 521 2462 591 ab
2501 521 2978 612 omnipotente
3007 526 3145 590 Deo

589 634 825 703 parem
863 613 1034 681 mihi
1067 613 1137 681 in
1171 611 1382 681 coelis
1407 610 1635 681 locum
1664 612 2021 681 obtinebit.
2058 635 2092 674 »
2131 617 2207 679 In
2242 610 2706 682 sacratissima
2747 615 3148 681 Pentecoste

591 701 1010 771 monialibus
1069 703 1138 770 in
1191 701 1409 769 Choro
1469 701 1936 781 cantantibuS,
2005 703 2163 770 Veni
2220 711 2480 769 creator
2534 701 2854 790 Spiritu&
2913 699 2959 767 ii
3021 700 3149 787 qui

591 792 658 859 in
693 790 908 860 Choro
948 803 1165 868 erant,
1202 789 1567 880 perspicue
1618 789 1936 858 viderunt
1970 789 2382 880 Lutgardem
2415 789 2502 858 ad
2530 788 2708 857 duos
2758 789 3032 859 cubitos
3074 790 3146 857 in

589 883 747 949 aera
796 880 1164 949 sublatam.
1215 879 1497 947 Felicem
1537 877 1726 947 illam
1756 900 1934 965 quae
1970 878 2089 947 tali
2123 877 2460 948 miraculo
2497 879 2749 946 meruit
2775 877 3144 947 declarari:

587 981 654 1038 et
699 990 986 1056 corpore
1021 968 1364 1038 sublevari
1404 989 1443 1034 a
1476 981 1653 1036 terra
1682 990 1859 1053 quae
1885 968 2027 1055 jam
2081 968 2316 1036 anima
2359 967 2677 1036 exultans
2714 966 2782 1033 in
2827 968 3141 1046 Domino,

588 1059 657 1126 in
709 1057 975 1126 coelum
1028 1055 1540 1127 sustollebatur.
1596 1056 1858 1125 Obtulit
1910 1078 2076 1125 sane
2126 1057 2425 1145 seipsam
2486 1054 2795 1142 quotidie
2857 1057 3150 1126 Domino

591 1146 1069 1216 holocaustum
1136 1146 1558 1236 gratuitum,
1622 1167 1877 1236 corpus
1925 1144 2235 1214 alliciens
2306 1144 2531 1212 inedia
2580 1156 2645 1212 et
2691 1143 3027 1234 JejuniiS,
3083 1157 3150 1214 et

590 1236 912 1326 spiritum
965 1234 1052 1303 ab
1101 1235 1407 1302 oratione
1456 1255 1588 1302 non
1645 1233 1983 1303 relaxans.
2027 1239 2115 1302 Ne
2163 1246 2390 1302 autem
2450 1234 2520 1302 in
2571 1232 2903 1302 cordibus
2953 1255 3147 1302 soro-

589 1347 746 1394 rum
799 1344 976 1410 quae
1022 1344 1171 1391 eam
1238 1344 1371 1391 non
1425 1322 1594 1390 nihil
1647 1323 1984 1392 aemulari
2049 1321 2481 1398 videbantur,
2540 1322 2965 1412 suspicionis
3014 1322 3148 1391 ali-

589 1415 795 1510 cujus
846 1410 1220 1502 scrupulus
1280 1412 1608 1491 haereret,
1678 1412 1991 1481 Christus
2054 1433 2382 1500 sponsam
2452 1432 2649 1479 suam
2713 1411 3142 1500 ejuscemodi

591 1501 929 1571 miraculo
970 1500 1457 1570 cohonestavit.
1490 1505 1656 1570 Cum
1710 1500 1828 1570 illa
1876 1500 2115 1569 crebro
2157 1500 2429 1589 vigilias
2478 1500 2934 1579 continuaret,
2972 1521 3144 1586 qua-

589 1591 748 1659 dam
785 1601 981 1658 nocte
1016 1610 1224 1678 super
1261 1611 1412 1658 eam
1464 1589 1784 1658 viderunt
1833 1589 2168 1657 moniales
2219 1611 2352 1656 non
2408 1589 2595 1658 brevi
2648 1589 2870 1677 spatio
2915 1589 3144 1675 quod-

589 1680 751 1748 dam
804 1678 1092 1747 luminis
1127 1677 1360 1764 jubar,
1413 1678 1597 1764 quod
1650 1679 1881 1768 ipsum
1933 1699 2209 1764 quoque
2264 1678 2439 1747 Solis
2498 1678 2933 1766 splendorem
2989 1678 3144 1745 vin-

589 1778 793 1837 ceret.
848 1767 1041 1848 Quod
1091 1767 1369 1854 quidem
1438 1767 1671 1835 lumen
1725 1768 1906 1835 intro
1952 1766 2314 1846 diffusum,
2380 1787 2513 1834 non
2582 1766 2809 1836 solum
2860 1767 2927 1834 in
2993 1766 3137 1846 illa,

590 1857 708 1926 sed
744 1857 814 1924 in
847 1854 1001 1924 aliis
1026 1878 1299 1942 quoque
1323 1877 1499 1942 quae
1528 1856 1698 1924 illud
1738 1855 2082 1935 viderunt,
2117 1856 2290 1924 vitae
2367 1856 2609 1924 ratiam
2644 1856 3138 1945 augmentavit.

681 1953 718 2027 ἓ
768 1951 863 2016 6.
916 1945 1306 2013 Movebatur
1355 1967 1511 2013 vero
1576 1945 2201 2014 commiserationis
2250 1967 2288 2012 a
2343 1958 2500 2013 ectu
2546 1956 2612 2012 et
2664 1944 2933 2034 pietatis
3000 1945 3144 2035 spi-

592 2033 730 2103 ritu
779 2034 1031 2102 mirum
1095 2035 1165 2102 in
1219 2034 1501 2102 modum
1560 2055 1726 2124 erga
1771 2047 2084 2123 aegrotos
2150 2046 2215 2101 et
2263 2033 2566 2110 debiles,
2621 2032 2792 2102 adeo
2844 2047 2923 2101 ut
2972 2034 3142 2122 ipsis

591 2122 861 2192 afflictis
909 2122 1307 2202 condolenS,
1381 2121 1540 2212 plus
1590 2123 1741 2212 ipsa
1806 2123 2054 2211 spiritu
2103 2121 2544 2211 affligeretur.
2613 2121 2915 2191 Contulit
2979 2143 3143 2211 ergo

589 2210 693 2279 illi
722 2217 896 2280 Deus
939 2212 1030 2279 ita
1079 2212 1455 2301 generatim
1498 2212 1791 2300 gratiam
1835 2212 2299 2289 curationum,
2348 2225 2423 2281 ut
2472 2212 2532 2279 si
2561 2210 2730 2296 quid
2783 2224 2962 2280 esset
2996 2211 3141 2279 vitii

590 2300 660 2368 in
713 2298 937 2378 oculo,
981 2300 1078 2368 vel
1120 2301 1186 2368 in
1242 2323 1478 2380 manu,
1520 2313 1639 2370 aut
1691 2300 1883 2388 pede,
1926 2300 2026 2369 vel
2086 2299 2370 2369 caeteris
2421 2299 2732 2390 corporis
2776 2300 3133 2371 membris.

589 2389 675 2458 ad
726 2401 1119 2458 contactum
1149 2389 1401 2458 salivae
1436 2388 1535 2457 vel
1573 2411 1823 2458 manus
1862 2389 2011 2479 ejus
2047 2388 2361 2478 protinus
2410 2401 2794 2458 curaretur.
2831 2393 3139 2475 Cumque

588 2502 669 2549 ea
715 2483 926 2548 causa
967 2477 1328 2548 hominum
1367 2478 1811 2548 multitudine
1841 2492 1905 2549 et
1946 2478 2330 2564 frequentia
2361 2478 2791 2560 obrueretur,
2824 2479 3142 2568 saepius-

588 2590 723 2654 que
758 2569 826 2637 in
861 2568 1166 2637 oratione
1207 2566 1680 2658 impediretur,
1714 2568 1884 2636 dixit
1914 2567 1998 2636 ad
2048 2568 2436 2636 Dominum:
2501 2591 2535 2633 «
2568 2574 2914 2650 Quorsum
2964 2567 3134 2636 mihi

592 2656 853 2727 isthaec
953 2657 1122 2725 ratia
1182 2656 1489 2737 Domine,
1555 2658 1759 2746 cujus
1806 2663 2017 2726 causa
2084 2657 2276 2726 toties
2332 2655 2687 2738 distineor,
2745 2678 2828 2725 ne
2883 2657 3141 2745 possim

590 2768 831 2815 vacare
864 2680 1028 2814 tiffii?
1074 2745 1277 2814 Aufer
1314 2767 1463 2814 eam
1517 2769 1556 2814 a
1590 2768 1723 2826 me,
1768 2746 1887 2814 sed
1943 2746 2031 2814 ita
2083 2760 2157 2814 ut
2193 2744 2455 2813 meliori
2495 2767 2782 2813 munere
2830 2767 3143 2814 commu-

590 2846 847 2905 tetur.»
900 2834 1275 2924 Respondit
1309 2836 1662 2904 Dominus:
1719 2857 1755 2899 «
1781 2834 1959 2916 Quid
1998 2835 2097 2902 vis
2130 2834 2341 2923 igitur
2371 2834 2523 2934 ejus
2563 2834 2708 2904 loco
2741 2834 3141 2924 accipere?»

591 2929 761 2992 Tum
816 2922 973 2991 illa:
1015 2946 1049 2988 «
1091 2921 1269 3004 Volo,
1324 2923 1572 3008 inquit,
1626 2936 1703 2992 ut
1737 2944 1859 3013 pro
1910 2924 2152 3023 majori
2203 2922 2558 2991 devotione
2632 2923 2890 3013 possim
2942 2923 3144 2991 intel-

593 3011 805 3102 ligere
853 3011 1287 3080 Psalterium.
1326 3036 1359 3077 »
1396 3013 1735 3081 Praestitit
1771 3012 1896 3081 hoc
1933 3011 2032 3080 illi
2071 3017 2266 3080 Deus.
2327 3016 2404 3079 Ut
2452 3013 2637 3080 enim
2683 3012 2801 3082 illo
2837 3024 3144 3101 tempore

592 3100 959 3192 probatum
1014 3111 1137 3179 est,
1211 3099 1647 3170 Psalterium·
1684 3113 1869 3171 tanto
1929 3100 2400 3191 perspicacius
2450 3100 2800 3180 intellexit,
2884 3114 3145 3186 quanto

588 3203 736 3259 erat
787 3188 1191 3259 radiantiori
1234 3187 1385 3258 luce
1438 3189 1802 3260 illustrata.
1849 3190 1973 3258 Sed
2027 3211 2185 3257 cum
2237 3203 2469 3279 postea
2518 3189 2814 3259 necdum
2867 3202 3137 3259 tantum

591 3301 672 3348 ex
711 3280 841 3348 hac
893 3290 1211 3367 percepta
1258 3278 1480 3367 gratia
1528 3300 1600 3346 se
1647 3279 1980 3368 proficere
2029 3279 2464 3368 comperiret,
2518 3293 2857 3365 quantum
2902 3299 3140 3368 spera-

592 3381 695 3437 rat
751 3367 1192 3456 (reverentia
1216 3366 1403 3435 enim
1457 3366 1652 3436 velati
1691 3368 2022 3456 mysterii,
2066 3379 2282 3437 mater
2329 3379 2430 3437 est
2459 3366 2863 3440 devotionis,
2911 3378 2976 3435 et
3031 3389 3139 3436 res

589 3457 827 3535 celata,
882 3455 1154 3526 avidius
1204 3455 1582 3541 quaeritur,
1637 3469 1703 3525 et
1744 3456 1987 3545 majori
2049 3457 2482 3525 veneratione
2542 3456 3138 3547 concupiscitur),

589 3544 762 3614 dixit
832 3545 1153 3613 Domino:
1195 3567 1230 3609 «
1275 3549 1616 3627 Quorsum
1678 3567 1836 3614 vero
1897 3546 2136 3614 attinet
2197 3569 2303 3614 me
2354 3545 2634 3615 idiotam
2688 3558 2753 3613 et
2803 3545 3136 3614 rusticam

592 3633 962 3703 monialem
1016 3633 1409 3722 Scripturae
1448 3655 1703 3702 arcana
1747 3639 2045 3702 nosse‘?»
2089 3640 2163 3703 At
2201 3634 2302 3702 illi
2343 3634 2710 3703 Dominus:
2752 3633 2992 3716 «Quid
3042 3634 3143 3703 vis

590 3722 901 3813 igiturt»
933 3735 999 3791 et
1034 3722 1173 3791 illa:
1229 3723 1458 3803 «Volo,
1496 3723 1723 3809 inquit
1751 3741 1868 3791 cor
1899 3734 2170 3792 tuum.»
2223 3727 2298 3791 Et
2333 3723 2687 3793 Dominus:
2744 3723 2984 3805 «Quin
3016 3744 3143 3811 ego

590 3811 843 3902 potius,
898 3811 1024 3891 ait,
1069 3822 1135 3879 et
1164 3830 1282 3879 cor
1314 3822 1585 3881 tuum.»
1639 3812 2017 3901 Respondit
2049 3811 2208 3880 illa:
2251 3833 2286 3876 «
2323 3813 2419 3880 Sit
2450 3812 2540 3881 ita
2584 3812 2887 3889 Domine,
2929 3824 2998 3879 at
3043 3813 3142 3879 sic

593 3913 845 3977 tamen,
885 3914 961 3969 ut
1006 3899 1236 3969 cordis
1271 3901 1370 3970 tui
1419 3922 1724 3969 amorem
1761 3902 1955 3969 cordi
2008 3923 2156 3970 meo
2191 3911 2624 3990 attempereS,
2679 3914 2744 3970 et
2794 3900 2861 3967 in
2917 3911 2979 3969 te
3027 3921 3144 3967 cor

593 4010 824 4058 meum
866 3988 1281 4080 possideam,
1336 3990 1525 4058 omni
1577 4003 1885 4077 tempore
1918 4002 2033 4059 tua
2086 3990 2505 4078 protectione
2545 4011 2894 4059 securum.
2937 4012 2972 4053 »
3019 3993 3140 4057 Fa-

589 4089 697 4147 cta
746 4090 847 4148 est
895 4078 1109 4178 igitur
1155 4078 1243 4147 ab
1282 4098 1361 4148 eo
1391 4076 1503 4146 die
1540 4078 1880 4165 quaedam
1920 4078 2336 4169 permutatio
2384 4077 2728 4160 cordium,
2768 4077 2863 4146 vel
2904 4079 3137 4166 potius

589 4167 802 4238 unius
838 4168 1123 4257 spiritus
1161 4168 1372 4236 creati
1417 4179 1482 4235 et
1514 4168 1798 4236 increati
1830 4189 1948 4257 per
1978 4168 2236 4257 gratiae
2266 4167 2766 4237 excellentiam.
2804 4168 3138 4256 Deinceps

590 4257 775 4325 enim
828 4257 919 4324 ita
968 4256 1279 4325 Christus
1338 4255 1527 4324 cordi
1591 4256 1879 4346 virginis
1942 4256 2257 4333 inhaesit,
2312 4278 2462 4325 eam
2520 4256 3008 4326 communiens
3074 4265 3141 4323 et

592 4357 978 4437 protegens.
1034 4358 1109 4415 ut
1160 4367 1281 4413 nec
1316 4345 1595 4413 tentatio
1635 4346 1890 4424 carnis,
1947 4346 2160 4413 immo
2212 4367 2293 4412 ne
2347 4346 2566 4445 turpis
2613 4345 2896 4432 quidem
2947 4344 3140 4433 cogi·

592 4435 755 4505 tatio
792 4447 1088 4505 mentem
1138 4434 1290 4525 ejus
1331 4432 1430 4502 vel
1484 4435 1813 4523 temporis
1863 4445 2118 4524 puncto
2168 4433 2533 4503 infestant.
