<?xml version="1.0" encoding="UTF-8"?>
<!DOCTYPE html PUBLIC "-//W3C//DTD XHTML 1.0 Transitional//EN"
    "http://www.w3.org/TR/xhtml1/DTD/xhtml1-transitional.dtd">
<html xmlns="http://www.w3.org/1999/xhtml" xml:lang="en" lang="en">
 <head>
  <title>
</title>
<meta http-equiv="Content-Type" content="text/html;charset=utf-8" />
  <meta name='ocr-system' content='tesseract 3.04.00' />
  <meta name='ocr-capabilities' content='ocr_page ocr_carea ocr_par ocr_line ocrx_word'/>
</head>
<body>
  <div class='ocr_page' id='page_1' title='image "./historiaeseuvit02lippgoog_0209.png"; bbox 0 0 3357 4995; ppageno 0'>
   <div class='ocr_carea' id='block_1_1' title="bbox 203 363 2660 429">
    <p class='ocr_par' dir='ltr' id='par_1_1' title="bbox 203 363 2660 429">
     <span class='ocr_line' id='line_1_1' title="bbox 203 363 2660 429; baseline 0 -1"><span class='ocrx_word' id='word_1_1' title='bbox 203 363 421 428; x_wconf 72' lang='lat' dir='ltr'>JUNII</span> <span class='ocrx_word' id='word_1_2' title='bbox 469 364 510 426; x_wconf 88' lang='lat'>6</span> <span class='ocrx_word' id='word_1_3' title='bbox 1009 383 1086 429; x_wconf 70' lang='lat' dir='ltr'><strong>nis:</strong></span> <span class='ocrx_word' id='word_1_4' title='bbox 1134 382 1188 428; x_wconf 90' lang='lat' dir='ltr'><strong>s.</strong></span> <span class='ocrx_word' id='word_1_5' title='bbox 1244 379 1603 429; x_wconf 73' lang='lat' dir='ltr'><strong>Nonranii‘ro</strong></span> <span class='ocrx_word' id='word_1_6' title='bbox 1652 379 1949 427; x_wconf 71' lang='lat' dir='ltr'><strong>Episcopo</strong></span> <span class='ocrx_word' id='word_1_7' title='bbox 2535 366 2660 429; x_wconf 73' lang='lat'><strong>⁴93</strong></span> 
     </span>
    </p>
   </div>
   <div class='ocr_carea' id='block_1_2' title="bbox 202 460 2752 3405">
    <p class='ocr_par' dir='ltr' id='par_1_2' title="bbox 202 460 2748 619">
     <span class='ocr_line' id='line_1_2' title="bbox 202 460 2748 548; baseline 0 -18"><span class='ocrx_word' id='word_1_8' title='bbox 202 461 623 530; x_wconf 89' lang='lat' dir='ltr'><strong>centesimus</strong></span> <span class='ocrx_word' id='word_1_9' title='bbox 671 460 1058 531; x_wconf 88' lang='lat' dir='ltr'><strong>tricesimus</strong></span> <span class='ocrx_word' id='word_1_10' title='bbox 1104 475 1414 548; x_wconf 79' lang='lat' dir='ltr'><strong>quartuS,</strong></span> <span class='ocrx_word' id='word_1_11' title='bbox 1470 460 1637 530; x_wconf 84' lang='lat' dir='ltr'><strong>seria</strong></span> <span class='ocrx_word' id='word_1_12' title='bbox 1701 472 1943 547; x_wconf 90' lang='lat' dir='ltr'><strong>quarta</strong></span> <span class='ocrx_word' id='word_1_13' title='bbox 2004 465 2447 541; x_wconf 84' lang='lat' dir='ltr'><strong>Pentecostes,</strong></span> <span class='ocrx_word' id='word_1_14' title='bbox 2510 473 2748 533; x_wconf 83' lang='lat' dir='ltr'><strong>octavo</strong></span> 
     </span>
     <span class='ocr_line' id='line_1_3' title="bbox 209 550 637 619; baseline -0.005 -1"><span class='ocrx_word' id='word_1_15' title='bbox 209 550 374 618; x_wconf 84' lang='lat' dir='ltr'><strong>Idus</strong></span> <span class='ocrx_word' id='word_1_16' title='bbox 419 550 637 619; x_wconf 79' lang='lat' dir='ltr'><strong>Junii.</strong></span> 
     </span>
    </p>

    <p class='ocr_par' dir='ltr' id='par_1_3' title="bbox 205 636 2752 3405">
     <span class='ocr_line' id='line_1_4' title="bbox 292 636 2749 724; baseline -0.001 -14"><span class='ocrx_word' id='word_1_17' title='bbox 292 641 327 724; x_wconf 68' lang='grc' dir='ltr'>ἓ</span> <span class='ocrx_word' id='word_1_18' title='bbox 380 641 546 710; x_wconf 69' lang='grc'><strong>63.</strong></span> <span class='ocrx_word' id='word_1_19' title='bbox 604 636 928 707; x_wconf 82' lang='lat' dir='ltr'><strong>Defuncto</strong></span> <span class='ocrx_word' id='word_1_20' title='bbox 977 638 1347 716; x_wconf 86' lang='lat' dir='ltr'><strong>Nortberto,</strong></span> <span class='ocrx_word' id='word_1_21' title='bbox 1401 639 1745 708; x_wconf 91' lang='lat' dir='ltr'><strong>contentio</strong></span> <span class='ocrx_word' id='word_1_22' title='bbox 1795 659 1931 706; x_wconf 91' lang='lat' dir='ltr'><strong>non</strong></span> <span class='ocrx_word' id='word_1_23' title='bbox 1986 638 2247 706; x_wconf 88' lang='lat' dir='ltr'><strong>minina</strong></span> <span class='ocrx_word' id='word_1_24' title='bbox 2295 652 2441 707; x_wconf 87' lang='lat' dir='ltr'><strong>orta</strong></span> <span class='ocrx_word' id='word_1_25' title='bbox 2491 652 2592 707; x_wconf 89' lang='lat' dir='ltr'><strong>est</strong></span> <span class='ocrx_word' id='word_1_26' title='bbox 2643 640 2749 706; x_wconf 91' lang='lat' dir='ltr'><strong>in-</strong></span> 
     </span>
     <span class='ocr_line' id='line_1_5' title="bbox 205 727 2747 817; baseline -0 -21"><span class='ocrx_word' id='word_1_27' title='bbox 205 741 305 796; x_wconf 88' lang='lat' dir='ltr'><strong>ter</strong></span> <span class='ocrx_word' id='word_1_28' title='bbox 327 729 687 817; x_wconf 77' lang='lat' dir='ltr'><strong>,majorem</strong></span> <span class='ocrx_word' id='word_1_29' title='bbox 736 727 1120 805; x_wconf 89' lang='lat' dir='ltr'><strong>ecclesiam,</strong></span> <span class='ocrx_word' id='word_1_30' title='bbox 1182 741 1246 796; x_wconf 92' lang='lat' dir='ltr'><strong>et</strong></span> <span class='ocrx_word' id='word_1_31' title='bbox 1301 749 1451 796; x_wconf 88' lang='lat' dir='ltr'><strong>eam</strong></span> <span class='ocrx_word' id='word_1_32' title='bbox 1503 749 1680 815; x_wconf 90' lang='lat' dir='ltr'><strong>quae</strong></span> <span class='ocrx_word' id='word_1_33' title='bbox 1725 739 1827 795; x_wconf 89' lang='lat' dir='ltr'><strong>est</strong></span> <span class='ocrx_word' id='word_1_34' title='bbox 1876 733 1943 794; x_wconf 88' lang='lat' dir='ltr'><strong>B.</strong></span> <span class='ocrx_word' id='word_1_35' title='bbox 1983 728 2250 804; x_wconf 86' lang='lat' dir='ltr'><strong>Mariae,</strong></span> <span class='ocrx_word' id='word_1_36' title='bbox 2309 727 2392 796; x_wconf 89' lang='lat' dir='ltr'><strong>de</strong></span> <span class='ocrx_word' id='word_1_37' title='bbox 2447 727 2595 797; x_wconf 92' lang='lat' dir='ltr'><strong>loco</strong></span> <span class='ocrx_word' id='word_1_38' title='bbox 2644 750 2747 796; x_wconf 88' lang='lat' dir='ltr'><strong>se-</strong></span> 
     </span>
     <span class='ocr_line' id='line_1_6' title="bbox 209 815 2741 905; baseline -0 -20"><span class='ocrx_word' id='word_1_39' title='bbox 209 817 529 905; x_wconf 90' lang='lat' dir='ltr'><strong>pulturae</strong></span> <span class='ocrx_word' id='word_1_40' title='bbox 575 815 747 902; x_wconf 81' lang='lat' dir='ltr'><strong>ejuS.</strong></span> <span class='ocrx_word' id='word_1_41' title='bbox 787 815 1111 884; x_wconf 80' lang='lat' dir='ltr'>Volebam</span> <span class='ocrx_word' id='word_1_42' title='bbox 1139 817 1324 884; x_wconf 87' lang='lat' dir='ltr'><strong>enim</strong></span> <span class='ocrx_word' id='word_1_43' title='bbox 1362 816 1503 893; x_wconf 88' lang='lat' dir='ltr'><strong>alii,</strong></span> <span class='ocrx_word' id='word_1_44' title='bbox 1543 816 1975 905; x_wconf 82' lang='lat' dir='ltr'><strong>dignumque</strong></span> <span class='ocrx_word' id='word_1_45' title='bbox 2005 828 2068 883; x_wconf 76' lang='lat' dir='ltr'><strong>et</strong></span> <span class='ocrx_word' id='word_1_46' title='bbox 2092 817 2361 903; x_wconf 87' lang='lat' dir='ltr'><strong>justum</strong></span> <span class='ocrx_word' id='word_1_47' title='bbox 2396 816 2741 894; x_wconf 78' lang='lat' dir='ltr'>dicebant,</span> 
     </span>
     <span class='ocr_line' id='line_1_7' title="bbox 213 903 2751 993; baseline 0.001 -21"><span class='ocrx_word' id='word_1_48' title='bbox 213 918 287 973; x_wconf 88' lang='lat' dir='ltr'><strong>ut</strong></span> <span class='ocrx_word' id='word_1_49' title='bbox 326 907 497 992; x_wconf 90' lang='lat' dir='ltr'><strong>quia</strong></span> <span class='ocrx_word' id='word_1_50' title='bbox 543 916 752 993; x_wconf 87' lang='lat' dir='ltr'><strong>caput</strong></span> <span class='ocrx_word' id='word_1_51' title='bbox 797 904 1243 974; x_wconf 88' lang='lat' dir='ltr'><strong>ecclesiarum</strong></span> <span class='ocrx_word' id='word_1_52' title='bbox 1294 905 1443 993; x_wconf 88' lang='lat' dir='ltr'><strong>ejus</strong></span> <span class='ocrx_word' id='word_1_53' title='bbox 1492 905 1786 974; x_wconf 88' lang='lat' dir='ltr'><strong>civitatis</strong></span> <span class='ocrx_word' id='word_1_54' title='bbox 1814 903 2077 984; x_wconf 83' lang='lat' dir='ltr'><strong>suisset,</strong></span> <span class='ocrx_word' id='word_1_55' title='bbox 2109 903 2436 973; x_wconf 87' lang='lat' dir='ltr'><strong>ecclesiae</strong></span> <span class='ocrx_word' id='word_1_56' title='bbox 2492 907 2751 993; x_wconf 86' lang='lat' dir='ltr'><strong>prima—</strong></span> 
     </span>
     <span class='ocr_line' id='line_1_8' title="bbox 215 992 2752 1081; baseline 0.001 -21"><span class='ocrx_word' id='word_1_57' title='bbox 215 995 348 1061; x_wconf 87' lang='lat' dir='ltr'><strong>riae</strong></span> <span class='ocrx_word' id='word_1_58' title='bbox 399 994 547 1081; x_wconf 88' lang='lat' dir='ltr'><strong>ejus</strong></span> <span class='ocrx_word' id='word_1_59' title='bbox 587 1014 743 1062; x_wconf 90' lang='lat' dir='ltr'><strong>ossa</strong></span> <span class='ocrx_word' id='word_1_60' title='bbox 776 993 1113 1063; x_wconf 86' lang='lat' dir='ltr'><strong>deferrent</strong></span> <span class='ocrx_word' id='word_1_61' title='bbox 1163 993 1516 1062; x_wconf 87' lang='lat' dir='ltr'><strong>honorem.</strong></span> <span class='ocrx_word' id='word_1_62' title='bbox 1565 994 1691 1062; x_wconf 88' lang='lat' dir='ltr'><strong>Sed</strong></span> <span class='ocrx_word' id='word_1_63' title='bbox 1747 992 1986 1063; x_wconf 84' lang='lat' dir='ltr'><strong>fratres</strong></span> <span class='ocrx_word' id='word_1_64' title='bbox 2027 1006 2301 1061; x_wconf 84' lang='lat' dir='ltr'><strong>sanctae</strong></span> <span class='ocrx_word' id='word_1_65' title='bbox 2356 995 2600 1062; x_wconf 84' lang='lat' dir='ltr'><strong>Mariae</strong></span> <span class='ocrx_word' id='word_1_66' title='bbox 2642 994 2752 1064; x_wconf 88' lang='lat' dir='ltr'><strong>sui</strong></span> 
     </span>
     <span class='ocr_line' id='line_1_9' title="bbox 205 1082 2751 1173; baseline -0 -21"><span class='ocrx_word' id='word_1_67' title='bbox 205 1082 386 1166; x_wconf 88' lang='lat' dir='ltr'><strong>juris</strong></span> <span class='ocrx_word' id='word_1_68' title='bbox 432 1105 594 1151; x_wconf 89' lang='lat' dir='ltr'><strong>eum</strong></span> <span class='ocrx_word' id='word_1_69' title='bbox 643 1103 790 1150; x_wconf 90' lang='lat' dir='ltr'><strong>esse</strong></span> <span class='ocrx_word' id='word_1_70' title='bbox 838 1083 1260 1161; x_wconf 89' lang='lat' dir='ltr'><strong>asserebant,</strong></span> <span class='ocrx_word' id='word_1_71' title='bbox 1296 1083 1478 1169; x_wconf 91' lang='lat' dir='ltr'><strong>quod</strong></span> <span class='ocrx_word' id='word_1_72' title='bbox 1517 1082 1864 1173; x_wconf 88' lang='lat' dir='ltr'><strong>perillum</strong></span> <span class='ocrx_word' id='word_1_73' title='bbox 1935 1104 2058 1151; x_wconf 90' lang='lat' dir='ltr'><strong>suo</strong></span> <span class='ocrx_word' id='word_1_74' title='bbox 2108 1084 2399 1150; x_wconf 80' lang='lat' dir='ltr'>creatori</span> <span class='ocrx_word' id='word_1_75' title='bbox 2452 1084 2751 1152; x_wconf 88' lang='lat' dir='ltr'><strong>reconci-</strong></span> 
     </span>
     <span class='ocr_line' id='line_1_10' title="bbox 209 1170 2745 1262; baseline 0 -23"><span class='ocrx_word' id='word_1_76' title='bbox 209 1171 381 1250; x_wconf 90' lang='lat' dir='ltr'><strong>liati,</strong></span> <span class='ocrx_word' id='word_1_77' title='bbox 433 1185 593 1239; x_wconf 82' lang='lat' dir='ltr'><strong>eum</strong></span> <span class='ocrx_word' id='word_1_78' title='bbox 646 1184 907 1260; x_wconf 90' lang='lat' dir='ltr'><strong>patrem</strong></span> <span class='ocrx_word' id='word_1_79' title='bbox 958 1170 1346 1260; x_wconf 81' lang='lat' dir='ltr'><strong>elegissent,</strong></span> <span class='ocrx_word' id='word_1_80' title='bbox 1401 1184 1465 1240; x_wconf 87' lang='lat' dir='ltr'><strong>et</strong></span> <span class='ocrx_word' id='word_1_81' title='bbox 1515 1194 1635 1262; x_wconf 91' lang='lat' dir='ltr'><strong>per</strong></span> <span class='ocrx_word' id='word_1_82' title='bbox 1699 1172 1894 1239; x_wconf 88' lang='lat' dir='ltr'><strong>illuni</strong></span> <span class='ocrx_word' id='word_1_83' title='bbox 1960 1171 2221 1261; x_wconf 88' lang='lat' dir='ltr'><strong>seipsos</strong></span> <span class='ocrx_word' id='word_1_84' title='bbox 2272 1185 2337 1238; x_wconf 89' lang='lat' dir='ltr'><strong>et</strong></span> <span class='ocrx_word' id='word_1_85' title='bbox 2388 1194 2586 1241; x_wconf 86' lang='lat' dir='ltr'><strong>suam</strong></span> <span class='ocrx_word' id='word_1_86' title='bbox 2636 1172 2745 1240; x_wconf 89' lang='lat' dir='ltr'><strong>de-</strong></span> 
     </span>
     <span class='ocr_line' id='line_1_11' title="bbox 209 1259 2744 1348; baseline 0 -21"><span class='ocrx_word' id='word_1_87' title='bbox 209 1262 548 1329; x_wconf 87' lang='lat' dir='ltr'><strong>votionem</strong></span> <span class='ocrx_word' id='word_1_88' title='bbox 604 1261 890 1329; x_wconf 80' lang='lat' dir='ltr'><strong>Doi&#39;nino</strong></span> <span class='ocrx_word' id='word_1_89' title='bbox 940 1266 1067 1329; x_wconf 90' lang='lat' dir='ltr'><strong>Deo</strong></span> <span class='ocrx_word' id='word_1_90' title='bbox 1109 1282 1255 1336; x_wconf 84' lang='lat' dir='ltr'><strong>suo,</strong></span> <span class='ocrx_word' id='word_1_91' title='bbox 1311 1284 1349 1329; x_wconf 92' lang='lat' dir='ltr'><strong>a</strong></span> <span class='ocrx_word' id='word_1_92' title='bbox 1397 1283 1533 1348; x_wconf 90' lang='lat' dir='ltr'><strong>quo</strong></span> <span class='ocrx_word' id='word_1_93' title='bbox 1581 1261 1803 1329; x_wconf 87' lang='lat' dir='ltr'><strong>aversi</strong></span> <span class='ocrx_word' id='word_1_94' title='bbox 1872 1259 2167 1337; x_wconf 84' lang='lat' dir='ltr'><strong>fuerant,</strong></span> <span class='ocrx_word' id='word_1_95' title='bbox 2240 1260 2744 1330; x_wconf 83' lang='lat' dir='ltr'><strong>reddidissent:</strong></span> 
     </span>
     <span class='ocr_line' id='line_1_12' title="bbox 207 1349 2747 1438; baseline -0 -21"><span class='ocrx_word' id='word_1_96' title='bbox 207 1350 582 1438; x_wconf 81' lang='lat' dir='ltr'><strong>praecipue</strong></span> <span class='ocrx_word' id='word_1_97' title='bbox 632 1361 884 1428; x_wconf 88' lang='lat' dir='ltr'><strong>autem,</strong></span> <span class='ocrx_word' id='word_1_98' title='bbox 937 1349 1116 1435; x_wconf 92' lang='lat' dir='ltr'><strong>quod</strong></span> <span class='ocrx_word' id='word_1_99' title='bbox 1172 1349 1398 1418; x_wconf 89' lang='lat' dir='ltr'><strong>adhuc</strong></span> <span class='ocrx_word' id='word_1_100' title='bbox 1460 1351 1694 1417; x_wconf 83' lang='lat' dir='ltr'><strong>vivens</strong></span> <span class='ocrx_word' id='word_1_101' title='bbox 1749 1350 2226 1438; x_wconf 79' lang='lat' dir='ltr'><strong>praecepisset,</strong></span> <span class='ocrx_word' id='word_1_102' title='bbox 2292 1361 2355 1418; x_wconf 90' lang='lat' dir='ltr'><strong>et</strong></span> <span class='ocrx_word' id='word_1_103' title='bbox 2405 1370 2628 1436; x_wconf 90' lang='lat' dir='ltr'><strong>usque</strong></span> <span class='ocrx_word' id='word_1_104' title='bbox 2681 1350 2747 1417; x_wconf 89' lang='lat' dir='ltr'><strong>in</strong></span> 
     </span>
     <span class='ocr_line' id='line_1_13' title="bbox 209 1437 2749 1515; baseline 0 -10"><span class='ocrx_word' id='word_1_105' title='bbox 209 1437 418 1506; x_wconf 78' lang='lat' dir='ltr'><strong>finem</strong></span> <span class='ocrx_word' id='word_1_106' title='bbox 465 1438 643 1506; x_wconf 86' lang='lat' dir='ltr'><strong>lianc</strong></span> <span class='ocrx_word' id='word_1_107' title='bbox 692 1459 855 1507; x_wconf 85' lang='lat' dir='ltr'><strong>suae</strong></span> <span class='ocrx_word' id='word_1_108' title='bbox 905 1437 1272 1506; x_wconf 87' lang='lat' dir='ltr'><strong>voluntatis</strong></span> <span class='ocrx_word' id='word_1_109' title='bbox 1322 1438 1749 1507; x_wconf 89' lang='lat' dir='ltr'><strong>devotionem</strong></span> <span class='ocrx_word' id='word_1_110' title='bbox 1802 1438 2198 1515; x_wconf 82' lang='lat' dir='ltr'><strong>indicasset,</strong></span> <span class='ocrx_word' id='word_1_111' title='bbox 2257 1451 2332 1507; x_wconf 88' lang='lat' dir='ltr'><strong>ut</strong></span> <span class='ocrx_word' id='word_1_112' title='bbox 2393 1439 2569 1507; x_wconf 88' lang='lat' dir='ltr'><strong>inter</strong></span> <span class='ocrx_word' id='word_1_113' title='bbox 2616 1437 2749 1506; x_wconf 87' lang='lat' dir='ltr'><strong>fra-</strong></span> 
     </span>
     <span class='ocr_line' id='line_1_14' title="bbox 210 1526 2752 1616; baseline 0 -23"><span class='ocrx_word' id='word_1_114' title='bbox 210 1539 343 1597; x_wconf 88' lang='lat' dir='ltr'><strong>tres</strong></span> <span class='ocrx_word' id='word_1_115' title='bbox 392 1548 559 1596; x_wconf 90' lang='lat' dir='ltr'><strong>suos</strong></span> <span class='ocrx_word' id='word_1_116' title='bbox 589 1539 654 1594; x_wconf 91' lang='lat' dir='ltr'><strong>et</strong></span> <span class='ocrx_word' id='word_1_117' title='bbox 703 1526 880 1608; x_wconf 85' lang='lat' dir='ltr'><strong>filios</strong></span> <span class='ocrx_word' id='word_1_118' title='bbox 928 1526 1331 1616; x_wconf 89' lang='lat' dir='ltr'><strong>sepeliretur</strong></span> <span class='ocrx_word' id='word_1_119' title='bbox 1377 1539 1440 1595; x_wconf 92' lang='lat' dir='ltr'><strong>et</strong></span> <span class='ocrx_word' id='word_1_120' title='bbox 1489 1528 1892 1614; x_wconf 77' lang='lat' dir='ltr'><strong>quiesceret.</strong></span> <span class='ocrx_word' id='word_1_121' title='bbox 1956 1526 2271 1596; x_wconf 87' lang='lat' dir='ltr'><strong>videntes</strong></span> <span class='ocrx_word' id='word_1_122' title='bbox 2333 1526 2606 1595; x_wconf 90' lang='lat' dir='ltr'><strong>tandem</strong></span> <span class='ocrx_word' id='word_1_123' title='bbox 2650 1526 2752 1594; x_wconf 89' lang='lat' dir='ltr'><strong>illi</strong></span> 
     </span>
     <span class='ocr_line' id='line_1_15' title="bbox 209 1615 2749 1705; baseline -0 -21"><span class='ocrx_word' id='word_1_124' title='bbox 209 1617 326 1701; x_wconf 88' lang='lat' dir='ltr'><strong>qui</strong></span> <span class='ocrx_word' id='word_1_125' title='bbox 376 1628 571 1684; x_wconf 87' lang='lat' dir='ltr'><strong>erant</strong></span> <span class='ocrx_word' id='word_1_126' title='bbox 622 1615 851 1692; x_wconf 85' lang='lat' dir='ltr'><strong>medii,</strong></span> <span class='ocrx_word' id='word_1_127' title='bbox 894 1616 1397 1684; x_wconf 79' lang='lat' dir='ltr'><strong>contentionem</strong></span> <span class='ocrx_word' id='word_1_128' title='bbox 1448 1616 1626 1684; x_wconf 87' lang='lat' dir='ltr'><strong>lianc</strong></span> <span class='ocrx_word' id='word_1_129' title='bbox 1657 1616 1893 1684; x_wconf 85' lang='lat' dir='ltr'><strong>dirimi</strong></span> <span class='ocrx_word' id='word_1_130' title='bbox 1933 1637 2066 1683; x_wconf 87' lang='lat' dir='ltr'><strong>non</strong></span> <span class='ocrx_word' id='word_1_131' title='bbox 2100 1637 2300 1705; x_wconf 89' lang='lat' dir='ltr'><strong>posse</strong></span> <span class='ocrx_word' id='word_1_132' title='bbox 2332 1616 2517 1702; x_wconf 90' lang='lat' dir='ltr'><strong>quod</strong></span> <span class='ocrx_word' id='word_1_133' title='bbox 2553 1638 2749 1684; x_wconf 88' lang='lat' dir='ltr'><strong>suam</strong></span> 
     </span>
     <span class='ocr_line' id='line_1_16' title="bbox 211 1704 2751 1794; baseline 0 -23"><span class='ocrx_word' id='word_1_134' title='bbox 211 1725 667 1791; x_wconf 88' lang='lat' dir='ltr'><strong>unaquaeque</strong></span> <span class='ocrx_word' id='word_1_135' title='bbox 698 1726 858 1794; x_wconf 89' lang='lat' dir='ltr'><strong>pars</strong></span> <span class='ocrx_word' id='word_1_136' title='bbox 906 1704 1326 1774; x_wconf 82' lang='lat' dir='ltr'><strong>sententiam</strong></span> <span class='ocrx_word' id='word_1_137' title='bbox 1365 1705 1755 1791; x_wconf 86' lang='lat' dir='ltr'><strong>aequiorem</strong></span> <span class='ocrx_word' id='word_1_138' title='bbox 1810 1717 2164 1776; x_wconf 78' lang='lat' dir='ltr'><strong>assereret.</strong></span> <span class='ocrx_word' id='word_1_139' title='bbox 2206 1705 2579 1774; x_wconf 90' lang='lat' dir='ltr'><strong>consilium</strong></span> <span class='ocrx_word' id='word_1_140' title='bbox 2634 1705 2751 1772; x_wconf 90' lang='lat' dir='ltr'><strong>de-</strong></span> 
     </span>
     <span class='ocr_line' id='line_1_17' title="bbox 212 1792 2752 1882; baseline 0 -22"><span class='ocrx_word' id='word_1_141' title='bbox 212 1792 487 1873; x_wconf 88' lang='lat' dir='ltr'><strong>derunt,</strong></span> <span class='ocrx_word' id='word_1_142' title='bbox 525 1806 600 1861; x_wconf 91' lang='lat' dir='ltr'><strong>ut</strong></span> <span class='ocrx_word' id='word_1_143' title='bbox 648 1793 729 1861; x_wconf 91' lang='lat' dir='ltr'><strong>ad</strong></span> <span class='ocrx_word' id='word_1_144' title='bbox 787 1798 1271 1882; x_wconf 84' lang='lat' dir='ltr'><strong>Imperatorem</strong></span> <span class='ocrx_word' id='word_1_145' title='bbox 1327 1795 1717 1863; x_wconf 88' lang='lat' dir='ltr'><strong>Lotharium</strong></span> <span class='ocrx_word' id='word_1_146' title='bbox 1760 1795 1893 1862; x_wconf 92' lang='lat' dir='ltr'><strong>cito</strong></span> <span class='ocrx_word' id='word_1_147' title='bbox 1947 1795 2364 1862; x_wconf 86' lang='lat' dir='ltr'><strong>mitteretur:</strong></span> <span class='ocrx_word' id='word_1_148' title='bbox 2406 1792 2593 1879; x_wconf 92' lang='lat' dir='ltr'><strong>quod</strong></span> <span class='ocrx_word' id='word_1_149' title='bbox 2639 1793 2752 1861; x_wconf 88' lang='lat' dir='ltr'><strong>ille</strong></span> 
     </span>
     <span class='ocr_line' id='line_1_18' title="bbox 210 1881 2743 1960; baseline -0 -10"><span class='ocrx_word' id='word_1_150' title='bbox 210 1882 571 1950; x_wconf 89' lang='lat' dir='ltr'><strong>mandaret</strong></span> <span class='ocrx_word' id='word_1_151' title='bbox 618 1895 735 1950; x_wconf 89' lang='lat' dir='ltr'><strong>aut</strong></span> <span class='ocrx_word' id='word_1_152' title='bbox 797 1893 1140 1960; x_wconf 84' lang='lat' dir='ltr'><strong>statueret,</strong></span> <span class='ocrx_word' id='word_1_153' title='bbox 1197 1881 1263 1950; x_wconf 90' lang='lat' dir='ltr'><strong>id</strong></span> <span class='ocrx_word' id='word_1_154' title='bbox 1315 1896 1537 1952; x_wconf 89' lang='lat' dir='ltr'><strong>ratum</strong></span> <span class='ocrx_word' id='word_1_155' title='bbox 1594 1884 1980 1952; x_wconf 87' lang='lat' dir='ltr'><strong>baberetur.</strong></span> <span class='ocrx_word' id='word_1_156' title='bbox 2041 1888 2112 1950; x_wconf 85' lang='lat' dir='ltr'><strong>Et</strong></span> <span class='ocrx_word' id='word_1_157' title='bbox 2156 1884 2253 1951; x_wconf 86' lang='lat' dir='ltr'><strong>sic</strong></span> <span class='ocrx_word' id='word_1_158' title='bbox 2304 1882 2560 1950; x_wconf 89' lang='lat' dir='ltr'><strong>sactum</strong></span> <span class='ocrx_word' id='word_1_159' title='bbox 2614 1895 2743 1952; x_wconf 92' lang='lat' dir='ltr'><strong>est.</strong></span> 
     </span>
     <span class='ocr_line' id='line_1_19' title="bbox 215 1970 2748 2062; baseline -0 -23"><span class='ocrx_word' id='word_1_160' title='bbox 215 1971 495 2039; x_wconf 85' lang='lat' dir='ltr'><strong>Interim</strong></span> <span class='ocrx_word' id='word_1_161' title='bbox 549 1992 702 2039; x_wconf 89' lang='lat' dir='ltr'><strong>vero</strong></span> <span class='ocrx_word' id='word_1_162' title='bbox 749 1992 1001 2060; x_wconf 89' lang='lat' dir='ltr'><strong>corpus</strong></span> <span class='ocrx_word' id='word_1_163' title='bbox 1055 1971 1495 2041; x_wconf 87' lang='lat' dir='ltr'><strong>inhumatum</strong></span> <span class='ocrx_word' id='word_1_164' title='bbox 1516 1972 1817 2062; x_wconf 88' lang='lat' dir='ltr'><strong>jacebat,</strong></span> <span class='ocrx_word' id='word_1_165' title='bbox 1862 1972 2095 2057; x_wconf 89' lang='lat' dir='ltr'><strong>sicque</strong></span> <span class='ocrx_word' id='word_1_166' title='bbox 2146 1971 2231 2038; x_wconf 88' lang='lat' dir='ltr'><strong>de</strong></span> <span class='ocrx_word' id='word_1_167' title='bbox 2280 1971 2389 2039; x_wconf 89' lang='lat' dir='ltr'><strong>die</strong></span> <span class='ocrx_word' id='word_1_168' title='bbox 2441 1971 2509 2038; x_wconf 91' lang='lat' dir='ltr'><strong>in</strong></span> <span class='ocrx_word' id='word_1_169' title='bbox 2561 1970 2748 2038; x_wconf 88' lang='lat' dir='ltr'><strong>diem</strong></span> 
     </span>
     <span class='ocr_line' id='line_1_20' title="bbox 213 2059 2749 2158; baseline 0 -30"><span class='ocrx_word' id='word_1_170' title='bbox 213 2080 335 2147; x_wconf 89' lang='lat' dir='ltr'><strong>per</strong></span> <span class='ocrx_word' id='word_1_171' title='bbox 376 2059 654 2158; x_wconf 85' lang='lat' dir='ltr'><strong>singula</strong></span> <span class='ocrx_word' id='word_1_172' title='bbox 706 2062 1117 2144; x_wconf 79' lang='lat' dir='ltr'><strong>monasteria</strong></span> <span class='ocrx_word' id='word_1_173' title='bbox 1165 2060 1457 2130; x_wconf 88' lang='lat' dir='ltr'><strong>civitatis</strong></span> <span class='ocrx_word' id='word_1_174' title='bbox 1506 2060 1990 2130; x_wconf 81' lang='lat' dir='ltr'><strong>circumlatum</strong></span> <span class='ocrx_word' id='word_1_175' title='bbox 2044 2073 2166 2138; x_wconf 82' lang='lat' dir='ltr'><strong>est,</strong></span> <span class='ocrx_word' id='word_1_176' title='bbox 2208 2075 2271 2129; x_wconf 87' lang='lat' dir='ltr'><strong>et</strong></span> <span class='ocrx_word' id='word_1_177' title='bbox 2322 2061 2389 2128; x_wconf 92' lang='lat' dir='ltr'><strong>in</strong></span> <span class='ocrx_word' id='word_1_178' title='bbox 2437 2081 2749 2145; x_wconf 86' lang='lat' dir='ltr'><strong>unoquo-</strong></span> 
     </span>
     <span class='ocr_line' id='line_1_21' title="bbox 210 2148 2752 2237; baseline 0 -22"><span class='ocrx_word' id='word_1_179' title='bbox 210 2169 345 2233; x_wconf 89' lang='lat' dir='ltr'><strong>que</strong></span> <span class='ocrx_word' id='word_1_180' title='bbox 396 2148 689 2237; x_wconf 87' lang='lat' dir='ltr'><strong>vigiliae‚</strong></span> <span class='ocrx_word' id='word_1_181' title='bbox 747 2161 810 2216; x_wconf 91' lang='lat' dir='ltr'><strong>et</strong></span> <span class='ocrx_word' id='word_1_182' title='bbox 856 2170 935 2217; x_wconf 87' lang='lat' dir='ltr'><strong>ea</strong></span> <span class='ocrx_word' id='word_1_183' title='bbox 994 2171 1167 2234; x_wconf 87' lang='lat' dir='ltr'><strong>quae</strong></span> <span class='ocrx_word' id='word_1_184' title='bbox 1209 2148 1531 2220; x_wconf 84' lang='lat' dir='ltr'><strong>fidelibus</strong></span> <span class='ocrx_word' id='word_1_185' title='bbox 1579 2150 1922 2218; x_wconf 81' lang='lat' dir='ltr'><strong>defunctis</strong></span> <span class='ocrx_word' id='word_1_186' title='bbox 1977 2149 2338 2228; x_wconf 91' lang='lat' dir='ltr'><strong>debentur,</strong></span> <span class='ocrx_word' id='word_1_187' title='bbox 2386 2149 2752 2236; x_wconf 85' lang='lat' dir='ltr'><strong>diligenter</strong></span> 
     </span>
     <span class='ocr_line' id='line_1_22' title="bbox 212 2235 2743 2324; baseline 0 -19"><span class='ocrx_word' id='word_1_188' title='bbox 212 2250 376 2305; x_wconf 89' lang='lat' dir='ltr'><strong>sunt</strong></span> <span class='ocrx_word' id='word_1_189' title='bbox 428 2237 789 2316; x_wconf 90' lang='lat' dir='ltr'><strong>celebrata,</strong></span> <span class='ocrx_word' id='word_1_190' title='bbox 831 2235 1047 2306; x_wconf 89' lang='lat' dir='ltr'><strong>donec</strong></span> <span class='ocrx_word' id='word_1_191' title='bbox 1094 2237 1205 2306; x_wconf 89' lang='lat' dir='ltr'><strong>die</strong></span> <span class='ocrx_word' id='word_1_192' title='bbox 1253 2251 1490 2309; x_wconf 89' lang='lat' dir='ltr'><strong>octavo</strong></span> <span class='ocrx_word' id='word_1_193' title='bbox 1529 2240 1780 2308; x_wconf 88' lang='lat' dir='ltr'><strong>reversi</strong></span> <span class='ocrx_word' id='word_1_194' title='bbox 1836 2252 1996 2308; x_wconf 89' lang='lat' dir='ltr'><strong>sunt</strong></span> <span class='ocrx_word' id='word_1_195' title='bbox 2035 2239 2151 2324; x_wconf 93' lang='lat' dir='ltr'><strong>qui</strong></span> <span class='ocrx_word' id='word_1_196' title='bbox 2207 2239 2397 2306; x_wconf 85' lang='lat' dir='ltr'><strong>inissi</strong></span> <span class='ocrx_word' id='word_1_197' title='bbox 2451 2236 2743 2306; x_wconf 83' lang='lat' dir='ltr'><strong>fuerant.</strong></span> 
     </span>
     <span class='ocr_line' id='line_1_23' title="bbox 212 2325 2751 2417; baseline 0.002 -26"><span class='ocrx_word' id='word_1_198' title='bbox 212 2330 385 2394; x_wconf 85' lang='lat' dir='ltr'><strong>Tum</strong></span> <span class='ocrx_word' id='word_1_199' title='bbox 438 2347 591 2395; x_wconf 90' lang='lat' dir='ltr'><strong>vero</strong></span> <span class='ocrx_word' id='word_1_200' title='bbox 640 2327 848 2413; x_wconf 86' lang='lat' dir='ltr'><strong>jussu</strong></span> <span class='ocrx_word' id='word_1_201' title='bbox 904 2328 1338 2414; x_wconf 83' lang='lat' dir='ltr'><strong>imperatoris</strong></span> <span class='ocrx_word' id='word_1_202' title='bbox 1396 2328 1581 2417; x_wconf 90' lang='lat' dir='ltr'><strong>apud</strong></span> <span class='ocrx_word' id='word_1_203' title='bbox 1635 2325 1873 2395; x_wconf 85' lang='lat' dir='ltr'><strong>fratres</strong></span> <span class='ocrx_word' id='word_1_204' title='bbox 1926 2327 1991 2394; x_wconf 94' lang='lat' dir='ltr'><strong>in</strong></span> <span class='ocrx_word' id='word_1_205' title='bbox 2052 2327 2342 2395; x_wconf 87' lang='lat' dir='ltr'><strong>ecclesia</strong></span> <span class='ocrx_word' id='word_1_206' title='bbox 2398 2331 2463 2393; x_wconf 87' lang='lat' dir='ltr'><strong>B.</strong></span> <span class='ocrx_word' id='word_1_207' title='bbox 2504 2327 2751 2395; x_wconf 84' lang='lat' dir='ltr'><strong>Mariae</strong></span> 
     </span>
     <span class='ocr_line' id='line_1_24' title="bbox 210 2414 2747 2508; baseline 0 -28"><span class='ocrx_word' id='word_1_208' title='bbox 210 2435 468 2503; x_wconf 89' lang='lat' dir='ltr'><strong>corpus</strong></span> <span class='ocrx_word' id='word_1_209' title='bbox 500 2414 624 2482; x_wconf 89' lang='lat' dir='ltr'><strong>viri</strong></span> <span class='ocrx_word' id='word_1_210' title='bbox 670 2415 781 2482; x_wconf 91' lang='lat' dir='ltr'><strong>Dei</strong></span> <span class='ocrx_word' id='word_1_211' title='bbox 817 2416 1163 2506; x_wconf 90' lang='lat' dir='ltr'><strong>sepultum</strong></span> <span class='ocrx_word' id='word_1_212' title='bbox 1192 2429 1315 2485; x_wconf 87' lang='lat' dir='ltr'><strong>est.</strong></span> <span class='ocrx_word' id='word_1_213' title='bbox 1357 2416 1505 2508; x_wconf 72' lang='lat' dir='ltr'><strong>Fuit</strong></span> <span class='ocrx_word' id='word_1_214' title='bbox 1537 2429 1763 2485; x_wconf 90' lang='lat' dir='ltr'><strong>autem</strong></span> <span class='ocrx_word' id='word_1_215' title='bbox 1798 2417 1923 2482; x_wconf 90' lang='lat' dir='ltr'><strong>hoc</strong></span> <span class='ocrx_word' id='word_1_216' title='bbox 1958 2415 2415 2484; x_wconf 88' lang='lat' dir='ltr'><strong>admiratione</strong></span> <span class='ocrx_word' id='word_1_217' title='bbox 2455 2416 2747 2505; x_wconf 90' lang='lat' dir='ltr'><strong>dignum</strong></span> 
     </span>
     <span class='ocr_line' id='line_1_25' title="bbox 210 2504 2748 2591; baseline 0 -20"><span class='ocrx_word' id='word_1_218' title='bbox 210 2516 274 2571; x_wconf 91' lang='lat' dir='ltr'><strong>et</strong></span> <span class='ocrx_word' id='word_1_219' title='bbox 325 2504 686 2573; x_wconf 87' lang='lat' dir='ltr'><strong>tacendum</strong></span> <span class='ocrx_word' id='word_1_220' title='bbox 741 2526 874 2572; x_wconf 91' lang='lat' dir='ltr'><strong>non</strong></span> <span class='ocrx_word' id='word_1_221' title='bbox 926 2518 1048 2583; x_wconf 90' lang='lat' dir='ltr'><strong>est,</strong></span> <span class='ocrx_word' id='word_1_222' title='bbox 1088 2506 1270 2591; x_wconf 91' lang='lat' dir='ltr'><strong>quod</strong></span> <span class='ocrx_word' id='word_1_223' title='bbox 1312 2528 1474 2575; x_wconf 90' lang='lat' dir='ltr'><strong>cum</strong></span> <span class='ocrx_word' id='word_1_224' title='bbox 1522 2519 1699 2575; x_wconf 90' lang='lat' dir='ltr'><strong>esset</strong></span> <span class='ocrx_word' id='word_1_225' title='bbox 1730 2518 1950 2574; x_wconf 89' lang='lat' dir='ltr'><strong>aestas</strong></span> <span class='ocrx_word' id='word_1_226' title='bbox 1985 2505 2224 2583; x_wconf 88' lang='lat' dir='ltr'><strong>nimia,</strong></span> <span class='ocrx_word' id='word_1_227' title='bbox 2265 2506 2353 2573; x_wconf 89' lang='lat' dir='ltr'><strong>ita</strong></span> <span class='ocrx_word' id='word_1_228' title='bbox 2394 2518 2470 2573; x_wconf 91' lang='lat' dir='ltr'><strong>ut</strong></span> <span class='ocrx_word' id='word_1_229' title='bbox 2509 2504 2748 2573; x_wconf 90' lang='lat' dir='ltr'><strong>eodem</strong></span> 
     </span>
     <span class='ocr_line' id='line_1_26' title="bbox 210 2591 2750 2685; baseline 0 -25"><span class='ocrx_word' id='word_1_230' title='bbox 210 2614 395 2661; x_wconf 88' lang='lat' dir='ltr'><strong>anno</strong></span> <span class='ocrx_word' id='word_1_231' title='bbox 438 2592 708 2663; x_wconf 89' lang='lat' dir='ltr'><strong>nullum</strong></span> <span class='ocrx_word' id='word_1_232' title='bbox 762 2591 1038 2664; x_wconf 82' lang='lat' dir='ltr'><strong>foenum</strong></span> <span class='ocrx_word' id='word_1_233' title='bbox 1090 2595 1157 2661; x_wconf 90' lang='lat' dir='ltr'><strong>in</strong></span> <span class='ocrx_word' id='word_1_234' title='bbox 1211 2594 1425 2685; x_wconf 91' lang='lat' dir='ltr'><strong>pratis</strong></span> <span class='ocrx_word' id='word_1_235' title='bbox 1526 2616 1638 2663; x_wconf 90' lang='lat' dir='ltr'><strong>rae</strong></span> <span class='ocrx_word' id='word_1_236' title='bbox 1677 2594 1891 2661; x_wconf 90' lang='lat' dir='ltr'><strong>nimia</strong></span> <span class='ocrx_word' id='word_1_237' title='bbox 1923 2594 2226 2663; x_wconf 88' lang='lat' dir='ltr'><strong>siccitate</strong></span> <span class='ocrx_word' id='word_1_238' title='bbox 2260 2606 2628 2669; x_wconf 85' lang='lat' dir='ltr'><strong>secaretur,</strong></span> <span class='ocrx_word' id='word_1_239' title='bbox 2666 2593 2750 2660; x_wconf 92' lang='lat' dir='ltr'><strong>de</strong></span> 
     </span>
     <span class='ocr_line' id='line_1_27' title="bbox 211 2681 2750 2772; baseline 0 -23"><span class='ocrx_word' id='word_1_240' title='bbox 211 2703 498 2771; x_wconf 90' lang='lat' dir='ltr'><strong>corpore</strong></span> <span class='ocrx_word' id='word_1_241' title='bbox 545 2681 696 2768; x_wconf 89' lang='lat' dir='ltr'><strong>ejus</strong></span> <span class='ocrx_word' id='word_1_242' title='bbox 740 2704 858 2769; x_wconf 88' lang='lat' dir='ltr'><strong>per</strong></span> <span class='ocrx_word' id='word_1_243' title='bbox 908 2694 1001 2751; x_wconf 91' lang='lat' dir='ltr'><strong>tot</strong></span> <span class='ocrx_word' id='word_1_244' title='bbox 1045 2682 1193 2752; x_wconf 91' lang='lat' dir='ltr'><strong>dies</strong></span> <span class='ocrx_word' id='word_1_245' title='bbox 1244 2683 1414 2751; x_wconf 88' lang='lat' dir='ltr'><strong>nihil</strong></span> <span class='ocrx_word' id='word_1_246' title='bbox 1493 2684 1703 2751; x_wconf 90' lang='lat' dir='ltr'><strong>oetori</strong></span> <span class='ocrx_word' id='word_1_247' title='bbox 1754 2683 2016 2772; x_wconf 90' lang='lat' dir='ltr'><strong>percipi</strong></span> <span class='ocrx_word' id='word_1_248' title='bbox 2068 2682 2307 2772; x_wconf 90' lang='lat' dir='ltr'><strong>potuit.</strong></span> <span class='ocrx_word' id='word_1_249' title='bbox 2356 2682 2541 2750; x_wconf 87' lang='lat' dir='ltr'><strong>Unde</strong></span> <span class='ocrx_word' id='word_1_250' title='bbox 2597 2681 2750 2750; x_wconf 90' lang='lat' dir='ltr'><strong>licet</strong></span> 
     </span>
     <span class='ocr_line' id='line_1_28' title="bbox 213 2770 2748 2861; baseline 0.001 -24"><span class='ocrx_word' id='word_1_251' title='bbox 213 2770 531 2859; x_wconf 81' lang='lat' dir='ltr'><strong>intelligi,</strong></span> <span class='ocrx_word' id='word_1_252' title='bbox 595 2770 777 2856; x_wconf 90' lang='lat' dir='ltr'><strong>quod</strong></span> <span class='ocrx_word' id='word_1_253' title='bbox 825 2771 1257 2841; x_wconf 90' lang='lat' dir='ltr'><strong>mundaverit</strong></span> <span class='ocrx_word' id='word_1_254' title='bbox 1315 2793 1470 2840; x_wconf 92' lang='lat' dir='ltr'><strong>eum</strong></span> <span class='ocrx_word' id='word_1_255' title='bbox 1524 2771 1743 2861; x_wconf 89' lang='lat' dir='ltr'><strong>gratia</strong></span> <span class='ocrx_word' id='word_1_256' title='bbox 1794 2771 2376 2860; x_wconf 87' lang='lat' dir='ltr'><strong>superabundans</strong></span> <span class='ocrx_word' id='word_1_257' title='bbox 2426 2793 2465 2838; x_wconf 88' lang='lat' dir='ltr'><strong>a</strong></span> <span class='ocrx_word' id='word_1_258' title='bbox 2513 2792 2748 2839; x_wconf 89' lang='lat' dir='ltr'><strong>corru-</strong></span> 
     </span>
     <span class='ocr_line' id='line_1_29' title="bbox 213 2859 2742 2949; baseline 0 -22"><span class='ocrx_word' id='word_1_259' title='bbox 213 2859 444 2947; x_wconf 88' lang='lat' dir='ltr'><strong>ptione</strong></span> <span class='ocrx_word' id='word_1_260' title='bbox 494 2860 743 2927; x_wconf 87' lang='lat' dir='ltr'><strong>meritis</strong></span> <span class='ocrx_word' id='word_1_261' title='bbox 811 2881 986 2946; x_wconf 89' lang='lat' dir='ltr'><strong>quae</strong></span> <span class='ocrx_word' id='word_1_262' title='bbox 1049 2861 1475 2930; x_wconf 88' lang='lat' dir='ltr'><strong>conservavit</strong></span> <span class='ocrx_word' id='word_1_263' title='bbox 1523 2882 1777 2949; x_wconf 89' lang='lat' dir='ltr'><strong>corpus</strong></span> <span class='ocrx_word' id='word_1_264' title='bbox 1824 2860 1977 2946; x_wconf 87' lang='lat' dir='ltr'><strong>ejus</strong></span> <span class='ocrx_word' id='word_1_265' title='bbox 2036 2882 2119 2927; x_wconf 89' lang='lat' dir='ltr'><strong>ne</strong></span> <span class='ocrx_word' id='word_1_266' title='bbox 2160 2872 2742 2949; x_wconf 86' lang='lat' dir='ltr'><strong>corrumperetur.</strong></span> 
     </span>
     <span class='ocr_line' id='line_1_30' title="bbox 213 2948 2748 3034; baseline 0.002 -20"><span class='ocrx_word' id='word_1_267' title='bbox 213 2948 537 3030; x_wconf 85' lang='lat' dir='ltr'><strong>Sepultus</strong></span> <span class='ocrx_word' id='word_1_268' title='bbox 569 2948 795 3034; x_wconf 88' lang='lat' dir='ltr'><strong>itaque</strong></span> <span class='ocrx_word' id='word_1_269' title='bbox 844 2961 999 3017; x_wconf 90' lang='lat' dir='ltr'><strong>ante</strong></span> <span class='ocrx_word' id='word_1_270' title='bbox 1049 2948 1261 3019; x_wconf 88' lang='lat' dir='ltr'><strong>altare</strong></span> <span class='ocrx_word' id='word_1_271' title='bbox 1310 2961 1587 3018; x_wconf 89' lang='lat' dir='ltr'><strong>sanctae</strong></span> <span class='ocrx_word' id='word_1_272' title='bbox 1635 2949 1895 3028; x_wconf 80' lang='lat' dir='ltr'><strong>CruciS,</strong></span> <span class='ocrx_word' id='word_1_273' title='bbox 1944 2949 2011 3016; x_wconf 92' lang='lat' dir='ltr'><strong>in</strong></span> <span class='ocrx_word' id='word_1_274' title='bbox 2059 2949 2282 3018; x_wconf 90' lang='lat' dir='ltr'><strong>medio</strong></span> <span class='ocrx_word' id='word_1_275' title='bbox 2335 2950 2748 3018; x_wconf 90' lang='lat' dir='ltr'><strong>monasterio</strong></span> 
     </span>
     <span class='ocr_line' id='line_1_31' title="bbox 211 3034 2747 3127; baseline 0.002 -25"><span class='ocrx_word' id='word_1_276' title='bbox 211 3034 339 3105; x_wconf 83' lang='lat' dir='ltr'><strong>fuit</strong></span> <span class='ocrx_word' id='word_1_277' title='bbox 376 3058 497 3127; x_wconf 88' lang='lat' dir='ltr'><strong>per</strong></span> <span class='ocrx_word' id='word_1_278' title='bbox 543 3036 803 3123; x_wconf 89' lang='lat' dir='ltr'><strong>aliquot</strong></span> <span class='ocrx_word' id='word_1_279' title='bbox 852 3059 1093 3108; x_wconf 88' lang='lat' dir='ltr'><strong>annos.</strong></span> <span class='ocrx_word' id='word_1_280' title='bbox 1163 3037 1287 3107; x_wconf 91' lang='lat' dir='ltr'><strong>Sed</strong></span> <span class='ocrx_word' id='word_1_281' title='bbox 1330 3038 1491 3107; x_wconf 90' lang='lat' dir='ltr'><strong>boni</strong></span> <span class='ocrx_word' id='word_1_282' title='bbox 1542 3037 1693 3115; x_wconf 81' lang='lat' dir='ltr'><strong>filii,</strong></span> <span class='ocrx_word' id='word_1_283' title='bbox 1753 3038 1872 3124; x_wconf 91' lang='lat' dir='ltr'><strong>qui</strong></span> <span class='ocrx_word' id='word_1_284' title='bbox 1926 3059 2262 3108; x_wconf 89' lang='lat' dir='ltr'><strong>memores</strong></span> <span class='ocrx_word' id='word_1_285' title='bbox 2304 3038 2457 3107; x_wconf 90' lang='lat' dir='ltr'><strong>beni</strong></span> <span class='ocrx_word' id='word_1_286' title='bbox 2516 3038 2747 3107; x_wconf 88' lang='lat' dir='ltr'><strong>nitatis</strong></span> 
     </span>
     <span class='ocr_line' id='line_1_32' title="bbox 211 3125 2747 3225; baseline 0.001 -33"><span class='ocrx_word' id='word_1_287' title='bbox 211 3146 414 3210; x_wconf 89' lang='lat' dir='ltr'><strong>quam</strong></span> <span class='ocrx_word' id='word_1_288' title='bbox 461 3125 632 3225; x_wconf 90' lang='lat' dir='ltr'><strong>ipsis</strong></span> <span class='ocrx_word' id='word_1_289' title='bbox 674 3126 1099 3205; x_wconf 81' lang='lat' dir='ltr'><strong>exhibuerat,</strong></span> <span class='ocrx_word' id='word_1_290' title='bbox 1139 3149 1297 3196; x_wconf 88' lang='lat' dir='ltr'><strong>eum</strong></span> <span class='ocrx_word' id='word_1_291' title='bbox 1350 3129 1578 3196; x_wconf 80' lang='lat' dir='ltr'><strong>tenere</strong></span> <span class='ocrx_word' id='word_1_292' title='bbox 1610 3125 2015 3216; x_wconf 89' lang='lat' dir='ltr'><strong>diligebant,</strong></span> <span class='ocrx_word' id='word_1_293' title='bbox 2070 3140 2145 3195; x_wconf 91' lang='lat' dir='ltr'><strong>ut</strong></span> <span class='ocrx_word' id='word_1_294' title='bbox 2193 3128 2343 3196; x_wconf 87' lang='lat' dir='ltr'><strong>sine</strong></span> <span class='ocrx_word' id='word_1_295' title='bbox 2402 3128 2490 3196; x_wconf 94' lang='lat' dir='ltr'><strong>ob</strong></span> <span class='ocrx_word' id='word_1_296' title='bbox 2523 3127 2747 3195; x_wconf 88' lang='lat' dir='ltr'><strong>ivionc</strong></span> 
     </span>
     <span class='ocr_line' id='line_1_33' title="bbox 213 3214 2745 3307; baseline 0.002 -27"><span class='ocrx_word' id='word_1_297' title='bbox 213 3233 586 3283; x_wconf 78' lang='lat' dir='ltr'><strong>memoriae</strong></span> <span class='ocrx_word' id='word_1_298' title='bbox 632 3214 943 3303; x_wconf 86' lang='lat' dir='ltr'><strong>ipsorum</strong></span> <span class='ocrx_word' id='word_1_299' title='bbox 995 3215 1433 3307; x_wconf 86' lang='lat' dir='ltr'><strong>affigeretur,</strong></span> <span class='ocrx_word' id='word_1_300' title='bbox 1502 3228 1660 3285; x_wconf 91' lang='lat' dir='ltr'><strong>ante</strong></span> <span class='ocrx_word' id='word_1_301' title='bbox 1724 3215 1963 3285; x_wconf 89' lang='lat' dir='ltr'><strong>oculos</strong></span> <span class='ocrx_word' id='word_1_302' title='bbox 2030 3238 2192 3285; x_wconf 92' lang='lat' dir='ltr'><strong>suos</strong></span> <span class='ocrx_word' id='word_1_303' title='bbox 2244 3217 2309 3284; x_wconf 94' lang='lat' dir='ltr'><strong>in</strong></span> <span class='ocrx_word' id='word_1_304' title='bbox 2363 3216 2745 3285; x_wconf 88' lang='lat' dir='ltr'><strong>claustrum</strong></span> 
     </span>
     <span class='ocr_line' id='line_1_34' title="bbox 214 3302 2748 3405; baseline 0.002 -38"><span class='ocrx_word' id='word_1_305' title='bbox 214 3321 369 3371; x_wconf 90' lang='lat' dir='ltr'><strong>eum</strong></span> <span class='ocrx_word' id='word_1_306' title='bbox 424 3302 946 3384; x_wconf 88' lang='lat' dir='ltr'><strong>transtulerunt,</strong></span> <span class='ocrx_word' id='word_1_307' title='bbox 989 3305 1110 3374; x_wconf 91' lang='lat' dir='ltr'><strong>ubi</strong></span> <span class='ocrx_word' id='word_1_308' title='bbox 1161 3306 1228 3373; x_wconf 87' lang='lat' dir='ltr'><strong>in</strong></span> <span class='ocrx_word' id='word_1_309' title='bbox 1283 3304 1575 3384; x_wconf 85' lang='lat' dir='ltr'><strong>tumu10,</strong></span> <span class='ocrx_word' id='word_1_310' title='bbox 1638 3302 2005 3405; x_wconf 80' lang='lat' dir='ltr'><strong>diligenter</strong></span> <span class='ocrx_word' id='word_1_311' title='bbox 2056 3327 2176 3405; x_wconf 78' lang='lat' dir='ltr'><strong>pro</strong></span> <span class='ocrx_word' id='word_1_312' title='bbox 2239 3305 2368 3373; x_wconf 82' lang='lat' dir='ltr'><strong>loci</strong></span> <span class='ocrx_word' id='word_1_313' title='bbox 2422 3317 2748 3395; x_wconf 90' lang='lat' dir='ltr'><strong>opportu—</strong></span> 
     </span>
    </p>
   </div>
   <div class='ocr_carea' id='block_1_3' title="bbox 215 3390 2803 3571">
    <p class='ocr_par' dir='ltr' id='par_1_4' title="bbox 215 3390 2803 3571">
     <span class='ocr_line' id='line_1_35' title="bbox 215 3390 2803 3549; baseline 0.002 -91"><span class='ocrx_word' id='word_1_314' title='bbox 215 3391 422 3459; x_wconf 86' lang='lat' dir='ltr'><strong>nitate</strong></span> <span class='ocrx_word' id='word_1_315' title='bbox 471 3390 799 3491; x_wconf 74' lang='lat' dir='ltr'><strong>adornato</strong></span> <span class='ocrx_word' id='word_1_316' title='bbox 843 3392 989 3549; x_wconf 35' lang='lat' dir='ltr'><strong>qi),-</strong></span> <span class='ocrx_word' id='word_1_317' title='bbox 1026 3393 1207 3462; x_wconf 90' lang='lat' dir='ltr'><strong>diem</strong></span> <span class='ocrx_word' id='word_1_318' title='bbox 1258 3405 1565 3483; x_wconf 85' lang='lat' dir='ltr'><strong>expectat</strong></span> <span class='ocrx_word' id='word_1_319' title='bbox 1612 3415 2065 3463; x_wconf 89' lang='lat' dir='ltr'><strong>novissimum</strong></span> <span class='ocrx_word' id='word_1_320' title='bbox 2119 3416 2186 3461; x_wconf 89' lang='lat' dir='ltr'><strong>in</strong></span> <span class='ocrx_word' id='word_1_321' title='bbox 2238 3416 2360 3484; x_wconf 87' lang='lat' dir='ltr'><strong>spe</strong></span> <span class='ocrx_word' id='word_1_322' title='bbox 2407 3404 2591 3463; x_wconf 87' lang='lat' dir='ltr'><strong>certa</strong></span> <span class='ocrx_word' id='word_1_323' title='bbox 2641 3415 2745 3463; x_wconf 88' lang='lat' dir='ltr'><strong>re·</strong></span> <span class='ocrx_word' id='word_1_324' title='bbox 2796 3480 2803 3485; x_wconf 37' lang='grc'><strong>,</strong></span> 
     </span>
     <span class='ocr_line' id='line_1_36' title="bbox 216 3492 1096 3571; baseline 0.005 -25"><span class='ocrx_word' id='word_1_325' title='bbox 216 3492 659 3549; x_wconf 78' lang='lat' dir='ltr'><strong>surrectionis</strong></span> <span class='ocrx_word' id='word_1_326' title='bbox 707 3493 771 3549; x_wconf 90' lang='lat' dir='ltr'><strong>et</strong></span> <span class='ocrx_word' id='word_1_327' title='bbox 817 3505 862 3571; x_wconf 90' lang='lat' dir='ltr'><strong>g</strong></span> <span class='ocrx_word' id='word_1_328' title='bbox 891 3503 1096 3550; x_wconf 88' lang='lat' dir='ltr'><strong>oriae.</strong></span> 
     </span>
    </p>
   </div>
   <div class='ocr_carea' id='block_1_4' title="bbox 206 3621 2745 3999">
    <p class='ocr_par' dir='ltr' id='par_1_5' title="bbox 206 3621 2745 3999">
     <span class='ocr_line' id='line_1_37' title="bbox 257 3621 2745 3675; baseline 0.002 -13"><span class='ocrx_word' id='word_1_329' title='bbox 257 3621 324 3674; x_wconf 73' lang='lat' dir='ltr'><strong>(a)</strong></span> <span class='ocrx_word' id='word_1_330' title='bbox 347 3624 464 3663; x_wconf 84' lang='lat' dir='ltr'><strong>cum</strong></span> <span class='ocrx_word' id='word_1_331' title='bbox 480 3624 930 3675; x_wconf 68' lang='lat' dir='ltr'><strong>magdeburgensem</strong></span> <span class='ocrx_word' id='word_1_332' title='bbox 945 3624 1198 3671; x_wconf 72' lang='lat' dir='ltr'><strong>civitatem,</strong></span> <span class='ocrx_word' id='word_1_333' title='bbox 1213 3627 1478 3666; x_wconf 69' lang='lat' dir='ltr'><strong>miserendo</strong></span> <span class='ocrx_word' id='word_1_334' title='bbox 1496 3628 1683 3672; x_wconf 83' lang='lat' dir='ltr'><strong>eventu,</strong></span> <span class='ocrx_word' id='word_1_335' title='bbox 1698 3627 2011 3667; x_wconf 70' lang='lat' dir='ltr'><strong>Lutherenice</strong></span> <span class='ocrx_word' id='word_1_336' title='bbox 2023 3628 2234 3667; x_wconf 74' lang='lat' dir='ltr'><strong>haeresis</strong></span> <span class='ocrx_word' id='word_1_337' title='bbox 2255 3628 2440 3667; x_wconf 71' lang='lat' dir='ltr'><strong>lubente</strong></span> <span class='ocrx_word' id='word_1_338' title='bbox 2460 3636 2541 3666; x_wconf 80' lang='lat' dir='ltr'><strong>xvi</strong></span> <span class='ocrx_word' id='word_1_339' title='bbox 2558 3626 2745 3666; x_wconf 74' lang='lat' dir='ltr'><strong>saeculo</strong></span> 
     </span>
     <span class='ocr_line' id='line_1_38' title="bbox 208 3678 2744 3730; baseline 0.001 -13"><span class='ocrx_word' id='word_1_340' title='bbox 208 3678 500 3727; x_wconf 68' lang='lat' dir='ltr'><strong>occupasset.</strong></span> <span class='ocrx_word' id='word_1_341' title='bbox 527 3680 582 3717; x_wconf 84' lang='lat' dir='ltr'><strong>ut</strong></span> <span class='ocrx_word' id='word_1_342' title='bbox 609 3678 815 3726; x_wconf 71' lang='lat' dir='ltr'><strong>pretiosa</strong></span> <span class='ocrx_word' id='word_1_343' title='bbox 844 3681 886 3719; x_wconf 84' lang='grc' dir='ltr'><strong>Β.</strong></span> <span class='ocrx_word' id='word_1_344' title='bbox 917 3679 1136 3720; x_wconf 78' lang='lat' dir='ltr'><strong>Norberti</strong></span> <span class='ocrx_word' id='word_1_345' title='bbox 1164 3680 1542 3729; x_wconf 67' lang='lat' dir='ltr'><strong>assumptorum</strong></span> <span class='ocrx_word' id='word_1_346' title='bbox 1563 3680 1776 3720; x_wconf 69' lang='lat' dir='ltr'><strong>menibus</strong></span> <span class='ocrx_word' id='word_1_347' title='bbox 1799 3681 2189 3730; x_wconf 72' lang='lat' dir='ltr'><strong>subducerentur,</strong></span> <span class='ocrx_word' id='word_1_348' title='bbox 2212 3678 2434 3721; x_wconf 72' lang='lat' dir='ltr'><strong>adhibitis</strong></span> <span class='ocrx_word' id='word_1_349' title='bbox 2455 3691 2482 3718; x_wconf 70' lang='lat' dir='ltr'><strong>a</strong></span> <span class='ocrx_word' id='word_1_350' title='bbox 2501 3681 2744 3720; x_wconf 68' lang='lat' dir='ltr'><strong>Praemon-</strong></span> 
     </span>
     <span class='ocr_line' id='line_1_39' title="bbox 209 3730 2742 3783; baseline 0.001 -12"><span class='ocrx_word' id='word_1_351' title='bbox 209 3732 517 3771; x_wconf 64' lang='lat' dir='ltr'><strong>sti-:tensium</strong></span> <span class='ocrx_word' id='word_1_352' title='bbox 545 3732 722 3773; x_wconf 71' lang='lat' dir='ltr'><strong>Abbate</strong></span> <span class='ocrx_word' id='word_1_353' title='bbox 751 3733 874 3782; x_wconf 73' lang='lat' dir='ltr'><strong>apud</strong></span> <span class='ocrx_word' id='word_1_354' title='bbox 902 3734 1017 3782; x_wconf 87' lang='lat' dir='ltr'><strong>Imp.</strong></span> <span class='ocrx_word' id='word_1_355' title='bbox 1046 3734 1392 3774; x_wconf 74' lang='lat' dir='ltr'><strong>Perdimndnm</strong></span> <span class='ocrx_word' id='word_1_356' title='bbox 1421 3735 1466 3772; x_wconf 91' lang='lat'><strong>11</strong></span> <span class='ocrx_word' id='word_1_357' title='bbox 1497 3734 1676 3778; x_wconf 74' lang='lat' dir='ltr'><strong>officiis,</strong></span> <span class='ocrx_word' id='word_1_358' title='bbox 1705 3735 1819 3775; x_wconf 77' lang='lat' dir='ltr'><strong>sunt</strong></span> <span class='ocrx_word' id='word_1_359' title='bbox 1838 3744 1977 3783; x_wconf 71' lang='lat' dir='ltr'><strong>quam</strong></span> <span class='ocrx_word' id='word_1_360' title='bbox 1999 3735 2253 3775; x_wconf 77' lang='lat' dir='ltr'><strong>honorifice</strong></span> <span class='ocrx_word' id='word_1_361' title='bbox 2272 3735 2321 3774; x_wconf 89' lang='lat' dir='ltr'><strong>in</strong></span> <span class='ocrx_word' id='word_1_362' title='bbox 2340 3730 2617 3774; x_wconf 62' lang='lat' dir='ltr'><strong>catholicum</strong></span> <span class='ocrx_word' id='word_1_363' title='bbox 2637 3735 2742 3774; x_wconf 66' lang='lat' dir='ltr'><strong>Prt-</strong></span> 
     </span>
     <span class='ocr_line' id='line_1_40' title="bbox 209 3785 2745 3836; baseline 0.001 -12"><span class='ocrx_word' id='word_1_364' title='bbox 209 3795 311 3834; x_wconf 70' lang='lat' dir='ltr'><strong>gtm</strong></span> <span class='ocrx_word' id='word_1_365' title='bbox 337 3785 572 3824; x_wconf 65' lang='lat' dir='ltr'><strong>translata</strong></span> <span class='ocrx_word' id='word_1_366' title='bbox 599 3794 721 3825; x_wconf 66' lang='lat' dir='ltr'><strong>suno</strong></span> <span class='ocrx_word' id='word_1_367' title='bbox 753 3795 991 3836; x_wconf 71' lang='lat' dir='ltr'><strong>MDCxxVii,</strong></span> <span class='ocrx_word' id='word_1_368' title='bbox 1012 3788 1058 3827; x_wconf 87' lang='lat' dir='ltr'><strong>in</strong></span> <span class='ocrx_word' id='word_1_369' title='bbox 1080 3786 1357 3827; x_wconf 62' lang='lat' dir='ltr'><strong>abbatialem</strong></span> <span class='ocrx_word' id='word_1_370' title='bbox 1377 3786 1623 3828; x_wconf 63' lang='lat' dir='ltr'><strong>ecclesiam</strong></span> <span class='ocrx_word' id='word_1_371' title='bbox 1641 3789 1840 3834; x_wconf 65' lang='lat' dir='ltr'><strong>Str-ahos.</strong></span> <span class='ocrx_word' id='word_1_372' title='bbox 1869 3788 2120 3828; x_wconf 84' lang='lat' dir='ltr'><strong>Undecimo</strong></span> <span class='ocrx_word' id='word_1_373' title='bbox 2140 3790 2299 3828; x_wconf 73' lang='lat' dir='ltr'><strong>autem</strong></span> <span class='ocrx_word' id='word_1_374' title='bbox 2320 3788 2550 3828; x_wconf 79' lang='lat' dir='ltr'><strong>vertentis</strong></span> <span class='ocrx_word' id='word_1_375' title='bbox 2570 3788 2745 3827; x_wconf 71' lang='lat' dir='ltr'><strong>saeculi</strong></span> 
     </span>
     <span class='ocr_line' id='line_1_41' title="bbox 211 3836 2743 3891; baseline 0.001 -13"><span class='ocrx_word' id='word_1_376' title='bbox 211 3847 344 3882; x_wconf 65' lang='lat' dir='ltr'><strong>anno.</strong></span> <span class='ocrx_word' id='word_1_377' title='bbox 371 3848 480 3877; x_wconf 87' lang='lat' dir='ltr'><strong>cum</strong></span> <span class='ocrx_word' id='word_1_378' title='bbox 511 3839 554 3879; x_wconf 81' lang='lat' dir='ltr'><strong>S.</strong></span> <span class='ocrx_word' id='word_1_379' title='bbox 583 3836 879 3880; x_wconf 74' lang='lat' dir='ltr'><strong>Institutorie</strong></span> <span class='ocrx_word' id='word_1_380' title='bbox 907 3841 1145 3889; x_wconf 66' lang='lat' dir='ltr'><strong>peculiare</strong></span> <span class='ocrx_word' id='word_1_381' title='bbox 1173 3841 1414 3886; x_wconf 70' lang='lat' dir='ltr'><strong>secenum,</strong></span> <span class='ocrx_word' id='word_1_382' title='bbox 1443 3850 1502 3882; x_wconf 84' lang='lat' dir='ltr'><strong>ne</strong></span> <span class='ocrx_word' id='word_1_383' title='bbox 1531 3842 1836 3881; x_wconf 67' lang='lat' dir='ltr'><strong>instaurando</strong></span> <span class='ocrx_word' id='word_1_384' title='bbox 1864 3842 1913 3880; x_wconf 80' lang='lat' dir='ltr'><strong>in</strong></span> <span class='ocrx_word' id='word_1_385' title='bbox 1941 3842 2216 3890; x_wconf 65' lang='lat' dir='ltr'><strong>ampliorem</strong></span> <span class='ocrx_word' id='word_1_386' title='bbox 2237 3843 2284 3880; x_wconf 88' lang='lat' dir='ltr'><strong>et</strong></span> <span class='ocrx_word' id='word_1_387' title='bbox 2302 3842 2638 3891; x_wconf 68' lang='lat' dir='ltr'><strong>elegtntiorem</strong></span> <span class='ocrx_word' id='word_1_388' title='bbox 2656 3842 2743 3881; x_wconf 70' lang='lat' dir='ltr'><strong>tor-</strong></span> 
     </span>
     <span class='ocr_line' id='line_1_42' title="bbox 208 3890 2744 3945; baseline 0.001 -14"><span class='ocrx_word' id='word_1_389' title='bbox 208 3901 332 3931; x_wconf 66' lang='lat' dir='ltr'><strong>num</strong></span> <span class='ocrx_word' id='word_1_390' title='bbox 358 3891 538 3941; x_wconf 77' lang='lat' dir='ltr'><strong>templo</strong></span> <span class='ocrx_word' id='word_1_391' title='bbox 566 3892 791 3937; x_wconf 70' lang='lat' dir='ltr'><strong>obstaret,</strong></span> <span class='ocrx_word' id='word_1_392' title='bbox 819 3890 1150 3942; x_wconf 64' lang='lat' dir='ltr'><strong>&lt;injiciendum</strong></span> <span class='ocrx_word' id='word_1_393' title='bbox 1178 3897 1319 3941; x_wconf 72' lang='lat' dir='ltr'><strong>esset,</strong></span> <span class='ocrx_word' id='word_1_394' title='bbox 1349 3895 1399 3935; x_wconf 86' lang='lat' dir='ltr'><strong>in</strong></span> <span class='ocrx_word' id='word_1_395' title='bbox 1429 3894 1715 3944; x_wconf 63' lang='lat' dir='ltr'><strong>sarcophago</strong></span> <span class='ocrx_word' id='word_1_396' title='bbox 1744 3904 1849 3935; x_wconf 66' lang='lat' dir='ltr'><strong>erte</strong></span> <span class='ocrx_word' id='word_1_397' title='bbox 1866 3895 2070 3945; x_wconf 74' lang='lat' dir='ltr'><strong>principi</strong></span> <span class='ocrx_word' id='word_1_398' title='bbox 2088 3896 2285 3944; x_wconf 82' lang='lat' dir='ltr'><strong>pulchre</strong></span> <span class='ocrx_word' id='word_1_399' title='bbox 2308 3896 2532 3935; x_wconf 78' lang='lat' dir='ltr'><strong>eminenti</strong></span> <span class='ocrx_word' id='word_1_400' title='bbox 2555 3903 2744 3935; x_wconf 72' lang='lat' dir='ltr'><strong>venera-</strong></span> 
     </span>
     <span class='ocr_line' id='line_1_43' title="bbox 206 3944 2742 3999; baseline 0.001 -14"><span class='ocrx_word' id='word_1_401' title='bbox 206 3944 443 3985; x_wconf 68' lang='lat' dir='ltr'><strong>tissimum</strong></span> <span class='ocrx_word' id='word_1_402' title='bbox 461 3954 634 3993; x_wconf 75' lang='lat' dir='ltr'><strong>corpus</strong></span> <span class='ocrx_word' id='word_1_403' title='bbox 653 3947 728 3986; x_wconf 76' lang='lat' dir='ltr'><strong>eet</strong></span> <span class='ocrx_word' id='word_1_404' title='bbox 743 3945 1038 3988; x_wconf 69' lang='lat' dir='ltr'><strong>collocatum.</strong></span> <span class='ocrx_word' id='word_1_405' title='bbox 1071 3945 1479 3999; x_wconf 66' lang='lat' dir='ltr'><strong>Quinqungenerio</strong></span> <span class='ocrx_word' id='word_1_406' title='bbox 1497 3949 1676 3997; x_wconf 74' lang='lat' dir='ltr'><strong>primae</strong></span> <span class='ocrx_word' id='word_1_407' title='bbox 1693 3948 2037 3988; x_wconf 66' lang='lat' dir='ltr'><strong>&#39;translationis</strong></span> <span class='ocrx_word' id='word_1_408' title='bbox 2057 3949 2285 3988; x_wconf 78' lang='lat' dir='ltr'><strong>redeunte</strong></span> <span class='ocrx_word' id='word_1_409' title='bbox 2306 3958 2427 3988; x_wconf 78' lang='lat' dir='ltr'><strong>anno</strong></span> <span class='ocrx_word' id='word_1_410' title='bbox 2446 3949 2621 3988; x_wconf 72' lang='lat' dir='ltr'><strong>testum</strong></span> <span class='ocrx_word' id='word_1_411' title='bbox 2643 3946 2742 3989; x_wconf 71' lang='lat' dir='ltr'><strong>“illic</strong></span> 
     </span>
    </p>
   </div>
   <div class='ocr_carea' id='block_1_5' title="bbox 207 3998 2745 4095">
    <p class='ocr_par' dir='ltr' id='par_1_6' title="bbox 207 3998 2745 4095">
     <span class='ocr_line' id='line_1_44' title="bbox 207 3998 2745 4053; baseline 0 -14"><span class='ocrx_word' id='word_1_412' title='bbox 207 3998 583 4049; x_wconf 67' lang='lat' dir='ltr'><strong>magnificentius</strong></span> <span class='ocrx_word' id='word_1_413' title='bbox 601 3999 882 4040; x_wconf 66' lang='lat' dir='ltr'><strong>celebratur.</strong></span> <span class='ocrx_word' id='word_1_414' title='bbox 913 4001 1218 4044; x_wconf 61' lang='lat' dir='ltr'><strong>nortbertum</strong></span> <span class='ocrx_word' id='word_1_415' title='bbox 1250 4002 1433 4042; x_wconf 64' lang='lat' dir='ltr'><strong>Sanctis</strong></span> <span class='ocrx_word' id='word_1_416' title='bbox 1465 3999 1717 4050; x_wconf 67' lang='lat' dir='ltr'><strong>adscripsit</strong></span> <span class='ocrx_word' id='word_1_417' title='bbox 1749 4001 2005 4053; x_wconf 76' lang='lat' dir='ltr'><strong>Gregorius</strong></span> <span class='ocrx_word' id='word_1_418' title='bbox 2037 4003 2145 4043; x_wconf 76' lang='lat'>1111</span> <span class='ocrx_word' id='word_1_419' title='bbox 2183 4012 2305 4043; x_wconf 78' lang='lat' dir='ltr'><strong>anno</strong></span> <span class='ocrx_word' id='word_1_420' title='bbox 2330 4010 2586 4048; x_wconf 67' lang='lat' dir='ltr'><strong>mnnxxxii,</strong></span> <span class='ocrx_word' id='word_1_421' title='bbox 2614 4003 2745 4042; x_wconf 84' lang='lat' dir='ltr'><strong>Rom.</strong></span> 
     </span>
     <span class='ocr_line' id='line_1_45' title="bbox 207 4050 974 4095; baseline 0.005 -5"><span class='ocrx_word' id='word_1_422' title='bbox 207 4050 449 4092; x_wconf 67' lang='lat' dir='ltr'><strong>Breviorio</strong></span> <span class='ocrx_word' id='word_1_423' title='bbox 471 4053 670 4092; x_wconf 77' lang='lat' dir='ltr'><strong>inseruit</strong></span> <span class='ocrx_word' id='word_1_424' title='bbox 692 4052 904 4095; x_wconf 70' lang='lat' dir='ltr'><strong>Clemens</strong></span> <span class='ocrx_word' id='word_1_425' title='bbox 924 4053 974 4094; x_wconf 80' lang='lat' dir='ltr'><strong>X.</strong></span> 
     </span>
    </p>
   </div>
   <div class='ocr_carea' id='block_1_6' title="bbox 369 4548 2588 4633">
    <p class='ocr_par' dir='ltr' id='par_1_7' title="bbox 369 4548 2588 4633">
     <span class='ocr_line' id='line_1_46' title="bbox 369 4548 2588 4633; baseline 0.001 -10"><span class='ocrx_word' id='word_1_426' title='bbox 369 4567 609 4626; x_wconf 78' lang='lat' dir='ltr'><strong>Sui-ine</strong></span> <span class='ocrx_word' id='word_1_427' title='bbox 638 4599 654 4611; x_wconf 91' lang='lat'>-</span> <span class='ocrx_word' id='word_1_428' title='bbox 689 4566 851 4631; x_wconf 70' lang='lat' dir='ltr'><strong>Vitae</strong></span> <span class='ocrx_word' id='word_1_429' title='bbox 872 4568 983 4633; x_wconf 72' lang='lat'><strong>88.</strong></span> <span class='ocrx_word' id='word_1_430' title='bbox 1009 4601 1031 4613; x_wconf 92' lang='lat'><strong>·</strong></span> <span class='ocrx_word' id='word_1_431' title='bbox 1057 4567 1185 4629; x_wconf 85' lang='lat' dir='ltr'><strong>Vol.</strong></span> <span class='ocrx_word' id='word_1_432' title='bbox 1215 4567 1315 4629; x_wconf 85' lang='lat' dir='ltr'><strong>VI.</strong></span> <span class='ocrx_word' id='word_1_433' title='bbox 2320 4548 2333 4559; x_wconf 64' lang='lat'><strong>.</strong></span> <span class='ocrx_word' id='word_1_434' title='bbox 2514 4569 2588 4626; x_wconf 83' lang='lat'><strong>13</strong></span> 
     </span>
    </p>
   </div>
  </div>
 </body>
</html>
