3357 4995
693 318 823 383 246
869 339 876 346 ·
1315 336 1457 382 vm
1505 336 1562 382 s.
1615 331 2021 382 uAnoAm‘rAE
2070 334 2211 382 ano.
2265 332 2438 382 sco-r.
2746 395 2749 404 Ι
2797 313 3012 385 JUNII
3065 320 3152 383 to

605 420 783 490 illud
833 418 1184 510 percipere
1224 419 1519 499 debebit,
1557 420 1721 507 quia
1743 441 1944 489 nemo
1975 419 2125 488 sine
2154 418 2355 488 sorde
2388 420 2670 509 peccati,
2721 441 2843 490 nec
2884 420 3145 501 infanS,

604 510 951 598 cujusfest
997 508 1209 578 unius
1240 508 1379 578 diei
1425 507 1562 578 vita
1597 530 1808 599 super
1857 522 2130 577 terram.
2187 508 2255 576 Si
2303 520 2530 577 autem
2576 530 2776 578 nemo
2809 508 2983 579 illud
3029 532 3153 580 su-

603 619 790 666 mere
837 596 1075 676 debet,
1130 619 1256 666 cur
1305 598 1374 666 in
1426 598 1792 689 Evangelio
1839 596 2092 666 clamat
2140 597 2513 666 Dominus:
2583 599 2733 667 Nisi
2783 600 3153 667 inanduca-

601 687 834 754 veritis
864 709 1132 755 carnem
1162 688 1295 770 filii
1326 687 1611 756 hominis
1641 698 1702 756 et
1730 688 2025 755 biberitis
2056 687 2200 776 ejus
2225 689 2648 774 sanquinem,
2678 709 2805 755 non
2826 688 3156 756 habebitis

599 777 812 843 vitam
845 777 916 844 in
945 776 1173 843 vobis?
1203 776 1474 864 (Joann.
1531 776 1644 864 v1).
1685 775 1811 844 Sed
1857 773 2061 863 plane
2121 774 2556 851 sententiam,
2614 797 2824 861 quam
2860 775 2945 844 de
2972 782 3157 865 Apo-

604 862 776 933 stolo
827 862 1166 952 profertiS,
1207 864 1591 934 secundum
1622 869 1898 933 Patrum
1948 863 2439 953 expositionem
2493 863 2691 932 aliter
2741 886 3016 934 necesse
3045 878 3154 934 est

603 964 680 1020 ut
732 952 1155 1042 intelligatis.
1189 958 1330 1021 Non
1366 953 1550 1021 enim
1600 973 1842 1021 omnes
1879 964 2268 1043 peccatores
2300 950 2545 1022 salutis
2574 966 3008 1023 sacramenta
3038 955 3153 1021 in-

600 1040 810 1130 digne
859 1062 1130 1111 sumere
1179 1041 1496 1110 affirmat.
1553 1047 1719 1110 Nam
1765 1063 1922 1110 cum
1975 1041 2276 1120 dixisset,
2327 1042 2672 1109 ,Iudicium
2704 1044 3152 1111 sz'bz'mandu-

602 1141 708 1197 cat
743 1142 804 1198 et
839 1132 1030 1198 bibit:
1078 1130 1288 1218 adjun
1346 1131 1418 1211 it,
1455 1136 1597 1199 Non
1626 1132 2010 1220 dijudicans
2057 1154 2167 1199 cor
2216 1154 2292 1198 us
2327 1132 2630 1198 Domini:
2668 1131 2795 1198 hoc
2842 1145 2964 1212 est,
2998 1137 3145 1201 Non

604 1240 934 1308 separans
965 1218 1139 1287 illud
1194 1220 1259 1287 in
1297 1153 1436 1287 {ide
1471 1219 1560 1288 ab
1599 1220 1776 1288 escis
1823 1218 2164 1308 corporali
2216 1241 2321 1297 u5‚
2370 1219 2713 1306 judicium
2768 1220 2899 1288 sibi
2952 1242 3149 1288 man-

602 1306 812 1376 ducat
858 1320 923 1374 et
969 1307 1166 1376 bibit.
1225 1307 1349 1376 Sed
1399 1320 1465 1376 et
1512 1308 1648 1387 ille,
1702 1308 1824 1393 qui
1863 1309 2122 1394 absque
2168 1307 2593 1377 confessione
2621 1320 2685 1376 et
2727 1310 3149 1408 poenitentia

604 1417 762 1464 cum
817 1418 1101 1464 suorum
1133 1397 1675 1482 inquinamentis
1724 1396 2058 1466 scelerum
2103 1397 2186 1465 ad
2239 1419 2430 1465 sacra
2465 1408 2790 1484 mysteria
2822 1398 3148 1467 accedere

603 1485 1178 1574 praesumpserit:
1218 1486 1356 1564 ille,
1398 1486 1708 1571 inquam,
1740 1486 2084 1576 judicium
2124 1486 2251 1556 sibi
2308 1485 2679 1553 manducat
2724 1498 2787 1555 et
2836 1486 3029 1555 bibit.
3069 1494 3147 1554 At

603 1594 752 1652 nOS,
806 1574 925 1656 qui
967 1574 1206 1645 multis
1255 1586 1410 1643 ante
1458 1574 1729 1654 diebus,
1776 1575 1949 1644 sacta
1992 1586 2427 1662 peccatorum
2478 1573 2928 1654 consessione,
2982 1597 3145 1665 poe-

603 1661 891 1728 nitentia
940 1664 1382 1752 castigamur,
1429 1664 1720 1751 je'uniis
1768 1675 2230 1742 attenuamur,
2294 1662 2751 1751 eleemosynis
2807 1677 2870 1731 et
2920 1664 3148 1752 lacry·
3206 1682 3210 1687 ’

603 1750 736 1817 mis
786 1772 822 1815 a
876 1765 1305 1838 peccatorum
1361 1775 1473 1822 sor
1527 1753 1682 1823 ibus
1732 1752 2107 1832 abluimur,
2163 1752 2230 1819 in
2284 1752 2394 1819 die
2446 1751 2968 1822 resurrectionis
3022 1758 3148 1821 Do-

604 1839 901 1906 minicae
950 1839 1034 1906 ad
1072 1841 1221 1929 ejus
1272 1863 1580 1910 mensam
1625 1842 1692 1907 in
1737 1839 2076 1909 catholica
2126 1840 2261 1909 fide
2309 1840 2732 1913 accedentes
2770 1858 3048 1932 carnem
3081 1855 3151 1910 et

605 1927 1031 2016 sanguinem·
1068 1929 1227 2017 agni
1269 1930 1697 1998 immaculati
1727 1930 1888 1999 Jesu
1923 1928 2168 1998 Christi
2202 1951 2336 1996 non
2373 1929 2456 1997 ad
2490 1930 2863 2018 judicium,
2901 1930 3018 1998 sed
3055 1930 3145 1998 ad

602 2029 1037 2171 peccatorum
1091 2019 1437 2087 sumimus
1487 2019 1988 2094 remissionem,
2024 2018 2203 2087 etad
2241 2018 2606 2087 salutarem
2663 2019 3147 2107 percipiendae

653 2104 1055 2174 eatitudinis
1104 2120 1416 2175 aeternae
1446 2108 2061 2197 praeparationem.
2100 2107 2222 2176 His
2248 2107 2334 2174 ab
2362 2129 2437 2174 ea
2469 2108 2831 2196 perceptis,
2875 2129 3149 2196 respon·

601 2192 763 2260 dere
815 2193 910 2260 nil
965 2208 1348 2285 potuerant,
1402 2209 1606 2282 atque
1654 2196 1887 2285 agnita
1946 2195 2270 2285 deinceps
2313 2195 2651 2264 Ecclesiae
2714 2195 3025 2265 instituta
3074 2197 3144 2265 in

601 2283 910 2370 mysterii
981 2284 1304 2354 salutaris
1377 2286 1811 2374 perceptione
1882 2285 2355 2354 observarunt.
2414 2290 2623 2354 Fuere
2675 2297 3018 2374 praeterea
3070 2287 3143 2353 in

597 2372 1016 2456 quibusdam
1058 2373 1320 2441 Scotiae
1347 2372 1539 2452 lociS‚
1579 2375 1700 2461 qui
1730 2387 1968 2442 contra
2003 2374 2207 2442 totius
2242 2373 2580 2466 Ecclesiae
2610 2395 2865 2442 morem
2903 2374 3145 2443 Missas

598 2459 944 2530 celebrare
995 2460 1309 2531 solerent.
1367 2462 1558 2544 Quod
1613 2463 1873 2553 regina,
1929 2461 2069 2532 zelo
2122 2461 2230 2531 Dei
2283 2484 2594 2543 accensa,
2651 2462 2743 2531 ita
2792 2462 3147 2532 destruere

596 2561 660 2617 et
693 2551 1059 2641 profligare
1099 2550 1403 2627 studuit,
1441 2564 1516 2621 ut
1563 2565 1796 2640 postea
1831 2553 1897 2619 in
1951 2564 2088 2620 toto
2125 2556 2480 2638 Scotorum
2532 2574 2765 2641 regno,
2820 2553 2939 2638 qui
3006 2551 3143 2619 tale

598 2638 858 2725 aliquid
890 2652 1295 2719 attentaret,
1337 2662 1539 2709 nemo
1573 2653 1884 2729 repertus
1934 2640 2041 2709 sit.

684 2730 719 2811 ἕ
769 2733 862 2798 θ.
911 2728 1230 2797 Solebant
1278 2731 1508 2809 etiam,
1567 2751 1650 2797 ne
1706 2729 1873 2799 lecta
1907 2730 2242 2797 Dominici
2297 2728 2429 2797 diei
2469 2730 2866 2809 reverentia,
2903 2750 3146 2816 quem-

597 2815 972 2886 admodum
1015 2818 1170 2886 aliis
1218 2818 1488 2898 diebus,
1525 2818 1667 2886 itai
1703 2818 1764 2886 lo
1811 2840 2086 2904 quoque
2119 2818 2475 2886 laboribus
2538 2819 2883 2886 insistere.
2948 2819 3145 2899 Quod

597 2905 884 2973 minime
920 2905 1145 2983 licere,
1187 2909 1448 2975 ratione
1497 2907 1755 2996 pariter
1778 2919 1843 2975 et
1872 2908 2273 2976 auctoritate
2304 2907 2623 2975 ostendit.
2675 2908 3137 2986 Dominicam,

599 2992 846 3077 inquit,
892 2994 1073 3063 diem
1110 3010 1387 3095 propter
1436 2996 1893 3076 Dominicam,
1928 3017 2106 3081 quae
2165 2996 2234 3063 in
2277 2993 2398 3063 illo
2432 2994 2608 3064 facta
2658 3009 2780 3075 est,
2837 3017 3149 3064 resurre-

595 3081 914 3162 ctionem,
962 3084 1382 3153 venerationi
1433 3084 1794 3162 habemus,
1853 3096 1929 3152 ut
1977 3084 2043 3151 in
2096 3106 2175 3152 eo
2225 3084 2498 3153 servilia
2547 3106 2753 3173 opera
2803 3085 2949 3173 jam
3002 3105 3139 3151 non

599 3166 958 3249 faciamus,
1002 3172 1068 3237 in
1105 3194 1241 3257 quo
1293 3195 1417 3240 nos
1451 3195 1489 3240 a
1523 3173 1846 3242 servitute
1880 3172 2139 3242 diaboli
2189 3172 2579 3261 redemptos
2622 3174 2964 3242 novimus.
2999 3177 3142 3243 Hoc

595 3269 659 3324 et
722 3258 960 3326 beatus
1027 3265 1206 3349 Papa
1267 3262 1635 3350 Gregorius
1684 3261 2003 3345 affirmat,
2058 3262 2337 3330 dicens:
2397 3262 2748 3331 Dominico
2798 3261 2908 3330 die
2955 3284 2993 3329 a
3046 3262 3144 3329 la-

596 3345 758 3416 bore
808 3361 1071 3417 terreno
1121 3350 1534 3419 cessandum
1574 3361 1697 3429 est,
1752 3362 1955 3436 atque
2019 3348 2421 3419 omnimodo
2477 3350 2904 3420 orationibus
2967 3351 3144 3419 insi-

596 3436 958 3507 stendum:
1013 3452 1087 3506 ut
1137 3440 1193 3507 si
1242 3439 1409 3524 quid
1460 3438 1918 3529 negligentiae
1959 3460 2080 3528 per
2127 3463 2242 3508 sex
2286 3438 2436 3509 dies
2486 3441 2736 3529 agitur,
2794 3461 2914 3528 per
2955 3437 3140 3507 diem

597 3527 1118 3596 resurrectionis
1183 3527 1573 3597 Dominicae
1638 3527 1961 3618 precibus
2017 3528 2347 3617 expietur.
2404 3527 2589 3596 Idem
2632 3550 2905 3615 quoque
2953 3539 3146 3615 pater

597 3616 962 3702 Gregorius
1010 3617 1380 3702 quemdam
1420 3628 1698 3705 propter
1746 3639 1785 3686 o
1838 3640 1921 3686 us
1958 3631 2332 3696 terrenum,
2388 3616 2570 3702 quod
2623 3617 2734 3685 die
2786 3616 3144 3693 Dominica

596 3700 866 3782 fecerat,
914 3703 1226 3773 districta
1269 3706 1738 3794 increpatione
1812 3706 2061 3783 eriens‚
2101 3728 2241 3790 θος,
2293 3727 2590 3791 quorum
2649 3706 2775 3773 hoc
2830 3704 3143 3774 consiliis

595 3804 845 3878 egerat,
882 3791 1155 3862 duobus
1206 3795 1562 3864 mensibus
1611 3796 2245 3865 excommunicatos
2293 3815 2442 3864 esse
2491 3793 2810 3862 decrevit.
2852 3795 2972 3862 His
3030 3816 3141 3861 ra-

594 3878 899 3948 tionibus
968 3882 1244 3971 reginae
1309 3884 1649 3953 contraire
1722 3905 1859 3951 non
1909 3882 2250 3961 valentes,
2308 3883 2401 3952 ita
2448 3883 2631 3951 diem
2701 3882 3139 3951 Dominicum

593 3967 918 4057 deinceps
948 3969 1426 4052 observabant,
1481 3986 1557 4042 ut
1606 3972 1780 4040 nihil
1816 3972 2191 4058 quicquam
2230 3972 2296 4038 in
2331 3994 2410 4041 eo
2460 3972 2727 4061 operari
2780 3970 3134 4040 auderent.

595 4055 842 4130 Illicita
901 4058 1104 4126 etiam
1167 4082 1613 4129 novercarum
1664 4061 2019 4150 conjugia,
2071 4060 2390 4129 similiter
2437 4072 2501 4129 et
2563 4081 2845 4129 uxorem
2906 4059 3137 4127 fratris

593 4144 899 4215 defuncti
942 4145 1217 4216 fratrem
1252 4149 1692 4239 superstitem
1723 4149 1977 4218 ducere
2007 4169 2187 4236 quae
2235 4148 2330 4217 ibi
2379 4162 2579 4218 antea
2608 4148 2887 4227 fiebant,
2929 4148 3142 4216 nimis

590 4235 888 4303 ostendit
917 4236 1323 4317 execranda,
1360 4249 1426 4319 et
1464 4259 1503 4305 a
1538 4237 1887 4318 fidelihus,
1925 4236 2110 4306 velut
2136 4238 2357 4327 ipsam
2392 4250 2707 4316 mortem,
2745 4235 3137 4306 devitanda.

591 4322 802 4392 Multa
848 4346 1122 4413 quoque
1170 4325 1305 4393 alia
1366 4338 1604 4396 contra
1655 4348 1915 4396 morem
1968 4325 2309 4396 Ecclesiae
2350 4325 2796 4406 inoleverant,
2842 4346 3021 4411 quae
3069 4326 3142 4394 in

588 4412 829 4483 eodem
880 4414 1182 4484 Concilio
1212 4413 1590 4501 damnans,
1645 4415 1730 4483 de
1782 4414 1974 4505 regni
2005 4414 2265 4484 finibus
2318 4415 2700 4504 extirpavit.
