3357 4995
703 301 843 398 534⁶
1284 350 1363 397 ns
1409 350 1467 397 s.
1519 349 1838 398 ruossano
1885 348 2081 398 smsc.
2136 348 2425 398 amicust
2806 329 3028 398 JUNII
3067 330 3163 397 25

614 435 825 504 finem
866 433 1087 514 facite,
1122 446 1184 503 et
1232 433 1676 524 gaudendum
1730 434 1949 525 magis
2006 433 2136 504 hac
2175 434 2244 503 in
2282 455 2355 505 re
2385 432 2604 516 vobis,
2657 453 2868 522 quam
2916 432 3163 503 dolen-

614 523 811 605 dum,
862 521 1323 592 existimate.»

786 614 868 683 8.
921 615 1101 681 Haec
1146 632 1305 680 cum
1342 610 1644 692 dixisset,
1700 622 1766 682 et
1815 632 1947 682 non
1983 611 2208 683 solum
2251 609 2722 682 sacerdotibus
2760 631 2841 680 ac
2878 611 3151 692 Levitis,

614 721 685 770 se
779 721 990 786 quam
1038 699 1360 790 plurimis
1405 700 1609 769 etiam
1658 700 1743 770 de
1790 699 2069 802 popu10‚
2108 701 2229 788 qui
2277 699 2664 788 frequentes
2701 698 3152 781 advenerant,

611 788 1115 869 benedixisset,
1192 788 1430 860 oculos
1476 800 1542 858 et
1592 810 1840 859 manus
1886 811 1957 858 in
2017 789 2285 860 coelum
2358 787 2660 860 sustulit.
2733 794 2922 858 Tunc
2973 789 3154 858 mire

610 876 820 947 facies
868 877 1056 947 illius
1102 877 1477 947 exhilarata
1524 890 1626 948 est
1672 890 1876 965 atque
1930 877 2377 968 resplenduit,
2430 890 2497 947 et
2550 877 2989 967 stupentibus
3028 877 3157 965 qui

611 965 896 1035 aderant
923 965 1273 1047 omnibuS,
1325 978 1391 1035 et
1440 965 1727 1056 psalmis
1758 979 1824 1037 et
1869 967 2152 1057 hymnis
2182 966 2643 1058 egredientem
2680 966 2988 1036 animam
3024 987 3148 1035 co—

613 1054 1042 1136 mitantibus,
1087 1053 1351 1124 felicem
1389 1055 1753 1140 praesenti,
1798 1069 1874 1125 ut
1904 1055 2237 1126 creditum
2271 1068 2393 1136 est,
2442 1060 2575 1125 Deo
2603 1076 2683 1125 ac
2717 1056 2971 1125 sanctis
2997 1055 3152 1145 ejus

610 1143 883 1234 Angelis
915 1144 1235 1233 spiritum
1278 1143 1578 1213 tradidit.
1632 1148 1981 1226 Quantum
2016 1166 2170 1214 vero
2219 1145 2328 1215 sui
2375 1143 2798 1214 desiderium
2847 1144 3152 1243 relique—

612 1231 724 1313 rit,
764 1232 971 1301 totius
1004 1231 1295 1302 civitatis
1346 1253 1612 1303 moeror
1635 1254 1715 1300 ac
1748 1231 1977 1304 luctus
2024 1244 2309 1303 testatus
2354 1245 2477 1303 est.
2516 1232 2779 1319 Ubique
2809 1232 3139 1322 suspiria,

611 1321 870 1407 ubique
917 1320 1215 1411 gemitus
1290 1315 1793 1402 audiebantur,
1849 1343 1971 1390 nec
2027 1321 2218 1392 ullus
2280 1333 2423 1391 erat
2492 1320 2817 1410 lacrymis
2867 1322 3143 1393 modus.

608 1414 753 1478 Non
802 1408 988 1478 enim
1021 1407 1239 1488 aliter,
1296 1430 1502 1495 quam
1541 1411 1597 1479 si
1631 1409 2052 1480 domesticus
2099 1410 2476 1497 unicuique
2516 1409 2745 1480 luctus
2777 1423 2975 1491 esset,
3021 1410 3149 1479 do·

611 1497 841 1567 lebant
888 1508 953 1565 et
1002 1496 1575 1567 lamentabantur.
1619 1503 1869 1568 Ductae
1919 1510 2080 1568 sunt
2139 1497 2388 1569 deinde
2427 1497 2720 1567 solemni
2777 1512 3142 1588 apparatu,

613 1608 691 1654 ac
760 1587 967 1656 totius
1013 1584 1297 1685 populi,
1377 1586 1692 1656 omnium
1751 1599 2047 1657 aetatum
2099 1610 2178 1657 ac
2224 1587 2536 1656 omnium
2599 1586 2922 1657 ordinum
2985 1609 3156 1657 con-

609 1696 845 1754 cursu,
898 1695 1260 1761 exequiae:
1313 1674 1761 1764 sepultusque
1792 1689 1890 1746 est
1923 1687 2110 1745 extra
2143 1677 2383 1745 urbem
2421 1675 2490 1745 in
2527 1687 2657 1745 tem
2671 1675 2806 1765 plO‚
2842 1675 3025 1763 quod
3075 1678 3151 1746 in'

611 1762 940 1832 honorem
978 1762 1153 1833 beati
1179 1762 1764 1919 Apollinarisipse
1795 1777 2331 1834 consecraverat.
2376 1764 2559 1834 Obiit
2586 1778 2814 1834 autem
2853 1766 3149 1855 septimo

613 1849 944 1920 Calendas
986 1851 1179 1931 Julii,
1281 1873 1362 1921 oc
1408 1865 1530 1932 est,
1583 1852 1826 1939 quinto
1875 1876 1952 1923 ac
1996 1853 2324 1943 vigesimo
2366 1853 2552 1922 Iunii
2601 1852 2749 1934 die,
2794 1854 2913 1940 qui
2962 1853 3148 1923 beati

608 1940 906 2011 Joannis
930 1940 1266 2029 Baptistae
1296 1940 1712 2010 nativitatem
1735 1941 2201 2029 subsequitur,
2237 1962 2418 2011 anno
2450 1942 2538 2010 ab
2571 1942 2866 2011 adventu
2900 1941 3152 2012 Christi

610 2027 1287 2118 quadringentesimo
1335 2050 1411 2098 ac
1461 2031 2074 2120 sexagesimosexto
2104 2086 2119 2112 ‚
2174 2030 2406 2101 Hilaro
2475 2030 2799 2100 Pontifice
2849 2031 3142 2100 Maximo

613 2116 982 2186 Ecclesiam
1013 2130 1309 2207 regente,
1340 2122 1553 2188 Leone
1583 2141 1750 2187 vero
1773 2124 2157 2202 Romanum
2199 2131 2466 2189 tenente
2494 2119 2892 2209 Imperium.
2920 2122 3143 2200 Quam

615 2226 772 2274 vero
820 2216 1057 2295 gratus
1109 2211 1236 2275 Deo
1265 2207 1579 2287 extiterit,
1633 2220 1697 2275 et
1743 2230 1944 2294 quem
1988 2208 2215 2278 locum
2254 2209 2322 2276 in
2371 2207 2711 2298 Angelicis
2743 2207 2964 2276 choris
2985 2207 3145 2275 ade-

614 2306 774 2383 ptus
823 2295 932 2375 sit,
980 2293 1154 2363 mira
1201 2294 1282 2363 ad
1341 2295 1528 2364 illius
1576 2296 1973 2386 sepulcrum
2039 2296 2353 2388 prodigia
2403 2297 2731 2366 continuo
2779 2295 3148 2366 subsecuta

612 2381 1174 2452 declaraverunt:
1229 2383 1536 2472 ad'quod
1581 2384 1840 2466 nulluS‚
1892 2407 2334 2473 quacumque
2391 2384 2811 2455 detineretur
2846 2385 3146 2485 aegritu-

615 2469 797 2551 dine,
855 2470 1107 2542 frustra
1154 2472 1484 2564 confugit.
1518 2472 1755 2544 Claudi
1803 2495 2115 2565 gressum
2158 2475 2638 2565 impetrarunt,
2673 2474 2860 2544 caeci
2890 2496 3137 2543 visum:

619 2559 1017 2650 paralyticis
1048 2562 1452 2631 confirmata
1499 2578 1660 2632 sunt
1712 2565 2040 2645 membra,
2079 2563 2165 2632 ab
2203 2564 2501 2636 obsessis
2547 2563 2954 2654 corporibus
2986 2562 3148 2631 dae-

617 2669 859 2718 mones
896 2649 1134 2741 fugati.
1188 2655 1396 2721 Nemo
1447 2651 1669 2721 verbis
1709 2654 1873 2722 satis
1930 2651 2137 2743 digne
2192 2653 2515 2740 consequi
2583 2663 2828 2742 posset,
2890 2664 3146 2739 quanto

614 2737 978 2827 splendore
1025 2738 1340 2809 divinum
1382 2739 1772 2830 pontificem
1810 2763 2014 2810 suum
2049 2745 2224 2810 Deus
2259 2741 2528 2832 populis
2572 2741 2921 2820 omnibus,
2962 2741 3142 2809 acin

614 2826 914 2896 Ecclesia
952 2849 1079 2896 sua
1134 2826 1341 2897 veluti
1387 2829 1673 2899 coeleste
1719 2828 2063 2917 quoddam
2106 2828 2317 2917 jubar
2377 2830 2640 2920 fulgere
2686 2829 3017 2899 voluerit:
3066 2841 3143 2897 ut

612 2935 683 2983 se
722 2926 906 2985 tanto
952 2914 1218 2986 felicem
1258 2917 1572 3006 praesule
1604 2939 1683 2986 ac
1733 2930 2018 3007 patrono
2053 2918 2410 3008 Regiensis
2464 2918 2704 2989 civitas
2756 2919 2994 2987 merito
3033 2916 3138 2985 di-

608 3024 760 3072 cere
809 3004 1043 3094 possit.
1076 3004 1212 3074 AESed
1256 3027 1388 3074 non
1444 3015 1672 3076 tantus
1713 3006 1797 3075 ad
1849 3006 2037 3077 illius
2085 3007 2483 3097 sepulcrum
2530 3007 2749 3077 honor
2795 3029 2877 3076 ac
2939 3027 3137 3076 vene-

612 3091 784 3160 ratio
834 3094 1159 3182 temporis
1200 3092 1700 3183 longinquitate
1744 3095 2125 3165 consenuit:
2163 3095 2277 3165 sed
2320 3097 2403 3164 ad
2458 3096 2586 3165 hoc
2625 3117 2840 3182 usque
2869 3107 3142 3182 tempus

608 3179 938 3336 perdurat
976 3203 1054 3250 ac
1105 3181 1306 3272 viget,
1352 3204 1473 3252 nec
1516 3182 1732 3252 ullius
1771 3183 1856 3252 ad
1916 3183 1984 3252 id
2048 3184 2157 3273 pie
2203 3184 2590 3257 accedentis
2634 3184 2869 3254 divina
2916 3183 3139 3275 gratia

634 3267 815 3337 idem
866 3290 945 3338 ac
993 3291 1183 3359 spem
1233 3292 1380 3342 esse
1430 3272 1691 3340 irritam
1743 3271 1907 3342 sinit
1934 3271 2060 3362 (a).

698 3359 735 3444 §
781 3362 877 3429 θ.
930 3362 1173 3427 Verum
1221 3360 1406 3447 quia',
1459 3360 1662 3430 sicuti
1711 3360 2160 3443 ostendimuS,
2222 3372 2410 3432 extra
2467 3359 2661 3433 urbis
2718 3378 2952 3431 muros
2998 3371 3145 3430 erat

661 3498 729 3552 (α)
757 3503 873 3541 Tres
900 3500 1107 3552 insignes
1135 3501 1385 3544 sanctitate
1417 3504 1664 3550 pausam,
1695 3515 1896 3554 quorum
1925 3506 2033 3551 duo,
2060 3505 2195 3546 hodie
2223 3505 2410 3545 scilicet
2435 3507 2650 3555 Regiens.
2673 3505 2824 3554 Episc.
2852 3509 2898 3544 et
2923 3505 3144 3553 xxixjul.

608 3554 761 3601 Episc.
789 3555 1152 3601 Aurelianensis.
1178 3558 1312 3596 cultu
1339 3557 1557 3608 liturgico
1585 3557 1760 3603 donati.
1792 3559 1980 3598 sacculo
2009 3568 2039 3598 v
2066 3560 2291 3603 floruere:
2321 3569 2346 3598 e
2379 3560 2530 3599 tribus
2570 3558 2724 3600 autem
2763 3568 2917 3604 utine,
2949 3561 3149 3602 Aemi-a·

608 3616 755 3653 meus,
785 3618 877 3647 non
905 3609 1061 3659 Episc.
1090 3610 1170 3649 sed
1196 3608 1505 3658 probabiliter
1523 3613 1787 3659 Presbyter,
1807 3612 1948 3651 rebus
1967 3613 2130 3662 gestis.
2147 3611 2361 3654 doctr-ins
2379 3613 2664 3662 scriptisque
2681 3611 2945 3652 celebratus
2965 3611 3021 3650 ab
3039 3611 3148 3652 auis

611 3661 973 3710 distinguendus
1004 3663 1087 3711 qui
1115 3673 1359 3712 perperam
1393 3665 1603 3715 Aquitani
1628 3665 1865 3711 dicuntur,
1892 3667 1951 3706 de
1983 3666 2250 3715 quibusque
2277 3668 2452 3716 passim
2486 3669 2739 3715 propterea
2772 3665 3001 3715 quaedam
3041 3674 3147 3705 nar·

605 3715 772 3754 rantur
790 3714 940 3755 solius
959 3713 1223 3764 aquitanici
1242 3718 1443 3766 propria.

665 3767 866 3816 Prosper
891 3769 1039 3818 igitur
1066 3772 1312 3821 Aquitanas
1343 3781 1399 3810 ex
1428 3772 1574 3811 natali
1605 3768 1775 3821 gallica
1803 3771 2046 3820 provincia
2070 3770 2241 3817 dictus.
2266 3774 2460 3813 Romam
2485 3774 2637 3822 primo
2666 3771 2726 3811 ob
2746 3772 2974 3820 quasdam
2999 3771 3144 3811 Semi·

607 3820 932 3869 pelagianismi
960 3821 1170 3866 intectas.
1198 3824 1322 3864 inter
1347 3825 1602 3865 nonnullos
1629 3835 1655 3864 e
1684 3825 1969 3865 Massiliensi
2001 3826 2135 3866 Clero
2166 3828 2351 3867 exortas
2378 3826 2692 3876 quaestiones.
2720 3825 2853 3864 venit
2872 3834 2976 3865 cum
2998 3824 3043 3864 S.
3066 3824 3146 3864 m-

607 3872 727 3913 lario
756 3875 913 3914 siculo
938 3877 1047 3922 (non
1076 3874 1370 3929 Arelatensi),
1400 3878 1657 3919 Ecclesiam
1676 3882 1867 3927 regente
1888 3879 1931 3919 Β.
1947 3879 2225 3920 coelestino:
2245 3890 2297 3920 ac
2311 3881 2483 3921 Urbem
2506 3879 2712 3920 secundo
2729 3875 2867 3927 petiit
2886 3878 2973 3918 sub
2989 3879 3148 3921 Leone

608 3926 794 3978 Magno,
824 3929 900 3968 cui
927 3928 1233 3970 charissimus
1263 3934 1311 3970 et
1338 3932 1395 3970 ab
1422 3932 1648 3979 Epistolis
1673 3931 1778 3971 fuit..
1809 3933 2018 3981 Egregiis
2036 3932 2113 3973 hic
2133 3932 2289 3973 clarus
2310 3934 2367 3973 de
2384 3943 2435 3974 re
2453 3932 2796 3977 mathematica,
2814 3930 3147 3981 Philosophiae

607 3982 655 4020 et
682 3980 963 4031 'theologica
991 3982 1140 4029 fibris,
1168 3993 1287 4033 qnos
1310 3984 1449 4029 inter,
1482 3986 1722 4024 caron-:con
1752 3994 1903 4035 usque
1936 3986 1996 4026 ad
2022 3996 2097 4027 an.
2125 3994 2296 4027 ccccm
2325 3989 2373 4028 et
2408 3987 2578 4028 Poema
2604 3987 2768 4027 omre
2796 3986 3016 4036 luas-atos,
3041 3985 3145 4027 sive

605 4035 838 4083 dogmatis
857 4035 915 4075 de
933 4036 1099 4076 Gratia
1115 4037 1424 4083 adversarios,
1441 4038 1692 4088 praecipue
1710 4039 1978 4079 laudantur.

660 4087 792 4128 Alius
823 4088 864 4127 S.
891 4089 1088 4139 Prosper
1117 4090 1217 4132 tere
1247 4101 1463 4137 coaevus.
1488 4089 1843 4132 Aurelianensis
1870 4093 2078 4133 antistes
2097 4092 2270 4137 extitit.
2289 4092 2331 4132 S.
2350 4090 2531 4140 Auiani,
2547 4092 2673 4133 haud
2691 4092 2849 4132 tamen
2864 4087 3153 4135 immediate.

608 4150 867 4181 successor.
896 4143 1087 4183 Tertius
1116 4144 1375 4193 Regiensis,
1401 4145 1459 4186 de
1489 4153 1582 4193 quo
1610 4143 1771 4190 hodie.
1798 4147 1848 4185 in
1875 4142 2095 4192 Aemilia,
2130 4146 2248 4186 med.
2286 4146 2451 4186 Italiae
2484 4145 2702 4195 regione.
2737 4146 2996 4194 Episcopus
3034 4141 3152 4190 mit.

604 4204 769 4243 reapse
799 4196 957 4235 forsan
986 4200 1033 4236 et
1064 4194 1162 4245 ipse
1192 4197 1442 4247 aquitanis
1468 4198 1724 4245 oriundus,
1750 4199 1875 4239 unde
1916 4209 2162 4239 commune
2189 4199 2433 4243 mendum.
2462 4208 2556 4247 quo
2586 4208 2674 4239 nec
2703 4198 2934 4238 Bar-onius
2962 4207 3149 4246 expers,

604 4248 660 4287 ut
686 4249 792 4297 ejus
820 4249 1134 4290 conficiendae
1161 4250 1410 4296 historiae.
1437 4252 1648 4302 Aquitani
1674 4253 1891 4301 supparis
1922 4252 2046 4292 facta
2079 4253 2129 4293 et
2157 4254 2518 4302 cognomentum
2546 4252 2903 4297 mutuarentur.
2932 4254 2980 4291 et
3009 4251 3148 4301 Regii

603 4302 814 4342 Ecclesia
840 4312 948 4343 eum
976 4304 1186 4344 Doctoris
1215 4305 1314 4344 ritu
1340 4305 1589 4346 colendum
1616 4303 1896 4354 susciperet.
1940 4305 2063 4346 Male
2099 4306 2286 4346 tandem
2326 4304 2566 4350 nonnulli.
2602 4304 2820 4353 Prosperi
2859 4300 3010 4344 nostri
3031 4305 3153 4349 loco,

605 4355 830 4405 Reqiemis
858 4355 1084 4396 vocabulo
1113 4357 1163 4396 in
1190 4358 1387 4406 legiensis
1413 4358 1630 4407 Episcopi
1659 4360 1780 4407 (Rite
1810 4359 1860 4398 in
1889 4358 2193 4399 Narbonensis
2220 4360 2457 4408 corrupto,
2485 4357 2630 4399 alium
2658 4359 2703 4398 S.
2734 4359 3016 4407 Prosper-um
3040 4368 3156 4408 pro·

602 4409 775 4455 ferunt,
804 4410 1050 4460 Aquitanica
1075 4410 1188 4449 item
1220 4411 1360 4451 titulo
1389 4411 1683 4455 decoratum:
1715 4412 1773 4452 de
1799 4421 1894 4461 quo
1921 4409 1990 4453 nil
2022 4417 2151 4453 certo
2182 4413 2390 4457 constat.
2419 4412 2595 4463 quique
2636 4411 2954 4452 admittendus
3000 4412 3042 4451 si
3080 4412 3152 4451 vi·

603 4462 782 4509 deatur,
800 4463 949 4503 multo
970 4462 1242 4511 praeallatls
1260 4463 1555 4512 homonymis
1574 4464 1734 4507 senior
1751 4464 1856 4506 mit.
