3357 4995
200 335 425 402 JUNII
478 336 569 401 49·
872 353 949 400 nn
997 353 1088 402 ss.
1143 352 1448 402 csnvAsm
1496 353 1572 401 nr
1620 351 1920 402 rnorasm
1969 353 2082 400 uu.
2523 335 2652 401 465

206 439 455 507 intimo
503 436 705 507 corde
752 449 1172 520 eructarunt,
1228 439 1299 507 in
1349 437 1774 509 confessione
1833 449 2245 519 constantes·
2293 437 2363 507 in
2412 437 2744 528 martyrio

208 538 739 617 perseverantes.

302 616 339 701 ξ
385 621 471 687 5.
524 615 713 685 Alius
756 614 1067 705 psalmus
1093 615 1286 705 (⁴⁴2)
1314 615 1776 686 lectus-dicit:
1823 618 1981 699 Quis
2019 618 2192 684 sicut
2233 617 2551 684 Dominus
2569 619 2774 684 Deus·

212 714 455 784 noster,
491 706 706 805 quiin
736 707 897 773 altt's
930 706 1211 786 habitat,
1248 714 1309 774 et
1339 705 1631 775 humilia»
1658 707 1931 797 respicit
1963 707 2033 774 in
2073 708 2254 774 coelo
2302 714 2364 773 et
2411 706 2498 772 in·
2533 699 2772 773 terra?¹

218 797 536 882 Respexit
582 813 748 862 sane
781 792 1073 863 humi-lia
1114 793 1470 868 Dominus,
1523 794 1647 881 qui
1698 793 1982 864 latentes
2013 793 2151 863 sub
2179 792 2476 884 ignobili
2502 793 2756 883 cespite

218 880 547 966 reliquias
597 893 1016 963 sanctorum,
1072 899 1249 951 suae.
1284 882 1621 953 Ecclesiae
1662 883 2004 963 revelavit,
2050 903 2349 970 quorum
2401 880 2635 950 anima
2683 881 2752 948 in

216 968 423 1049 coe10‚
462 991 716 1060 corpus
763 971 833 1039 in
885 984 1082 1041 terra.
1120 973 1532 1042 Suscitansa
1559 984 1735 1041 terra
1774 975 2058 1063 inopem,
2099 971 2267 1040 etde
2291 982 2575 1040 stercore
2625 970 2755 1039 eri-

211 1080 372 1148 9ens
398 1081 788 1150 pauperem.
852 1064 1034 1142 Quos
1065 1059 1331 1141 videtiS‚
1385 1075 1462 1130 ut
1506 1082 1620 1132 eos
1667 1083 1825 1130 cum
1861 1059 2296 1151 principibus
2348 1058 2589 1150 populi
2640 1059 2752 1129 sui

212 1146 585 1217 collocarit.
653 1149 1017 1239 Principes*
1052 1148 1331 1239 populi,
1407 1171 1581 1238 quos
1640 1149 1812 1219 alios
1877 1150 2011 1220 nisi
2070 1157 2342 1220 sanctos
2414 1159 2756 1236 martyres

212 1236 574 1305 aestimare
621 1235 976 1319 debemuS,
1014 1259 1310 1326 quorum
1341 1237 1488 1329 jam
1541 1240 1608 1308 in
1641 1259 2038 1318 numerum,
2093 1236 2217 1308 diu
2252 1236 2548 1327 ignorati
2589 1243 2754 1307 Pro·-⁴

214 1324 431 1392 tasius
480 1326 997 1413 Gervasiusque·
1034 1327 1496 1417 proferuntur,
1553 1328 1684 1415 qui·
1725 1326 2038 1397 sterilem·
2072 1325 2495 1416 martyribus
2543 1326 2757 1395 eccle-⁴

217 1411 391 1480 siam
444 1413 1044 1495 Mediolanensem,
1093 1417 1239 1505 jam
1292 1414 1764 1507 plurimorum
1818 1428 2106 1485 matrem
2150 1415 2480 1495 filiorum,
2524 1414 2758 1484 laetari

217 1500 563 1588 passionis
598 1504 917 1592 propriae
950 1503 1234 1574 fecerint
1281 1519 1344 1573 et
1394 1504 1613 1574 titulis
1652 1517 1718 1574 et
1750 1504 2131 1594 exemplis?
2164 1509 2294 1574 Nec
2328 1503 2458 1573 hoc
2508 1505 2760 1573 abhor-

218 1602 358 1689 reat
406 1612 445 1658 a
495 1612 647 1659 vera
698 1592 855 1661 fide.
902 1596 1054 1662 Dies
1111 1595 1263 1662 diei·
1305 1604 1565 1663 eructat
1621 1595 1917 1675 verbum,
1991 1593 2225 1662 anima
2274 1593 2569 1672 animae,
2625 1593 2782 1661 vita·

219 1689 416 1758 vitae,
474 1682 880 1751 resurrectio
930 1682 1438 1752 resurrectioni.
1491 1688 1572 1752 Et
1625 1705 1769 1752 nom
1821 1684 2006 1751 nocti
2067 1683 2326 1750 indicat
2385 1683 2757 1761 scienciam,

224 1765 350 1866 hoc
412 1781 534 1848 est,
588 1791 746 1840 caro
812 1771 1029 1852 carni,
1082 1792 1379 1858 quorum
1434 1771 1661 1860 passio
1713 1791 1941 1840 veram
1994 1769 2156 1840 fidei
2202 1770 2564 1839 scientiam
2618 1791 2765 1839 om-

222 1854 431 1924 mbus
458 1856 807 1929 indicavit.
846 1864 1359 1939 Bonaenoctes,
1391 1859 1953 1940 nocteslucidae,
1996 1880 2174 1947 quae
2210 1859 2465 1928 habent
2505 1857 2759 1928 stellas,

222 1943 410 2013 Sicut
456 1946 640 2015 enim
694 1947 886 2016 stella
938 1971 978 2017 a
1040 1948 1234 2019 stella
1310 1948 1537 2018 differt
1584 1950 1656 2017 in
1707 1947 2042 2030 claritate,
2103 1949 2195 2017 ita
2242 1960 2307 2016 et
2356 1947 2767 2019 resurrectio

220 2044 673 2103 mortuorum.

297 2123 344 2219 ,ξ
394 2128 485 2193 6.
539 2128 679 2192 Non
739 2124 1080 2195 immerito
1128 2137 1355 2196 autem
1402 2127 1709 2216 plerique
1760 2127 1939 2196 hanc
2012 2138 2395 2214 martyrum
2463 2143 2766 2194 resurre-

222 2219 518 2279 ctionem
578 2212 949 2302 appellant.
1007 2214 1247 2285 Videro
1312 2227 1562 2296 tamen,
1631 2228 1867 2285 utrum
1946 2215 2102 2295 sibi,
2157 2235 2242 2283 an
2316 2212 2513 2283 nobis
2578 2226 2760 2283 certe

223 2309 556 2386 martyres
598 2317 1133 2372 resurrexerunt.
1182 2305 1623 2395 CognovistiS,
1669 2306 1883 2374 immo
1919 2303 2185 2372 vidistis
2235 2303 2366 2392 ipsi
2420 2301 2672 2370 multos
2714 2324 2755 2369 a

223 2383 606 2483 daemoniis
638 2405 985 2481 purgatos.
1052 2390 1394 2464 Plurimos
1426 2395 1656 2472 etiam,
1713 2394 1834 2462 ubi
1876 2405 2129 2462 vestem
2173 2404 2569 2461 sanctorum
2607 2412 2754 2458 ma-

226 2473 432 2544 nibus
465 2478 921 2568 contigerunt,
974 2481 1086 2551 hic
1119 2482 1375 2570 quibus
1418 2481 1839 2562 laborabant,
1878 2480 2351 2552 debilitatibus
2381 2478 2755 2560 absolutoS,

223 2578 536 2652 reparata
564 2571 805 2640 vetusti
840 2571 1146 2661 corporis
1198 2571 1553 2652 miracula,
1588 2593 1725 2658 quo
1759 2593 1852 2651 se,
1909 2593 2029 2661 per
2076 2569 2446 2638 adventum
2485 2568 2759 2637 Domini

221 2656 385 2721 Jesu
444 2657 663 2744 gratia
713 2660 910 2728 terris
961 2661 1178 2749 major
1248 2659 1627 2736 infuderat,
1698 2660 1947 2730 umbra
2011 2658 2310 2747 quadam
2367 2670 2762 2726 sanctorum

224 2762 594 2830 corporum
703 2745 1014 2835 lerosque
1062 2762 1339 2818 sanatos
1388 2749 1694 2818 cernitis.
1742 2754 2010 2831 Quanta
2060 2749 2286 2818 oraria
2324 2747 2774 2837 jactitantur?

226 2834 492 2931 Quanta
554 2833 623 2902 in
677 2850 956 2906 umenta
1017 2859 1225 2928 super
1273 2837 1601 2925 reliquias
1664 2838 2191 2919 sacratissimaS,
2244 2848 2321 2905 ut
2391 2847 2573 2905 tactu
2624 2834 2773 2925 ipso
2838 2882 2844 2888 -

227 2918 665 2992 medicabilia
717 2927 1213 3015 reposcantur?
1259 2927 1572 2997 Gaudent
1620 2949 1862 2997 omnes
1911 2940 2214 2996 extrema
2267 2925 2446 2996 linea
2503 2923 2774 2993 contin-

227 3028 407 3096 gere,
461 3022 527 3079 et
572 3014 693 3100 qui
721 3015 1104 3106 contigerit,
1160 3015 1390 3085 salvus
1430 3015 1582 3085 erit.
1622 3017 1852 3086 Gratia
1887 3016 2014 3085 tibi
2051 3014 2337 3085 Domine
2365 3020 2553 3093 Jesu,
2590 3010 2774 3112 quod

227 3096 356 3165 hoc
395 3110 527 3167 tem
583 3124 697 3171 ore
747 3101 913 3172 tales
972 3104 1170 3174 nobis
1218 3115 1612 3174 sanctorum
1664 3118 2041 3193 martyrum
2093 3103 2381 3194 spiritus
2428 3101 2762 3180 excitastl,

228 3205 365 3270 quo
414 3191 714 3259 Eccesia
762 3205 903 3262 tuat
929 3192 1271 3282 praesidia
1288 3194 1589 3284 Janora*
1615 3193 1981 3264 desiderat.
2039 3198 2465 3282 Cognoscant
2504 3206 2769 3269 omneS‚

228 3275 468 3360 quales
516 3299 641 3368 ego
692 3294 1236 3370 propugnatores
1276 3284 1650 3371 requiram,
1690 3283 1812 3371 qui
1851 3303 2289 3374 propugnare
2323 3280 2610 3371 possint,
2646 3278 2775 3346 im-

229 3384 542 3455 pugnare
594 3389 725 3438 non
770 3368 1056 3440 soleant.

318 3455 353 3539 §
401 3456 476 3524 Ἠ.
533 3459 670 3528 Hos
703 3479 864 3549 ergo
894 3460 1229 3547 acquisivi
1257 3461 1380 3531 tibi
1407 3461 1602 3552 plebs
1630 3473 1894 3539 sancta,
1950 3459 2066 3547 qui
2155 3458 2370 3528 rosint
2419 3455 2769 3535 omnibuS,

229 3542 492 3611 nemini
533 3561 843 3617 noceant.
883 3548 1075 3618 Tales
1121 3571 1282 3640 ergo
1313 3551 1543 3620 ambio
1578 3549 1991 3629 defensoreS,
2030 3561 2096 3618 ta
2127 3570 2198 3616 es
2231 3546 2481 3616 milites
2517 3544 2761 3613 habeo:

230 3637 539 3733 Quorum
590 3657 727 3723 quo
786 3638 1070 3739 majora,
1123 3661 1202 3708 eo
1270 3640 1522 3710 tutiora
1573 3638 1952 3729 patrocinia
1993 3648 2178 3707 sunt.
2246 3640 2506 3704 Horum
2571 3633 2776 3732 etiam

230 3721 372 3791 illis
407 3724 602 3812 ipsis,
662 3726 785 3812 qui
824 3728 997 3796 mihi
1054 3727 1385 3809 invident,
1425 3741 1583 3819 opto
1632 3726 2002 3817 praesidia.
2042 3726 2328 3795 Veniant
2361 3745 2521 3813 ergo
2569 3737 2634 3791 et
2679 3743 2780 3789 νι-

233 3811 439 3913 deant
494 3814 856 3903 stipatores
906 3838 1127 3887 meos:
1182 3816 1439 3887 talibus
1488 3839 1597 3886 me
1659 3816 1873 3885 armis
1929 3814 2180 3883 ambiri
2230 3835 2362 3882 non
2422 3833 2621 3914 nego.
2692 3810 2788 3911 He]

237 3920 306 3967 m
337 3904 663 3983 curribus,
700 3915 763 3973 et
811 3905 889 3974 Ιιί
917 3909 987 3975 in
1020 3908 1230 3997 equis,
1277 3929 1395 3975 nos
1448 3917 1674 3976 autem
1701 3907 1772 3973 in
1803 3906 2066 3974 nomine
2118 3904 2389 3972 Domini
2412 3905 2528 3970 Det
2574 3910 2784 3970 nostra

236 3992 824 4080 magnificabimur
846 3995 1130 4086 (Psaim.
1175 3996 1307 4085 19).
1344 3994 1673 4075 Eliseum,
1714 3995 2097 4084 scripturae
2129 3991 2404 4061 divinae
2436 3990 2647 4060 series
2681 4010 2784 4058 re-

239 4074 366 4176 fert
391 4078 487 4165 (4.
532 4087 694 4174 Περ.
732 4086 849 4175 vi),
893 4108 1052 4155 cum
1088 4086 1176 4155 ab
1215 4083 1517 4154 exercitu
1558 4088 1888 4173 Syrorum
1923 4091 2099 4151 esset
2146 4081 2493 4159 obsessuS,
2530 4078 2785 4149 dixisse

238 4169 506 4239 timenti
557 4175 851 4256 servulo,
906 4198 992 4245 ne
1024 4175 1322 4244 timeret:
1375 4173 1539 4261 quia
1586 4171 1824 4261 plures
1868 4170 2152 4271 (inquit)
2190 4191 2310 4260 pro
2361 4167 2558 4237 nobis
2593 4178 2778 4246 sunt,

237 4277 451 4357 quam
499 4274 735 4333 contra
776 4287 925 4334 nos.
966 4270 1043 4335 Et
1090 4275 1166 4334 ut
1197 4263 1325 4332 hoc
1377 4262 1718 4352 probaret,
1760 4272 2011 4361 petisse
2058 4271 2134 4329 ut
2165 4258 2349 4328 oculi
2398 4257 2579 4327 Giezi
2628 4277 2785 4345 ape-

235 4358 568 4431 rirentur,
602 4353 859 4439 quibus
899 4354 1305 4423 innumeros
1353 4350 1593 4421 adesse
1638 4349 1810 4419 vid1t
1855 4349 2229 4440 prophetae
2275 4348 2612 4417 exercitus
2660 4366 2783 4412 an-

235 4437 577 4528 gelorum.
632 4448 764 4515 Nos
810 4445 938 4514 etsi
997 4465 1112 4513 eos
1168 4441 1399 4512 videre
1461 4461 1598 4513 non
1661 4461 2081 4529 possumus,
2136 4436 2474 4508 sentimus
2524 4449 2775 4504 tamen.

398 4556 640 4619 surius
655 4584 681 4600 -
705 4554 867 4617 Vitae
890 4553 998 4619 HS.
1020 4583 1046 4599 -
1064 4552 1190 4612 Vol.
1236 4548 1332 4610 v1.
2543 4545 2622 4602 30
