3357 4995
244 353 460 424 JUNII
507 360 591 424 25
959 378 1033 424 os
1086 378 1142 425 s.
1195 376 1507 425 rannoNu
1554 377 1723 424 vinc.
1775 377 1851 423 nr
1897 377 2085 425 mar.
2560 362 2688 426 539

247 461 489 531 ambas
527 461 740 551 jussit
786 461 1077 530 Brienna
1146 460 1402 543 sedere,
1469 474 1534 531 et
1603 460 2003 531 Febroniam
2054 461 2327 532 divinae
2392 463 2777 554 scripturae

244 548 461 619 libros
511 549 754 640 legere.
810 550 970 640 Ejus
1018 561 1246 619 autem
1287 548 1575 621 lectione
1607 572 1688 619 ac
1737 550 2050 620 doctrina
2081 552 2172 620 ita
2211 565 2626 642 compuncta
2673 567 2777 623 est

247 637 500 720 Hieria,
530 650 608 707 ut
632 650 838 708 totam
870 651 1133 709 noctem
1164 640 1550 709 insomnem
1585 638 1796 709 simul
1830 639 2319 730 transegerint:
2348 661 2568 728 neque
2590 641 2774 711 enim

248 726 573 797 Febronia
628 726 945 808 dicendo,
1000 748 1218 815 neque
1254 727 1482 798 Hieria
1538 727 1884 797 audiendo
1932 728 2454 819 defatigabatur.
2481 735 2776 800 Tantum

248 837 405 885 vero
438 814 904 905 lacrymarum
958 816 1025 885 in
1080 827 1327 885 terram
1378 815 1619 886 effudit
1658 815 1911 898 Hieria,
1964 829 2040 886 ut
2091 830 2301 888 totum
2352 817 2577 888 solum
2625 817 2779 906 ejus

245 903 570 994 lacrymis
641 905 1000 1005 irrigatum
1059 904 1284 977 fuerit.
1357 904 1669 975 Diluculo
1734 915 1960 975 autem
2020 906 2127 976 vix
2192 907 2486 977 Bricnna
2558 907 2780 997 potuit

248 993 661 1084 persuadere
702 995 991 1074 Hieriae,
1027 1006 1100 1063 ut
1140 993 1334 1064 illinc
1364 993 1447 1063 ad
1485 1006 1801 1084 parentes
1848 1016 2009 1065 suos
2061 994 2330 1065 rediret.
2370 999 2535 1065 Cum
2572 996 2779 1086 igitur

239 1103 315 1153 se
364 1081 664 1151 vicissim
716 1083 959 1152 iteruin
1022 1082 1398 1172 amplexae,
1462 1082 1930 1172 lacrymarum
2003 1083 2241 1173 plenae
2287 1083 2600 1163 fuissent,
2656 1084 2777 1153 de-

238 1171 510 1240 scendit
536 1172 764 1240 Hieria
804 1173 869 1240 in
900 1170 1184 1240 domum
1219 1194 1442 1252 suam,
1478 1184 1541 1241 et
1580 1172 1917 1261 persuasit
1955 1172 2375 1261 parentibus,
2399 1186 2475 1242 ut
2514 1174 2601 1242 ab
2630 1174 2777 1242 ina-

238 1259 451 1329 nibus
500 1271 819 1349 paternae
868 1260 1254 1330 traditionis
1306 1260 1635 1344 moribuS,
1697 1271 1764 1329 et
1810 1259 2152 1330 idolorum
2190 1261 2513 1331 servitute
2555 1261 2777 1333 disce-

238 1347 501 1429 derent,
540 1360 603 1418 et
646 1350 1204 1419 Deum-omnium
1257 1353 1637 1418 Creatorem
1690 1362 2203 1437 cognoscerent.

329 1439 494 1523 §Q
551 1438 879 1507 Febronia
953 1459 1108 1507 vero
1188 1437 1627 1528 interrogavit
1696 1437 2139 1508 Thomaidem
2191 1460 2368 1526 quae
2434 1439 2777 1510 secundas

239 1537 470 1616 partes
500 1526 904 1597 diaconatus
938 1527 1248 1616 gerebat:
1282 1549 1316 1591 «
1342 1531 1630 1609 Quaeso,
1663 1526 1945 1595 domina
1997 1549 2145 1596 mea
2176 1540 2242 1597 et
2269 1539 2525 1597 mater:
2556 1532 2775 1610 Quae-

241 1636 403 1684 nam
452 1626 554 1683 est
618 1613 733 1683 illa
800 1616 1048 1705 hospes
1095 1628 1159 1684 et
1218 1637 1410 1684 soror
1473 1636 1648 1702 quae
1716 1615 1809 1684 ita
1872 1614 2200 1706 lacrymis
2256 1615 2533 1705 perfusa
2580 1629 2768 1697 erat,

238 1703 441 1790 quasi
491 1703 662 1772 alias
691 1725 1043 1791 nunquam
1077 1703 1346 1773 divinas
1367 1703 1599 1773 literas
1629 1703 1762 1793 legi
1809 1704 2146 1773 audierit?
2177 1729 2211 1772 »
2235 1710 2425 1775 Tunc
2455 1705 2777 1775 Thomais

244 1791 615 1861 Febroniae
646 1792 1027 1882 respondit:
1090 1820 1113 1854 α
1152 1797 1245 1861 An
1284 1793 1561 1882 ignoras
1614 1814 1794 1880 quae
1839 1792 1956 1862 illa
2009 1794 2144 1863 sit?
2192 1832 2221 1843 -
2271 1798 2347 1862 Et
2397 1795 2770 1875 undenam,

243 1881 472 1967 inquit
505 1880 645 1961 illa,
676 1881 1103 1972 peregrinam
1134 1881 1489 1951 mulierem
1524 1903 1935 1972 cognoscere
1966 1886 2315 1969 poteram?
2345 1889 2566 1952 »Tum
2602 1882 2776 1952 Tho-

238 1969 442 2038 mais:
471 1992 506 2035 «
529 1974 705 2040 Haec
728 1983 827 2040 est
855 1970 1105 2050 Hieria,
1133 1970 1453 2039 senatorii
1478 1971 1750 2060 generis
1775 1969 2098 2041 foemina.
2120 2010 2151 2022 -
2172 1975 2246 2039 Et
2262 1992 2395 2058 qua
2408 1993 2499 2051 re,
2523 1971 2770 2058 inquit,

237 2058 596 2140 Febronia,
654 2059 820 2128 mihi
857 2081 991 2128 non
1042 2059 1507 2149 significastis,
1544 2080 1628 2128 ne
1658 2081 1785 2150 ego
1832 2071 2159 2147 tanquam
2196 2083 2355 2129 cum
2399 2082 2629 2132 sorore
2680 2060 2769 2129 lo·

234 2152 533 2233 querer?
583 2171 617 2214 »
645 2153 719 2216 At
767 2148 916 2217 illa:
958 2171 992 2214 «
1023 2152 1121 2216 Ita
1171 2146 1552 2237 fierijussit
1598 2148 1891 2217 Bricnna
1940 2154 2237 2218 Praeses.
2280 2148 2490 2217 »Illis
2529 2149 2777 2220 diebus

239 2237 616 2305 aeorotavit
644 2237 968 2306 Febronia
994 2259 1213 2324 usque
1234 2236 1320 2305 ad
1353 2248 1663 2317 mortem,
1694 2249 1758 2305 et
1781 2237 1846 2305 in
1877 2258 2160 2307 scamno
2182 2236 2297 2306 illo
2324 2259 2451 2306 suo
2470 2237 2765 2328 jacebat.

412 2327 505 2394 9.
560 2326 838 2394 Interim
898 2325 1077 2394 fama
1124 2325 1462 2413 quaedam
1513 2325 1597 2393 ad
1648 2325 1892 2395 urbem
1942 2325 2132 2395 illam
2185 2326 2535 2415 pervenit,
2591 2327 2774 2413 Lysi-

233 2414 568 2482 machum
599 2426 664 2483 et
703 2413 1016 2483 Selenum
1046 2414 1434 2495 adventare,
1492 2426 1568 2484 ut
1618 2415 2038 2484 Christianos
2076 2415 2499 2484 cruciatibus
2535 2415 2772 2484 multis

229 2500 638 2603 affligerent.
683 2507 934 2573 Omnes
981 2505 1195 2607 igitur
1241 2503 1629 2585 Christiani,
1674 2504 1796 2591 qui
1844 2504 2136 2573 erantin
2168 2504 2459 2586 civitate,
2508 2503 2763 2584 clerici,

232 2591 397 2660 laici
448 2605 511 2662 et
543 2592 883 2674 monachi,
923 2593 1174 2662 relictis
1206 2592 1412 2662 rebus
1437 2593 1606 2673 suiS,
1654 2592 2095 2683 aufugerunt,
2134 2593 2225 2662 ita
2262 2604 2336 2663 ut
2382 2593 2533 2683 ejus
2562 2594 2770 2662 etiam

226 2680 434 2752 urbis
480 2681 721 2772 Episco
775 2704 856 2751 us
919 2696 1190 2772 propter
1267 2680 1739 2751 imminentem
1793 2694 2116 2751 terrorem
2181 2703 2253 2751 se
2299 2680 2765 2752 occultaverit.

228 2773 402 2839 Cum
436 2770 562 2839 hoc
601 2792 688 2839 au
747 2770 1021 2840 ivissent
1049 2772 1200 2861 ejus
1227 2770 1624 2839 monasterii
1662 2792 1952 2851 sororeS,
1998 2769 2318 2840 adierunt
2365 2771 2760 2850 Briennam,

226 2871 295 2927 et
330 2858 501 2928 haec
547 2852 607 2928 ei
656 2858 1009 2928 dixerunt:
1044 2858 1439 2943 «Quidnam
1488 2858 1844 2939 faciemuS,
1892 2882 2052 2930 cum
2093 2857 2273 2929 ferae
2306 2860 2545 2929 urbem
2592 2860 2772 2929 hanc

229 2948 746 3038 occupaverint,
783 2959 845 3017 et
896 2971 1135 3018 omnes
1188 2970 1307 3040 pro
1365 2961 1460 3017 ter
1497 2949 1941 3017 imminentes
1993 2947 2217 3018 minas
2267 2948 2713 3039 aufugerint?
2743 2986 2772 2997 -

229 3036 607 3120 Quidnam,
642 3036 861 3124 inquit
887 3038 1201 3118 Bricnna,
1240 3058 1319 3106 vo
1373 3037 1431 3108 is
1459 3036 1728 3127 placet?
1756 3062 1780 3098 »
1811 3042 1982 3106 Tum
2019 3037 2216 3107 illae:
2255 3038 2590 3117 «Jubeas,
2633 3058 2774 3105 ma-

228 3138 355 3207 ter,
400 3147 526 3195 nos
557 3124 763 3194 latere
815 3126 1184 3216 paulisper,
1227 3139 1301 3194 ut
1331 3125 1601 3196 animas
1634 3138 1900 3197 nostras
1929 3147 2053 3196 nos
2092 3126 2295 3196 etiam
2348 3147 2770 3195 servemus»

224 3215 320 3284 Ad
376 3215 547 3283 haec
598 3214 924 3284 Brienna:
980 3215 1374 3295 «Nondum,
1430 3214 1676 3301 inquit,
1719 3213 1979 3285 bellum
2023 3214 2314 3295 vidistis,
2367 3225 2434 3284 et
2480 3215 2564 3283 de
2611 3212 2774 3304 fuga

222 3303 594 3394 cogitatis?
623 3302 937 3373 Nondum
971 3303 1306 3394 palaestra
1337 3314 1607 3393 praesto
1643 3314 1769 3384 cst,
1808 3316 1872 3373 et
1898 3303 2124 3374 statim
2161 3326 2276 3374 vos
2312 3304 2523 3374 victas
2549 3316 2775 3373 osten-

226 3392 441 3461 ditis?
491 3391 728 3473 Nolite,
767 3413 1044 3480 quaeSO,
1101 3392 1303 3473 filiae,
1361 3392 1449 3462 ita
1497 3392 1758 3462 facere:
1821 3392 2054 3473 nolite,
2112 3413 2392 3479 quaeso,
2447 3391 2565 3461 sed
2595 3392 2772 3461 <resi-

223 3495 504 3551 stamus
534 3537 549 3562 ,
602 3493 667 3549 et
712 3494 1075 3561 certemus,
1129 3504 1209 3551 ac
1262 3482 1639 3552 moriamur
1691 3502 1810 3572 pro
1839 3502 1955 3561 e0‚
2008 3481 2129 3569 qui
2180 3501 2304 3572 pro
2348 3481 2546 3550 nobis
2586 3502 2770 3550 mor-

218 3583 385 3641 tuus
423 3581 555 3651 est,
589 3583 762 3641 utet
792 3592 949 3640 cum
1002 3570 1119 3639 illo
1162 3571 1493 3640 vivamus.
1540 3598 1561 3629 ι
1595 3574 1776 3639 Haec
1824 3592 1984 3639 oum
2017 3590 2283 3640 sorores
2316 3568 2766 3650 audivissent,

219 3660 739 3730 conticuerunt.

310 3752 348 3836 ξ
397 3753 562 3822 11).
624 3747 735 3816 Die
767 3747 1529 3817 autem·crastinouna
1571 3746 1910 3835 quaedam
1960 3767 1997 3815 e
2044 3746 2422 3827 sororibus,
2491 3748 2773 3816 nomine

222 3837 563 3917 Aetheria,
592 3834 791 3905 dixit:
832 3835 1037 3905 «Scio
1057 3856 1205 3926 eg0,
1244 3835 1428 3922 quod
1464 3835 1835 3906 Febroniae
1868 3838 2080 3904 causa
2114 3857 2247 3904 non
2287 3835 2616 3936 permittit
2648 3856 2774 3905 nos

223 3927 523 3995 Brienna
555 3924 715 3994 hinc
766 3924 1101 3995 secedere.
1134 3930 1443 3996 Fortasse
1494 3936 1771 4016 propter
1802 3924 1980 3994 hanc
2022 3923 2424 3994 Febromam
2466 3946 2587 3995 nos
2619 3945 2772 3994 om-

225 4034 350 4083 nes
387 4014 611 4106 perire
635 4012 800 4083 vult.
840 4013 966 4083 Sed
998 4035 1154 4084 ecce
1184 4035 1309 4105 ego
1354 4012 1510 4083 dico
1572 4012 1784 4094 vobis,
1837 4026 1916 4082 ut
1966 4012 2156 4083 illam
2197 4012 2553 4083 adeamus:
2618 4013 2772 4104 ipsa

222 4102 411 4171 enirn
446 4123 573 4193 pro
597 4103 926 4174 omnibus
971 4102 1221 4183 dicam,
1275 4102 1458 4190 quod
1485 4103 1700 4171 decet.
1744 4125 1780 4168 »
1808 4105 1972 4171 Cum
2006 4101 2173 4171 haec
2206 4101 2634 4183 audivissent
2660 4123 2770 4173 so-

226 4211 444 4270 rores,
493 4190 670 4260 aliae
711 4203 1091 4282 paruerunt
1136 4190 1505 4271 Aetheriae,
1552 4190 1730 4260 aliae
1783 4190 2365 4272 contradixerunt,
2399 4191 2552 4279 ejus
2603 4211 2770 4260 con-

226 4278 469 4348 silium
521 4280 1084 4349 condemnantes
1121 4285 1426 4368 Cumque
1475 4280 1695 4350 multa
1726 4279 2069 4350 dissensio
2116 4279 2295 4349 inter
2324 4302 2440 4350 eas
2489 4300 2612 4369 per
2642 4276 2770 4348 ali-

224 4379 397 4454 quot
430 4366 633 4436 horas
659 4368 920 4449 fuisset,
960 4381 1303 4460 postremo
1332 4390 1573 4438 omnes
1620 4366 1999 4438 concordes
2027 4367 2348 4438 adierunt
2373 4368 2763 4448 Briennam,

222 4468 302 4527 ut
337 4455 618 4536 scirent,
670 4456 850 4544 quod
902 4457 1270 4528 consilium
1304 4457 1441 4528 illis
1480 4456 1696 4527 daret.
1735 4462 1970 4529 Postea
2002 4478 2158 4526 vero
2186 4477 2392 4545 quam
2439 4466 2772 4525 venerunt
