<?xml version="1.0" encoding="UTF-8"?>
<!DOCTYPE html PUBLIC "-//W3C//DTD XHTML 1.0 Transitional//EN"
    "http://www.w3.org/TR/xhtml1/DTD/xhtml1-transitional.dtd">
<html xmlns="http://www.w3.org/1999/xhtml" xml:lang="en" lang="en">
 <head>
  <title>
</title>
<meta http-equiv="Content-Type" content="text/html;charset=utf-8" />
  <meta name='ocr-system' content='tesseract 3.04.00' />
  <meta name='ocr-capabilities' content='ocr_page ocr_carea ocr_par ocr_line ocrx_word'/>
</head>
<body>
  <div class='ocr_page' id='page_1' title='image "./historiaeseuvit02lippgoog_0524.png"; bbox 0 0 3357 4995; ppageno 0'>
   <div class='ocr_carea' id='block_1_1' title="bbox 691 323 3143 397">
    <p class='ocr_par' dir='ltr' id='par_1_1' title="bbox 691 323 3143 397">
     <span class='ocr_line' id='line_1_1' title="bbox 691 323 3143 397; baseline -0 -1"><span class='ocrx_word' id='word_1_1' title='bbox 691 332 821 397; x_wconf 75' lang='lat'><strong>508</strong></span> <span class='ocrx_word' id='word_1_2' title='bbox 1309 349 1389 396; x_wconf 75' lang='lat' dir='ltr'><strong>na</strong></span> <span class='ocrx_word' id='word_1_3' title='bbox 1433 348 1810 396; x_wconf 70' lang='lat' dir='ltr'><strong>numum</strong></span> <span class='ocrx_word' id='word_1_4' title='bbox 1855 349 1913 397; x_wconf 89' lang='lat' dir='ltr'><strong>s.</strong></span> <span class='ocrx_word' id='word_1_5' title='bbox 1964 347 2228 397; x_wconf 66' lang='lat' dir='ltr'><strong>tomis</strong></span> <span class='ocrx_word' id='word_1_6' title='bbox 2273 347 2453 395; x_wconf 69' lang='lat' dir='ltr'><strong>narr.</strong></span> <span class='ocrx_word' id='word_1_7' title='bbox 2795 323 3026 395; x_wconf 77' lang='lat' dir='ltr'><strong>JtJNn-</strong></span> <span class='ocrx_word' id='word_1_8' title='bbox 3057 329 3143 395; x_wconf 57' lang='lat'><strong>21</strong></span> 
     </span>
    </p>
   </div>
   <div class='ocr_carea' id='block_1_2' title="bbox 596 431 3156 4513">
    <p class='ocr_par' dir='ltr' id='par_1_2' title="bbox 596 431 3150 1069">
     <span class='ocr_line' id='line_1_2' title="bbox 598 431 3144 523; baseline -0.002 -19"><span class='ocrx_word' id='word_1_9' title='bbox 598 446 974 505; x_wconf 85' lang='lat' dir='ltr'><strong>terrarum:</strong></span> <span class='ocrx_word' id='word_1_10' title='bbox 1029 444 1260 523; x_wconf 88' lang='lat' dir='ltr'><strong>portas</strong></span> <span class='ocrx_word' id='word_1_11' title='bbox 1307 437 1832 502; x_wconf 84' lang='lat' dir='ltr'><strong>Praecursorem</strong></span> <span class='ocrx_word' id='word_1_12' title='bbox 1896 432 2143 503; x_wconf 85' lang='lat' dir='ltr'><strong>Christi</strong></span> <span class='ocrx_word' id='word_1_13' title='bbox 2193 431 2443 522; x_wconf 83' lang='lat' dir='ltr'><strong>Regis:</strong></span> <span class='ocrx_word' id='word_1_14' title='bbox 2488 431 2798 502; x_wconf 87' lang='lat' dir='ltr'><strong>contines</strong></span> <span class='ocrx_word' id='word_1_15' title='bbox 2849 431 3144 502; x_wconf 90' lang='lat' dir='ltr'><strong>militem</strong></span> 
     </span>
     <span class='ocr_line' id='line_1_3' title="bbox 597 520 3142 613; baseline -0.001 -20"><span class='ocrx_word' id='word_1_16' title='bbox 597 523 849 613; x_wconf 87' lang='lat' dir='ltr'><strong>Regiae</strong></span> <span class='ocrx_word' id='word_1_17' title='bbox 884 520 1461 610; x_wconf 76' lang='lat' dir='ltr'><strong>praedicationis:</strong></span> <span class='ocrx_word' id='word_1_18' title='bbox 1515 521 1935 611; x_wconf 78' lang='lat' dir='ltr'><strong>constringis</strong></span> <span class='ocrx_word' id='word_1_19' title='bbox 1987 533 2384 611; x_wconf 80' lang='lat' dir='ltr'><strong>martyrem,</strong></span> <span class='ocrx_word' id='word_1_20' title='bbox 2422 534 2488 591; x_wconf 92' lang='lat' dir='ltr'><strong>et</strong></span> <span class='ocrx_word' id='word_1_21' title='bbox 2533 521 2864 609; x_wconf 87' lang='lat' dir='ltr'><strong>majorem</strong></span> <span class='ocrx_word' id='word_1_22' title='bbox 2919 522 3142 591; x_wconf 88' lang='lat' dir='ltr'><strong>omni·</strong></span> 
     </span>
     <span class='ocr_line' id='line_1_4' title="bbox 596 609 3140 700; baseline -0.002 -17"><span class='ocrx_word' id='word_1_23' title='bbox 596 613 730 683; x_wconf 90' lang='lat' dir='ltr'><strong>bus</strong></span> <span class='ocrx_word' id='word_1_24' title='bbox 758 611 937 680; x_wconf 87' lang='lat' dir='ltr'><strong>inter</strong></span> <span class='ocrx_word' id='word_1_25' title='bbox 981 622 1178 680; x_wconf 87' lang='lat' dir='ltr'><strong>natos</strong></span> <span class='ocrx_word' id='word_1_26' title='bbox 1227 609 1596 680; x_wconf 78' lang='lat' dir='ltr'><strong>mulierum</strong></span> <span class='ocrx_word' id='word_1_27' title='bbox 1626 633 1641 673; x_wconf 72' lang='grc' dir='ltr'><em>ε</em></span> <span class='ocrx_word' id='word_1_28' title='bbox 1678 622 1746 679; x_wconf 90' lang='lat' dir='ltr'><strong>et</strong></span> <span class='ocrx_word' id='word_1_29' title='bbox 1793 610 2089 699; x_wconf 86' lang='lat' dir='ltr'><strong>impedis</strong></span> <span class='ocrx_word' id='word_1_30' title='bbox 2120 609 2420 680; x_wconf 78' lang='lat' dir='ltr'><strong>velocem</strong></span> <span class='ocrx_word' id='word_1_31' title='bbox 2451 631 2803 680; x_wconf 81' lang='lat' dir='ltr'><strong>cursorem</strong></span> <span class='ocrx_word' id='word_1_32' title='bbox 2839 609 3140 700; x_wconf 84' lang='lat' dir='ltr'><strong>pietatis.</strong></span> 
     </span>
     <span class='ocr_line' id='line_1_5' title="bbox 600 696 3150 789; baseline -0.001 -18"><span class='ocrx_word' id='word_1_33' title='bbox 600 702 839 789; x_wconf 89' lang='lat' dir='ltr'><strong>Inique</strong></span> <span class='ocrx_word' id='word_1_34' title='bbox 887 698 1079 778; x_wconf 85' lang='lat' dir='ltr'><strong>facis,</strong></span> <span class='ocrx_word' id='word_1_35' title='bbox 1123 720 1163 769; x_wconf 94' lang='lat' dir='ltr'><strong>o</strong></span> <span class='ocrx_word' id='word_1_36' title='bbox 1201 712 1451 769; x_wconf 90' lang='lat' dir='ltr'><strong>mater:</strong></span> <span class='ocrx_word' id='word_1_37' title='bbox 1486 720 1623 767; x_wconf 87' lang='lat' dir='ltr'><strong>non</strong></span> <span class='ocrx_word' id='word_1_38' title='bbox 1675 699 1853 769; x_wconf 91' lang='lat' dir='ltr'><strong>nosti</strong></span> <span class='ocrx_word' id='word_1_39' title='bbox 1908 696 2182 780; x_wconf 87' lang='lat' dir='ltr'><strong>futura,</strong></span> <span class='ocrx_word' id='word_1_40' title='bbox 2249 698 2530 789; x_wconf 87' lang='lat' dir='ltr'><strong>ignoras</strong></span> <span class='ocrx_word' id='word_1_41' title='bbox 2586 720 2689 780; x_wconf 92' lang='lat' dir='ltr'><strong>ea,</strong></span> <span class='ocrx_word' id='word_1_42' title='bbox 2741 719 2922 785; x_wconf 85' lang='lat' dir='ltr'><strong>quae</strong></span> <span class='ocrx_word' id='word_1_43' title='bbox 2979 709 3150 768; x_wconf 89' lang='lat' dir='ltr'><strong>sunt</strong></span> 
     </span>
     <span class='ocr_line' id='line_1_6' title="bbox 597 786 3144 877; baseline -0 -20"><span class='ocrx_word' id='word_1_44' title='bbox 597 802 908 859; x_wconf 88' lang='lat' dir='ltr'><strong>ventura.</strong></span> <span class='ocrx_word' id='word_1_45' title='bbox 963 792 1103 857; x_wconf 90' lang='lat' dir='ltr'><strong>Lux</strong></span> <span class='ocrx_word' id='word_1_46' title='bbox 1150 788 1377 869; x_wconf 86' lang='lat' dir='ltr'><strong>venit,</strong></span> <span class='ocrx_word' id='word_1_47' title='bbox 1432 786 1615 857; x_wconf 80' lang='lat' dir='ltr'><strong>solve</strong></span> <span class='ocrx_word' id='word_1_48' title='bbox 1666 787 2114 857; x_wconf 90' lang='lat' dir='ltr'><strong>matutinum.</strong></span> <span class='ocrx_word' id='word_1_49' title='bbox 2174 787 2283 857; x_wconf 90' lang='lat' dir='ltr'><strong>Sol</strong></span> <span class='ocrx_word' id='word_1_50' title='bbox 2340 787 2583 866; x_wconf 86' lang='lat' dir='ltr'><strong>oritur,</strong></span> <span class='ocrx_word' id='word_1_51' title='bbox 2639 786 2833 877; x_wconf 86' lang='lat' dir='ltr'><strong>prius</strong></span> <span class='ocrx_word' id='word_1_52' title='bbox 2884 787 3144 857; x_wconf 86' lang='lat' dir='ltr'><strong>lucebit</strong></span> 
     </span>
     <span class='ocr_line' id='line_1_7' title="bbox 598 875 3136 967; baseline -0.001 -18"><span class='ocrx_word' id='word_1_53' title='bbox 598 878 889 949; x_wconf 87' lang='lat' dir='ltr'><strong>Lucifer.</strong></span> <span class='ocrx_word' id='word_1_54' title='bbox 945 881 1022 947; x_wconf 89' lang='lat' dir='ltr'><strong>In</strong></span> <span class='ocrx_word' id='word_1_55' title='bbox 1070 875 1337 947; x_wconf 81' lang='lat' dir='ltr'><strong>foribus</strong></span> <span class='ocrx_word' id='word_1_56' title='bbox 1385 875 1500 946; x_wconf 84' lang='lat' dir='ltr'><strong>lux</strong></span> <span class='ocrx_word' id='word_1_57' title='bbox 1529 886 1654 958; x_wconf 91' lang='lat' dir='ltr'><strong>est,</strong></span> <span class='ocrx_word' id='word_1_58' title='bbox 1685 888 1751 945; x_wconf 92' lang='lat' dir='ltr'><strong>et</strong></span> <span class='ocrx_word' id='word_1_59' title='bbox 1787 897 1948 946; x_wconf 87' lang='lat' dir='ltr'><strong>voce</strong></span> <span class='ocrx_word' id='word_1_60' title='bbox 1993 888 2095 945; x_wconf 88' lang='lat' dir='ltr'><strong>est</strong></span> <span class='ocrx_word' id='word_1_61' title='bbox 2145 897 2346 966; x_wconf 91' lang='lat' dir='ltr'><strong>opus.</strong></span> <span class='ocrx_word' id='word_1_62' title='bbox 2400 881 2617 967; x_wconf 85' lang='lat' dir='ltr'><strong>Prope</strong></span> <span class='ocrx_word' id='word_1_63' title='bbox 2666 888 2770 946; x_wconf 91' lang='lat' dir='ltr'><strong>est</strong></span> <span class='ocrx_word' id='word_1_64' title='bbox 2808 897 3136 967; x_wconf 64' lang='lat' dir='ltr'><strong>sponsus»,</strong></span> 
     </span>
     <span class='ocr_line' id='line_1_8' title="bbox 596 963 3145 1069; baseline -0.002 -30"><span class='ocrx_word' id='word_1_65' title='bbox 596 981 663 1038; x_wconf 90' lang='lat' dir='ltr'><strong>et</strong></span> <span class='ocrx_word' id='word_1_66' title='bbox 684 968 955 1069; x_wconf 69' lang='lat' dir='ltr'><strong>justum</strong></span> <span class='ocrx_word' id='word_1_67' title='bbox 1002 977 1128 1046; x_wconf 87' lang='lat' dir='ltr'><strong>est,</strong></span> <span class='ocrx_word' id='word_1_68' title='bbox 1165 979 1240 1060; x_wconf 84' lang='lat' dir='ltr'><strong>ut</strong></span> <span class='ocrx_word' id='word_1_69' title='bbox 1280 964 1628 1035; x_wconf 77' lang='lat' dir='ltr'><strong>thalamus</strong></span> <span class='ocrx_word' id='word_1_70' title='bbox 1672 964 2081 1035; x_wconf 77' lang='lat' dir='ltr'><strong>extendatur</strong></span> <span class='ocrx_word' id='word_1_71' title='bbox 2109 964 2178 1033; x_wconf 91' lang='lat' dir='ltr'><strong>in</strong></span> <span class='ocrx_word' id='word_1_72' title='bbox 2212 963 2542 1034; x_wconf 83' lang='lat' dir='ltr'><strong>Jordane.</strong></span> <span class='ocrx_word' id='word_1_73' title='bbox 2597 968 2788 1055; x_wconf 90' lang='lat' dir='ltr'><strong>Opus</strong></span> <span class='ocrx_word' id='word_1_74' title='bbox 2833 977 2937 1035; x_wconf 88' lang='lat' dir='ltr'><strong>est</strong></span> <span class='ocrx_word' id='word_1_75' title='bbox 2979 986 3145 1035; x_wconf 85' lang='lat' dir='ltr'><strong>san-</strong></span> 
     </span>
    </p>

    <p class='ocr_par' dir='ltr' id='par_1_3' title="bbox 598 1054 3146 2188">
     <span class='ocr_line' id='line_1_9' title="bbox 698 1054 3146 1144; baseline -0.002 -19"><span class='ocrx_word' id='word_1_76' title='bbox 698 1078 833 1135; x_wconf 80' lang='lat' dir='ltr'><strong>ine,</strong></span> <span class='ocrx_word' id='word_1_77' title='bbox 865 1054 989 1141; x_wconf 89' lang='lat' dir='ltr'><strong>qui</strong></span> <span class='ocrx_word' id='word_1_78' title='bbox 1037 1054 1380 1123; x_wconf 87' lang='lat' dir='ltr'><strong>mundum</strong></span> <span class='ocrx_word' id='word_1_79' title='bbox 1414 1066 1643 1122; x_wconf 88' lang='lat' dir='ltr'><strong>emat:</strong></span> <span class='ocrx_word' id='word_1_80' title='bbox 1683 1066 1750 1123; x_wconf 94' lang='lat' dir='ltr'><strong>et</strong></span> <span class='ocrx_word' id='word_1_81' title='bbox 1794 1065 2057 1143; x_wconf 80' lang='lat' dir='ltr'><strong>oportet</strong></span> <span class='ocrx_word' id='word_1_82' title='bbox 2108 1075 2219 1122; x_wconf 91' lang='lat' dir='ltr'><strong>me</strong></span> <span class='ocrx_word' id='word_1_83' title='bbox 2261 1059 2528 1144; x_wconf 79' lang='lat' dir='ltr'><strong>Agnum</strong></span> <span class='ocrx_word' id='word_1_84' title='bbox 2579 1054 2858 1124; x_wconf 88' lang='lat' dir='ltr'><strong>eminus</strong></span> <span class='ocrx_word' id='word_1_85' title='bbox 2911 1066 3146 1124; x_wconf 90' lang='lat' dir='ltr'><strong>osten-</strong></span> 
     </span>
     <span class='ocr_line' id='line_1_10' title="bbox 646 1140 3137 1232; baseline -0.002 -17"><span class='ocrx_word' id='word_1_86' title='bbox 646 1168 781 1215; x_wconf 83' lang='lat' dir='ltr'><strong>ere.</strong></span> <span class='ocrx_word' id='word_1_87' title='bbox 827 1142 1215 1213; x_wconf 80' lang='lat' dir='ltr'><strong>Involutum</strong></span> <span class='ocrx_word' id='word_1_88' title='bbox 1247 1155 1346 1212; x_wconf 89' lang='lat' dir='ltr'><strong>est</strong></span> <span class='ocrx_word' id='word_1_89' title='bbox 1394 1141 1779 1212; x_wconf 89' lang='lat' dir='ltr'><strong>humanum</strong></span> <span class='ocrx_word' id='word_1_90' title='bbox 1829 1163 2048 1232; x_wconf 89' lang='lat' dir='ltr'><strong>genus</strong></span> <span class='ocrx_word' id='word_1_91' title='bbox 2093 1140 2330 1213; x_wconf 83' lang='lat' dir='ltr'><strong>fasciis</strong></span> <span class='ocrx_word' id='word_1_92' title='bbox 2388 1156 2851 1232; x_wconf 87' lang='lat' dir='ltr'><strong>peccatorum.</strong></span> <span class='ocrx_word' id='word_1_93' title='bbox 2916 1143 3137 1224; x_wconf 86' lang='lat' dir='ltr'><strong>Venit,</strong></span> 
     </span>
     <span class='ocr_line' id='line_1_11' title="bbox 598 1230 3141 1331; baseline -0.002 -27"><span class='ocrx_word' id='word_1_94' title='bbox 598 1234 719 1322; x_wconf 89' lang='lat' dir='ltr'><strong>qui</strong></span> <span class='ocrx_word' id='word_1_95' title='bbox 753 1232 955 1305; x_wconf 83' lang='lat' dir='ltr'><strong>solvit</strong></span> <span class='ocrx_word' id='word_1_96' title='bbox 981 1231 1248 1321; x_wconf 88' lang='lat' dir='ltr'><strong>ligatos.</strong></span> <span class='ocrx_word' id='word_1_97' title='bbox 1287 1234 1476 1322; x_wconf 90' lang='lat' dir='ltr'><strong>Opus</strong></span> <span class='ocrx_word' id='word_1_98' title='bbox 1506 1243 1608 1300; x_wconf 84' lang='lat' dir='ltr'><strong>est</strong></span> <span class='ocrx_word' id='word_1_99' title='bbox 1637 1230 1961 1331; x_wconf 85' lang='lat' dir='ltr'><strong>deinceps</strong></span> <span class='ocrx_word' id='word_1_100' title='bbox 2002 1233 2359 1321; x_wconf 80' lang='lat' dir='ltr'><strong>praecone,</strong></span> <span class='ocrx_word' id='word_1_101' title='bbox 2401 1243 2478 1300; x_wconf 93' lang='lat' dir='ltr'><strong>ut</strong></span> <span class='ocrx_word' id='word_1_102' title='bbox 2522 1252 2765 1300; x_wconf 84' lang='lat' dir='ltr'><strong>omnes</strong></span> <span class='ocrx_word' id='word_1_103' title='bbox 2811 1253 2973 1300; x_wconf 88' lang='lat' dir='ltr'><strong>cum</strong></span> <span class='ocrx_word' id='word_1_104' title='bbox 3032 1253 3141 1300; x_wconf 80' lang='lat' dir='ltr'><strong>re-</strong></span> 
     </span>
     <span class='ocr_line' id='line_1_12' title="bbox 600 1319 3143 1401; baseline -0.002 -9"><span class='ocrx_word' id='word_1_105' title='bbox 600 1322 946 1401; x_wconf 75' lang='lat' dir='ltr'><strong>solverint,</strong></span> <span class='ocrx_word' id='word_1_106' title='bbox 1004 1320 1278 1388; x_wconf 86' lang='lat' dir='ltr'><strong>veniant</strong></span> <span class='ocrx_word' id='word_1_107' title='bbox 1312 1340 1576 1388; x_wconf 86' lang='lat' dir='ltr'><strong>omnes:</strong></span> <span class='ocrx_word' id='word_1_108' title='bbox 1628 1332 1695 1387; x_wconf 85' lang='lat' dir='ltr'><strong>et</strong></span> <span class='ocrx_word' id='word_1_109' title='bbox 1747 1333 1822 1388; x_wconf 92' lang='lat' dir='ltr'><strong>tu</strong></span> <span class='ocrx_word' id='word_1_110' title='bbox 1876 1341 1948 1388; x_wconf 86' lang='lat' dir='ltr'><strong>m</strong></span> <span class='ocrx_word' id='word_1_111' title='bbox 1999 1332 2192 1390; x_wconf 88' lang='lat' dir='ltr'><strong>utero</strong></span> <span class='ocrx_word' id='word_1_112' title='bbox 2246 1319 2495 1390; x_wconf 83' lang='lat' dir='ltr'><strong>retines</strong></span> <span class='ocrx_word' id='word_1_113' title='bbox 2557 1323 3143 1389; x_wconf 78' lang='lat' dir='ltr'><strong>Praecursorem?</strong></span> 
     </span>
     <span class='ocr_line' id='line_1_13' title="bbox 600 1408 3138 1499; baseline -0.002 -17"><span class='ocrx_word' id='word_1_114' title='bbox 600 1417 740 1482; x_wconf 89' lang='lat' dir='ltr'><strong>Non</strong></span> <span class='ocrx_word' id='word_1_115' title='bbox 785 1410 904 1479; x_wconf 89' lang='lat' dir='ltr'><strong>tibi</strong></span> <span class='ocrx_word' id='word_1_116' title='bbox 942 1409 1123 1477; x_wconf 89' lang='lat' dir='ltr'><strong>venit</strong></span> <span class='ocrx_word' id='word_1_117' title='bbox 1155 1408 1220 1476; x_wconf 85' lang='lat' dir='ltr'><strong>in</strong></span> <span class='ocrx_word' id='word_1_118' title='bbox 1259 1421 1582 1488; x_wconf 85' lang='lat' dir='ltr'><strong>mentem,</strong></span> <span class='ocrx_word' id='word_1_119' title='bbox 1618 1429 1658 1477; x_wconf 94' lang='lat' dir='ltr'><strong>o</strong></span> <span class='ocrx_word' id='word_1_120' title='bbox 1709 1419 1945 1489; x_wconf 87' lang='lat' dir='ltr'><strong>mater,</strong></span> <span class='ocrx_word' id='word_1_121' title='bbox 1985 1408 2192 1478; x_wconf 76' lang='lat' dir='ltr'><strong>Adam</strong></span> <span class='ocrx_word' id='word_1_122' title='bbox 2245 1419 2339 1478; x_wconf 90' lang='lat' dir='ltr'><strong>tot</strong></span> <span class='ocrx_word' id='word_1_123' title='bbox 2383 1408 2616 1477; x_wconf 87' lang='lat' dir='ltr'><strong>secula</strong></span> <span class='ocrx_word' id='word_1_124' title='bbox 2681 1409 2899 1478; x_wconf 89' lang='lat' dir='ltr'><strong>teneri</strong></span> <span class='ocrx_word' id='word_1_125' title='bbox 2947 1408 3138 1499; x_wconf 88' lang='lat' dir='ltr'><strong>apud</strong></span> 
     </span>
     <span class='ocr_line' id='line_1_14' title="bbox 602 1496 3140 1587; baseline -0.002 -18"><span class='ocrx_word' id='word_1_126' title='bbox 602 1499 907 1569; x_wconf 71' lang='lat' dir='ltr'><strong>inferos?</strong></span> <span class='ocrx_word' id='word_1_127' title='bbox 971 1502 1112 1567; x_wconf 84' lang='lat' dir='ltr'><strong>Non</strong></span> <span class='ocrx_word' id='word_1_128' title='bbox 1171 1496 1567 1566; x_wconf 85' lang='lat' dir='ltr'><strong>consideras</strong></span> <span class='ocrx_word' id='word_1_129' title='bbox 1614 1502 1788 1566; x_wconf 86' lang='lat' dir='ltr'><strong>Evae</strong></span> <span class='ocrx_word' id='word_1_130' title='bbox 1846 1496 2076 1567; x_wconf 89' lang='lat' dir='ltr'><strong>luctus</strong></span> <span class='ocrx_word' id='word_1_131' title='bbox 2122 1509 2188 1567; x_wconf 91' lang='lat' dir='ltr'><strong>et</strong></span> <span class='ocrx_word' id='word_1_132' title='bbox 2248 1496 2599 1587; x_wconf 72' lang='lat' dir='ltr'><strong>gemitus?</strong></span> <span class='ocrx_word' id='word_1_133' title='bbox 2652 1502 2796 1568; x_wconf 86' lang='lat' dir='ltr'><strong>Non</strong></span> <span class='ocrx_word' id='word_1_134' title='bbox 2841 1497 3140 1567; x_wconf 73' lang='lat' dir='ltr'><strong>intueris</strong></span> 
     </span>
     <span class='ocr_line' id='line_1_15' title="bbox 600 1584 3140 1676; baseline -0.002 -18"><span class='ocrx_word' id='word_1_135' title='bbox 600 1587 845 1658; x_wconf 90' lang='lat' dir='ltr'><strong>mundi</strong></span> <span class='ocrx_word' id='word_1_136' title='bbox 910 1584 1279 1666; x_wconf 85' lang='lat' dir='ltr'><strong>tristitiam,</strong></span> <span class='ocrx_word' id='word_1_137' title='bbox 1343 1584 1444 1653; x_wconf 89' lang='lat' dir='ltr'><strong>vel</strong></span> <span class='ocrx_word' id='word_1_138' title='bbox 1511 1585 1738 1675; x_wconf 90' lang='lat' dir='ltr'><strong>potius</strong></span> <span class='ocrx_word' id='word_1_139' title='bbox 1791 1585 2200 1655; x_wconf 75' lang='lat' dir='ltr'><strong>interitum?</strong></span> <span class='ocrx_word' id='word_1_140' title='bbox 2249 1584 2485 1655; x_wconf 80' lang='lat' dir='ltr'><strong>Adhuc</strong></span> <span class='ocrx_word' id='word_1_141' title='bbox 2533 1587 2787 1656; x_wconf 88' lang='lat' dir='ltr'><strong>clamat</strong></span> <span class='ocrx_word' id='word_1_142' title='bbox 2849 1586 3140 1676; x_wconf 89' lang='lat' dir='ltr'><strong>sanguis</strong></span> 
     </span>
     <span class='ocr_line' id='line_1_16' title="bbox 600 1672 3142 1765; baseline -0.001 -19"><span class='ocrx_word' id='word_1_143' title='bbox 600 1676 824 1746; x_wconf 82' lang='lat' dir='ltr'><strong>Abelis</strong></span> <span class='ocrx_word' id='word_1_144' title='bbox 893 1686 1125 1743; x_wconf 88' lang='lat' dir='ltr'><strong>contra</strong></span> <span class='ocrx_word' id='word_1_145' title='bbox 1176 1674 1333 1742; x_wconf 88' lang='lat' dir='ltr'><strong>Cain</strong></span> <span class='ocrx_word' id='word_1_146' title='bbox 1395 1672 1866 1762; x_wconf 75' lang='lat' dir='ltr'><strong>interpellans.</strong></span> <span class='ocrx_word' id='word_1_147' title='bbox 1922 1675 2042 1743; x_wconf 88' lang='lat' dir='ltr'><strong>His</strong></span> <span class='ocrx_word' id='word_1_148' title='bbox 2094 1675 2558 1765; x_wconf 90' lang='lat' dir='ltr'><strong>ingemiscunt</strong></span> <span class='ocrx_word' id='word_1_149' title='bbox 2614 1674 2717 1743; x_wconf 85' lang='lat' dir='ltr'><strong>vel</strong></span> <span class='ocrx_word' id='word_1_150' title='bbox 2781 1674 2931 1765; x_wconf 89' lang='lat' dir='ltr'><strong>ipsa</strong></span> <span class='ocrx_word' id='word_1_151' title='bbox 3001 1674 3142 1744; x_wconf 86' lang='lat' dir='ltr'><strong>ele-</strong></span> 
     </span>
     <span class='ocr_line' id='line_1_17' title="bbox 603 1761 3140 1853; baseline 0 -21"><span class='ocrx_word' id='word_1_152' title='bbox 603 1776 853 1835; x_wconf 88' lang='lat' dir='ltr'><strong>menta.</strong></span> <span class='ocrx_word' id='word_1_153' title='bbox 910 1768 1264 1853; x_wconf 78' lang='lat' dir='ltr'><strong>Propterea</strong></span> <span class='ocrx_word' id='word_1_154' title='bbox 1296 1762 1483 1832; x_wconf 91' lang='lat' dir='ltr'><strong>enim</strong></span> <span class='ocrx_word' id='word_1_155' title='bbox 1527 1784 1600 1834; x_wconf 89' lang='lat' dir='ltr'><strong>es</strong></span> <span class='ocrx_word' id='word_1_156' title='bbox 1629 1762 1916 1833; x_wconf 87' lang='lat' dir='ltr'><strong>liberata</strong></span> <span class='ocrx_word' id='word_1_157' title='bbox 1959 1785 1995 1830; x_wconf 94' lang='lat' dir='ltr'><strong>a</strong></span> <span class='ocrx_word' id='word_1_158' title='bbox 2048 1763 2207 1833; x_wconf 88' lang='lat' dir='ltr'><strong>vitio</strong></span> <span class='ocrx_word' id='word_1_159' title='bbox 2254 1761 2836 1843; x_wconf 76' lang='lat' dir='ltr'><strong>infoecunditatis,</strong></span> <span class='ocrx_word' id='word_1_160' title='bbox 2892 1775 2967 1832; x_wconf 91' lang='lat' dir='ltr'><strong>ut</strong></span> <span class='ocrx_word' id='word_1_161' title='bbox 3018 1764 3140 1850; x_wconf 89' lang='lat' dir='ltr'><strong>qui</strong></span> 
     </span>
     <span class='ocr_line' id='line_1_18' title="bbox 603 1850 3135 1942; baseline -0.001 -20"><span class='ocrx_word' id='word_1_162' title='bbox 603 1866 925 1922; x_wconf 89' lang='lat' dir='ltr'><strong>nascetur</strong></span> <span class='ocrx_word' id='word_1_163' title='bbox 969 1873 1048 1920; x_wconf 84' lang='lat' dir='ltr'><strong>ex</strong></span> <span class='ocrx_word' id='word_1_164' title='bbox 1088 1850 1324 1931; x_wconf 90' lang='lat' dir='ltr'><strong>sterili,</strong></span> <span class='ocrx_word' id='word_1_165' title='bbox 1358 1872 1518 1920; x_wconf 90' lang='lat' dir='ltr'><strong>eum</strong></span> <span class='ocrx_word' id='word_1_166' title='bbox 1557 1850 1832 1932; x_wconf 91' lang='lat' dir='ltr'><strong>indicet,</strong></span> <span class='ocrx_word' id='word_1_167' title='bbox 1866 1851 1987 1937; x_wconf 86' lang='lat' dir='ltr'><strong>qui</strong></span> <span class='ocrx_word' id='word_1_168' title='bbox 2028 1864 2346 1921; x_wconf 87' lang='lat' dir='ltr'><strong>nascetur</strong></span> <span class='ocrx_word' id='word_1_169' title='bbox 2382 1873 2463 1920; x_wconf 86' lang='lat' dir='ltr'><strong>ex</strong></span> <span class='ocrx_word' id='word_1_170' title='bbox 2494 1852 2792 1942; x_wconf 81' lang='lat' dir='ltr'><strong>Virgine.</strong></span> <span class='ocrx_word' id='word_1_171' title='bbox 2827 1857 3135 1942; x_wconf 89' lang='lat' dir='ltr'><strong>Propter-</strong></span> 
     </span>
     <span class='ocr_line' id='line_1_19' title="bbox 601 1939 3142 2033; baseline -0.001 -22"><span class='ocrx_word' id='word_1_172' title='bbox 601 1963 681 2011; x_wconf 88' lang='lat' dir='ltr'><strong>ea</strong></span> <span class='ocrx_word' id='word_1_173' title='bbox 714 1963 840 2033; x_wconf 86' lang='lat' dir='ltr'><strong>ego</strong></span> <span class='ocrx_word' id='word_1_174' title='bbox 871 1942 940 2009; x_wconf 91' lang='lat' dir='ltr'><strong>in</strong></span> <span class='ocrx_word' id='word_1_175' title='bbox 1002 1953 1287 2009; x_wconf 90' lang='lat' dir='ltr'><strong>naturae</strong></span> <span class='ocrx_word' id='word_1_176' title='bbox 1331 1939 1555 2020; x_wconf 81' lang='lat' dir='ltr'><strong>exili0,</strong></span> <span class='ocrx_word' id='word_1_177' title='bbox 1615 1940 1684 2008; x_wconf 94' lang='lat' dir='ltr'><strong>in</strong></span> <span class='ocrx_word' id='word_1_178' title='bbox 1743 1940 2196 2022; x_wconf 85' lang='lat' dir='ltr'><strong>exultatione,</strong></span> <span class='ocrx_word' id='word_1_179' title='bbox 2249 1951 2327 2009; x_wconf 89' lang='lat' dir='ltr'><strong>ut</strong></span> <span class='ocrx_word' id='word_1_180' title='bbox 2388 1961 2523 2009; x_wconf 89' lang='lat' dir='ltr'><strong>non</strong></span> <span class='ocrx_word' id='word_1_181' title='bbox 2578 1940 2885 2030; x_wconf 89' lang='lat' dir='ltr'><strong>amplius</strong></span> <span class='ocrx_word' id='word_1_182' title='bbox 2943 1940 3142 2009; x_wconf 88' lang='lat' dir='ltr'><strong>saltet</strong></span> 
     </span>
     <span class='ocr_line' id='line_1_20' title="bbox 603 2027 3141 2187; baseline -0 -89"><span class='ocrx_word' id='word_1_183' title='bbox 603 2030 673 2187; x_wconf 58' lang='lat' dir='ltr'><strong>ir}</strong></span> <span class='ocrx_word' id='word_1_184' title='bbox 725 2028 987 2187; x_wconf 54' lang='grc' dir='ltr'>ωέιηξο</span> <span class='ocrx_word' id='word_1_185' title='bbox 1029 2027 1369 2099; x_wconf 90' lang='lat' dir='ltr'><strong>diabolus.</strong></span> <span class='ocrx_word' id='word_1_186' title='bbox 1425 2028 1607 2098; x_wconf 89' lang='lat' dir='ltr'><strong>Talia</strong></span> <span class='ocrx_word' id='word_1_187' title='bbox 1662 2050 1824 2119; x_wconf 86' lang='lat' dir='ltr'><strong>ergo</strong></span> <span class='ocrx_word' id='word_1_188' title='bbox 1888 2029 2193 2097; x_wconf 89' lang='lat' dir='ltr'><strong>nondum</strong></span> <span class='ocrx_word' id='word_1_189' title='bbox 2259 2041 2461 2098; x_wconf 86' lang='lat' dir='ltr'><strong>natus</strong></span> <span class='ocrx_word' id='word_1_190' title='bbox 2520 2028 2818 2100; x_wconf 71' lang='lat' dir='ltr'><strong>loannes</strong></span> <span class='ocrx_word' id='word_1_191' title='bbox 2868 2027 3141 2099; x_wconf 90' lang='lat' dir='ltr'><strong>dicebat</strong></span> 
     </span>
     <span class='ocr_line' id='line_1_21' title="bbox 601 2118 1050 2188; baseline -0.007 0"><span class='ocrx_word' id='word_1_192' title='bbox 601 2124 650 2188; x_wconf 87' lang='lat' dir='ltr'>E</span> <span class='ocrx_word' id='word_1_193' title='bbox 681 2118 780 2188; x_wconf 91' lang='lat' dir='ltr'><strong>iza</strong></span> <span class='ocrx_word' id='word_1_194' title='bbox 832 2130 897 2186; x_wconf 89' lang='lat' dir='ltr'><strong>et</strong></span> <span class='ocrx_word' id='word_1_195' title='bbox 949 2138 1050 2186; x_wconf 91' lang='lat' dir='ltr'><strong>ae.</strong></span> 
     </span>
    </p>

    <p class='ocr_par' dir='ltr' id='par_1_4' title="bbox 601 2205 3156 4158">
     <span class='ocr_line' id='line_1_22' title="bbox 690 2205 3137 2296; baseline -0.001 -18"><span class='ocrx_word' id='word_1_196' title='bbox 690 2210 727 2294; x_wconf 67' lang='grc' dir='ltr'><strong>ξ</strong></span> <span class='ocrx_word' id='word_1_197' title='bbox 773 2211 865 2278; x_wconf 74' lang='lat'><strong>8.</strong></span> <span class='ocrx_word' id='word_1_198' title='bbox 922 2210 1084 2275; x_wconf 88' lang='lat' dir='ltr'><strong>Cum</strong></span> <span class='ocrx_word' id='word_1_199' title='bbox 1138 2217 1365 2275; x_wconf 90' lang='lat' dir='ltr'><strong>autem</strong></span> <span class='ocrx_word' id='word_1_200' title='bbox 1415 2227 1494 2274; x_wconf 88' lang='lat' dir='ltr'><strong>ex</strong></span> <span class='ocrx_word' id='word_1_201' title='bbox 1543 2206 1561 2272; x_wconf 95' lang='lat' dir='ltr'><strong>i</strong></span> <span class='ocrx_word' id='word_1_202' title='bbox 1619 2227 1694 2275; x_wconf 89' lang='lat' dir='ltr'><strong>sa</strong></span> <span class='ocrx_word' id='word_1_203' title='bbox 1745 2205 2182 2296; x_wconf 89' lang='lat' dir='ltr'><strong>processisset</strong></span> <span class='ocrx_word' id='word_1_204' title='bbox 2228 2217 2292 2275; x_wconf 90' lang='lat' dir='ltr'><strong>et</strong></span> <span class='ocrx_word' id='word_1_205' title='bbox 2330 2205 2488 2295; x_wconf 88' lang='lat' dir='ltr'><strong>jure</strong></span> <span class='ocrx_word' id='word_1_206' title='bbox 2538 2205 2864 2295; x_wconf 82' lang='lat' dir='ltr'><strong>majorem</strong></span> <span class='ocrx_word' id='word_1_207' title='bbox 2903 2227 3137 2275; x_wconf 87' lang='lat' dir='ltr'><strong>susce—</strong></span> 
     </span>
     <span class='ocr_line' id='line_1_23' title="bbox 602 2292 3140 2387; baseline -0.002 -21"><span class='ocrx_word' id='word_1_208' title='bbox 602 2296 813 2387; x_wconf 92' lang='lat' dir='ltr'><strong>pisset</strong></span> <span class='ocrx_word' id='word_1_209' title='bbox 859 2293 1462 2375; x_wconf 86' lang='lat' dir='ltr'><strong>illuminationem,</strong></span> <span class='ocrx_word' id='word_1_210' title='bbox 1506 2317 1540 2363; x_wconf 90' lang='lat' dir='ltr'><strong>e</strong></span> <span class='ocrx_word' id='word_1_211' title='bbox 1595 2294 1725 2363; x_wconf 89' lang='lat' dir='ltr'><strong>ecti</strong></span> <span class='ocrx_word' id='word_1_212' title='bbox 1765 2294 2061 2364; x_wconf 89' lang='lat' dir='ltr'><strong>ostendit</strong></span> <span class='ocrx_word' id='word_1_213' title='bbox 2108 2294 2515 2374; x_wconf 80' lang='lat' dir='ltr'><strong>effectorem,</strong></span> <span class='ocrx_word' id='word_1_214' title='bbox 2558 2307 2621 2362; x_wconf 92' lang='lat' dir='ltr'><strong>et</strong></span> <span class='ocrx_word' id='word_1_215' title='bbox 2652 2294 3002 2384; x_wconf 87' lang='lat' dir='ltr'><strong>figmentis</strong></span> <span class='ocrx_word' id='word_1_216' title='bbox 3037 2292 3140 2362; x_wconf 91' lang='lat' dir='ltr'><strong>di-</strong></span> 
     </span>
     <span class='ocr_line' id='line_1_24' title="bbox 601 2382 3143 2475; baseline -0 -23"><span class='ocrx_word' id='word_1_217' title='bbox 601 2385 741 2474; x_wconf 83' lang='lat' dir='ltr'><strong>gito</strong></span> <span class='ocrx_word' id='word_1_218' title='bbox 787 2382 1083 2454; x_wconf 87' lang='lat' dir='ltr'><strong>ostendit</strong></span> <span class='ocrx_word' id='word_1_219' title='bbox 1129 2382 1459 2462; x_wconf 86' lang='lat' dir='ltr'><strong>fictorem‚</strong></span> <span class='ocrx_word' id='word_1_220' title='bbox 1518 2405 1767 2473; x_wconf 88' lang='lat' dir='ltr'><strong>magna</strong></span> <span class='ocrx_word' id='word_1_221' title='bbox 1803 2404 1963 2451; x_wconf 88' lang='lat' dir='ltr'><strong>voce</strong></span> <span class='ocrx_word' id='word_1_222' title='bbox 2001 2382 2349 2452; x_wconf 88' lang='lat' dir='ltr'><strong>clamans:</strong></span> <span class='ocrx_word' id='word_1_223' title='bbox 2394 2387 2550 2452; x_wconf 83' lang='lat' dir='ltr'><strong>Ecce</strong></span> <span class='ocrx_word' id='word_1_224' title='bbox 2577 2387 2811 2475; x_wconf 72' lang='lat' dir='ltr'><strong>Aqnua</strong></span> <span class='ocrx_word' id='word_1_225' title='bbox 2839 2383 2983 2463; x_wconf 55' lang='lat' dir='ltr'><strong>Dei,</strong></span> <span class='ocrx_word' id='word_1_226' title='bbox 3021 2385 3143 2474; x_wconf 76' lang='lat' dir='ltr'><strong>qui</strong></span> 
     </span>
     <span class='ocr_line' id='line_1_25' title="bbox 603 2470 3136 2564; baseline -0.001 -21"><span class='ocrx_word' id='word_1_227' title='bbox 603 2475 780 2543; x_wconf 79' lang='lat' dir='ltr'><strong>tollit</strong></span> <span class='ocrx_word' id='word_1_228' title='bbox 818 2482 1171 2564; x_wconf 78' lang='lat' dir='ltr'><strong>peccatum</strong></span> <span class='ocrx_word' id='word_1_229' title='bbox 1200 2472 1457 2542; x_wconf 76' lang='lat' dir='ltr'><strong>mundi.</strong></span> <span class='ocrx_word' id='word_1_230' title='bbox 1513 2471 1637 2542; x_wconf 84' lang='lat' dir='ltr'><strong>Sed</strong></span> <span class='ocrx_word' id='word_1_231' title='bbox 1691 2471 2040 2560; x_wconf 84' lang='lat' dir='ltr'><strong>quomodo</strong></span> <span class='ocrx_word' id='word_1_232' title='bbox 2084 2471 2282 2541; x_wconf 89' lang='lat' dir='ltr'><strong>illum</strong></span> <span class='ocrx_word' id='word_1_233' title='bbox 2333 2470 2692 2542; x_wconf 87' lang='lat' dir='ltr'><strong>celebrabo</strong></span> <span class='ocrx_word' id='word_1_234' title='bbox 2732 2485 2986 2553; x_wconf 88' lang='lat' dir='ltr'><strong>ortum,</strong></span> <span class='ocrx_word' id='word_1_235' title='bbox 3015 2471 3136 2559; x_wconf 92' lang='lat' dir='ltr'><strong>qui</strong></span> 
     </span>
     <span class='ocr_line' id='line_1_26' title="bbox 602 2560 3136 2650; baseline -0.001 -19"><span class='ocrx_word' id='word_1_236' title='bbox 602 2561 831 2632; x_wconf 81' lang='lat' dir='ltr'><strong>verbis</strong></span> <span class='ocrx_word' id='word_1_237' title='bbox 877 2561 1115 2648; x_wconf 89' lang='lat' dir='ltr'><strong>nequit</strong></span> <span class='ocrx_word' id='word_1_238' title='bbox 1166 2561 1514 2650; x_wconf 79' lang='lat' dir='ltr'><strong>exprimi?</strong></span> <span class='ocrx_word' id='word_1_239' title='bbox 1570 2560 1924 2644; x_wconf 85' lang='lat' dir='ltr'><strong>Quomodo</strong></span> <span class='ocrx_word' id='word_1_240' title='bbox 1972 2560 2092 2629; x_wconf 92' lang='lat' dir='ltr'><strong>illa</strong></span> <span class='ocrx_word' id='word_1_241' title='bbox 2146 2561 2557 2641; x_wconf 81' lang='lat' dir='ltr'><strong>enunciabO,</strong></span> <span class='ocrx_word' id='word_1_242' title='bbox 2610 2582 2790 2647; x_wconf 87' lang='lat' dir='ltr'><strong>quae</strong></span> <span class='ocrx_word' id='word_1_243' title='bbox 2842 2573 3136 2631; x_wconf 89' lang='lat' dir='ltr'><strong>mentem</strong></span> 
     </span>
     <span class='ocr_line' id='line_1_27' title="bbox 606 2648 3142 2752; baseline -0.002 -31"><span class='ocrx_word' id='word_1_244' title='bbox 606 2664 941 2752; x_wconf 88' lang='lat' dir='ltr'><strong>superant</strong></span> <span class='ocrx_word' id='word_1_245' title='bbox 984 2662 1049 2719; x_wconf 92' lang='lat' dir='ltr'><strong>et</strong></span> <span class='ocrx_word' id='word_1_246' title='bbox 1096 2650 1480 2719; x_wconf 79' lang='lat' dir='ltr'><strong>rationem?</strong></span> <span class='ocrx_word' id='word_1_247' title='bbox 1527 2655 1913 2733; x_wconf 85' lang='lat' dir='ltr'><strong>Quamnam</strong></span> <span class='ocrx_word' id='word_1_248' title='bbox 1966 2650 2343 2739; x_wconf 86' lang='lat' dir='ltr'><strong>suscipiam</strong></span> <span class='ocrx_word' id='word_1_249' title='bbox 2394 2649 2732 2740; x_wconf 82' lang='lat' dir='ltr'><strong>linguam,</strong></span> <span class='ocrx_word' id='word_1_250' title='bbox 2772 2670 2948 2736; x_wconf 90' lang='lat' dir='ltr'><strong>quae</strong></span> <span class='ocrx_word' id='word_1_251' title='bbox 2992 2648 3142 2718; x_wconf 86' lang='lat' dir='ltr'><strong>suf-</strong></span> 
     </span>
     <span class='ocr_line' id='line_1_28' title="bbox 604 2736 3130 2828; baseline -0.003 -20"><span class='ocrx_word' id='word_1_252' title='bbox 604 2740 788 2809; x_wconf 83' lang='lat' dir='ltr'><strong>ficiat</strong></span> <span class='ocrx_word' id='word_1_253' title='bbox 823 2737 1228 2808; x_wconf 78' lang='lat' dir='ltr'><strong>miraculis?</strong></span> <span class='ocrx_word' id='word_1_254' title='bbox 1267 2743 1447 2808; x_wconf 80' lang='lat' dir='ltr'><strong>Nova</strong></span> <span class='ocrx_word' id='word_1_255' title='bbox 1475 2752 1576 2807; x_wconf 87' lang='lat' dir='ltr'><strong>est</strong></span> <span class='ocrx_word' id='word_1_256' title='bbox 1612 2751 1680 2808; x_wconf 91' lang='lat' dir='ltr'><strong>et</strong></span> <span class='ocrx_word' id='word_1_257' title='bbox 1726 2739 1951 2807; x_wconf 89' lang='lat' dir='ltr'><strong>aliena</strong></span> <span class='ocrx_word' id='word_1_258' title='bbox 1998 2738 2395 2827; x_wconf 86' lang='lat' dir='ltr'><strong>conceptio:</strong></span> <span class='ocrx_word' id='word_1_259' title='bbox 2429 2750 2668 2828; x_wconf 89' lang='lat' dir='ltr'><strong>partus</strong></span> <span class='ocrx_word' id='word_1_260' title='bbox 2693 2738 2845 2808; x_wconf 87' lang='lat' dir='ltr'><strong>sine</strong></span> <span class='ocrx_word' id='word_1_261' title='bbox 2869 2736 3130 2807; x_wconf 87' lang='lat' dir='ltr'><strong>dolore:</strong></span> 
     </span>
     <span class='ocr_line' id='line_1_29' title="bbox 604 2825 3139 2918; baseline -0 -22"><span class='ocrx_word' id='word_1_262' title='bbox 604 2829 794 2918; x_wconf 86' lang='lat' dir='ltr'><strong>spica</strong></span> <span class='ocrx_word' id='word_1_263' title='bbox 840 2848 1017 2914; x_wconf 90' lang='lat' dir='ltr'><strong>quae</strong></span> <span class='ocrx_word' id='word_1_264' title='bbox 1065 2827 1374 2917; x_wconf 89' lang='lat' dir='ltr'><strong>provenit</strong></span> <span class='ocrx_word' id='word_1_265' title='bbox 1420 2827 1568 2896; x_wconf 90' lang='lat' dir='ltr'><strong>sine</strong></span> <span class='ocrx_word' id='word_1_266' title='bbox 1626 2826 1938 2897; x_wconf 89' lang='lat' dir='ltr'><strong>cultura:</strong></span> <span class='ocrx_word' id='word_1_267' title='bbox 1994 2827 2261 2896; x_wconf 84' lang='lat' dir='ltr'><strong>fructus</strong></span> <span class='ocrx_word' id='word_1_268' title='bbox 2322 2828 2470 2896; x_wconf 90' lang='lat' dir='ltr'><strong>sine</strong></span> <span class='ocrx_word' id='word_1_269' title='bbox 2516 2826 2821 2896; x_wconf 90' lang='lat' dir='ltr'><strong>semine:</strong></span> <span class='ocrx_word' id='word_1_270' title='bbox 2876 2825 3139 2896; x_wconf 88' lang='lat' dir='ltr'><strong>alienae</strong></span> 
     </span>
     <span class='ocr_line' id='line_1_30' title="bbox 605 2914 3141 3006; baseline -0.001 -20"><span class='ocrx_word' id='word_1_271' title='bbox 605 2930 892 2987; x_wconf 90' lang='lat' dir='ltr'><strong>naturae</strong></span> <span class='ocrx_word' id='word_1_272' title='bbox 942 2928 1215 3006; x_wconf 88' lang='lat' dir='ltr'><strong>partus:</strong></span> <span class='ocrx_word' id='word_1_273' title='bbox 1264 2915 1499 3006; x_wconf 89' lang='lat' dir='ltr'><strong>ignota</strong></span> <span class='ocrx_word' id='word_1_274' title='bbox 1547 2916 1948 3006; x_wconf 88' lang='lat' dir='ltr'><strong>generatio:</strong></span> <span class='ocrx_word' id='word_1_275' title='bbox 1994 2915 2185 2985; x_wconf 84' lang='lat' dir='ltr'><strong>filius</strong></span> <span class='ocrx_word' id='word_1_276' title='bbox 2231 2915 2350 3003; x_wconf 90' lang='lat' dir='ltr'><strong>qui</strong></span> <span class='ocrx_word' id='word_1_277' title='bbox 2396 2936 2528 2984; x_wconf 91' lang='lat' dir='ltr'><strong>non</strong></span> <span class='ocrx_word' id='word_1_278' title='bbox 2592 2914 2797 2985; x_wconf 86' lang='lat' dir='ltr'><strong>habet</strong></span> <span class='ocrx_word' id='word_1_279' title='bbox 2844 2915 2916 2984; x_wconf 92' lang='lat' dir='ltr'><strong>in</strong></span> <span class='ocrx_word' id='word_1_280' title='bbox 2958 2927 3141 2984; x_wconf 87' lang='lat' dir='ltr'><strong>terra</strong></span> 
     </span>
     <span class='ocr_line' id='line_1_31' title="bbox 606 3003 3143 3095; baseline -0 -21"><span class='ocrx_word' id='word_1_281' title='bbox 606 3017 912 3095; x_wconf 87' lang='lat' dir='ltr'><strong>patrem:</strong></span> <span class='ocrx_word' id='word_1_282' title='bbox 965 3004 1266 3073; x_wconf 87' lang='lat' dir='ltr'><strong>narratio</strong></span> <span class='ocrx_word' id='word_1_283' title='bbox 1312 3025 1489 3091; x_wconf 88' lang='lat' dir='ltr'><strong>quae</strong></span> <span class='ocrx_word' id='word_1_284' title='bbox 1536 3017 1638 3073; x_wconf 83' lang='lat' dir='ltr'><strong>est</strong></span> <span class='ocrx_word' id='word_1_285' title='bbox 1687 3025 1918 3073; x_wconf 90' lang='lat' dir='ltr'><strong>revera</strong></span> <span class='ocrx_word' id='word_1_286' title='bbox 1965 3004 2035 3072; x_wconf 90' lang='lat' dir='ltr'><strong>in</strong></span> <span class='ocrx_word' id='word_1_287' title='bbox 2086 3005 2224 3073; x_wconf 81' lang='lat' dir='ltr'><strong>vita</strong></span> <span class='ocrx_word' id='word_1_288' title='bbox 2293 3003 2883 3095; x_wconf 80' lang='lat' dir='ltr'><strong>incomparabilis,</strong></span> <span class='ocrx_word' id='word_1_289' title='bbox 2938 3004 3143 3093; x_wconf 79' lang='lat' dir='ltr'><strong>Virgo</strong></span> 
     </span>
     <span class='ocr_line' id='line_1_32' title="bbox 604 3091 3150 3182; baseline 0 -20"><span class='ocrx_word' id='word_1_290' title='bbox 604 3115 851 3163; x_wconf 85' lang='lat' dir='ltr'><strong>rursus</strong></span> <span class='ocrx_word' id='word_1_291' title='bbox 899 3092 1174 3174; x_wconf 89' lang='lat' dir='ltr'><strong>mansit,</strong></span> <span class='ocrx_word' id='word_1_292' title='bbox 1215 3113 1351 3162; x_wconf 91' lang='lat' dir='ltr'><strong>non</strong></span> <span class='ocrx_word' id='word_1_293' title='bbox 1402 3091 1757 3182; x_wconf 85' lang='lat' dir='ltr'><strong>prohibuit</strong></span> <span class='ocrx_word' id='word_1_294' title='bbox 1799 3105 2036 3181; x_wconf 89' lang='lat' dir='ltr'><strong>partus</strong></span> <span class='ocrx_word' id='word_1_295' title='bbox 2083 3092 2577 3182; x_wconf 88' lang='lat' dir='ltr'><strong>Virginitatem,</strong></span> <span class='ocrx_word' id='word_1_296' title='bbox 2648 3115 2784 3163; x_wconf 88' lang='lat' dir='ltr'><strong>non</strong></span> <span class='ocrx_word' id='word_1_297' title='bbox 2833 3092 3150 3182; x_wconf 79' lang='lat' dir='ltr'><strong>corrupit</strong></span> 
     </span>
     <span class='ocr_line' id='line_1_33' title="bbox 602 3181 3150 3271; baseline -0.001 -19"><span class='ocrx_word' id='word_1_298' title='bbox 602 3194 904 3261; x_wconf 88' lang='lat' dir='ltr'><strong>uterum,</strong></span> <span class='ocrx_word' id='word_1_299' title='bbox 954 3200 1087 3250; x_wconf 91' lang='lat' dir='ltr'><strong>non</strong></span> <span class='ocrx_word' id='word_1_300' title='bbox 1131 3181 1371 3250; x_wconf 82' lang='lat' dir='ltr'><strong>vitium</strong></span> <span class='ocrx_word' id='word_1_301' title='bbox 1421 3181 1649 3250; x_wconf 89' lang='lat' dir='ltr'><strong>attulit</strong></span> <span class='ocrx_word' id='word_1_302' title='bbox 1694 3181 1758 3249; x_wconf 91' lang='lat' dir='ltr'><strong>ei</strong></span> <span class='ocrx_word' id='word_1_303' title='bbox 1805 3202 1984 3268; x_wconf 91' lang='lat' dir='ltr'><strong>quae</strong></span> <span class='ocrx_word' id='word_1_304' title='bbox 2033 3192 2408 3271; x_wconf 88' lang='lat' dir='ltr'><strong>pepererat.</strong></span> <span class='ocrx_word' id='word_1_305' title='bbox 2463 3181 2697 3251; x_wconf 86' lang='lat' dir='ltr'><strong>Merito</strong></span> <span class='ocrx_word' id='word_1_306' title='bbox 2755 3182 2816 3250; x_wconf 86' lang='lat' dir='ltr'><strong>is</strong></span> <span class='ocrx_word' id='word_1_307' title='bbox 2869 3202 3150 3268; x_wconf 87' lang='lat' dir='ltr'><strong>quoque</strong></span> 
     </span>
     <span class='ocr_line' id='line_1_34' title="bbox 604 3268 3151 3361; baseline -0 -22"><span class='ocrx_word' id='word_1_308' title='bbox 604 3270 726 3357; x_wconf 90' lang='lat' dir='ltr'><strong>qui</strong></span> <span class='ocrx_word' id='word_1_309' title='bbox 773 3279 874 3339; x_wconf 91' lang='lat' dir='ltr'><strong>est</strong></span> <span class='ocrx_word' id='word_1_310' title='bbox 912 3281 1135 3349; x_wconf 77' lang='lat' dir='ltr'><strong>natuS,</strong></span> <span class='ocrx_word' id='word_1_311' title='bbox 1172 3269 1373 3338; x_wconf 87' lang='lat' dir='ltr'><strong>matri</strong></span> <span class='ocrx_word' id='word_1_312' title='bbox 1423 3268 1583 3338; x_wconf 91' lang='lat' dir='ltr'><strong>talia</strong></span> <span class='ocrx_word' id='word_1_313' title='bbox 1636 3269 1953 3359; x_wconf 85' lang='lat' dir='ltr'><strong>praebuit</strong></span> <span class='ocrx_word' id='word_1_314' title='bbox 2002 3269 2378 3361; x_wconf 86' lang='lat' dir='ltr'><strong>privilegia.</strong></span> <span class='ocrx_word' id='word_1_315' title='bbox 2433 3275 2619 3353; x_wconf 86' lang='lat' dir='ltr'><strong>Quae</strong></span> <span class='ocrx_word' id='word_1_316' title='bbox 2655 3270 2840 3340; x_wconf 90' lang='lat' dir='ltr'><strong>enim</strong></span> <span class='ocrx_word' id='word_1_317' title='bbox 2902 3270 3151 3339; x_wconf 85' lang='lat' dir='ltr'><strong>habuit</strong></span> 
     </span>
     <span class='ocr_line' id='line_1_35' title="bbox 605 3356 3148 3449; baseline -0 -21"><span class='ocrx_word' id='word_1_318' title='bbox 605 3357 819 3439; x_wconf 89' lang='lat' dir='ltr'><strong>solus,</strong></span> <span class='ocrx_word' id='word_1_319' title='bbox 871 3379 951 3427; x_wconf 90' lang='lat' dir='ltr'><strong>ea</strong></span> <span class='ocrx_word' id='word_1_320' title='bbox 999 3356 1098 3426; x_wconf 92' lang='lat' dir='ltr'><strong>illi</strong></span> <span class='ocrx_word' id='word_1_321' title='bbox 1139 3378 1414 3444; x_wconf 89' lang='lat' dir='ltr'><strong>quoque</strong></span> <span class='ocrx_word' id='word_1_322' title='bbox 1461 3357 1587 3428; x_wconf 91' lang='lat' dir='ltr'><strong>soli</strong></span> <span class='ocrx_word' id='word_1_323' title='bbox 1637 3358 1848 3428; x_wconf 90' lang='lat' dir='ltr'><strong>dedit.</strong></span> <span class='ocrx_word' id='word_1_324' title='bbox 1888 3364 2028 3429; x_wconf 88' lang='lat' dir='ltr'><strong>Non</strong></span> <span class='ocrx_word' id='word_1_325' title='bbox 2080 3358 2322 3428; x_wconf 89' lang='lat' dir='ltr'><strong>habuit</strong></span> <span class='ocrx_word' id='word_1_326' title='bbox 2362 3358 2508 3448; x_wconf 90' lang='lat' dir='ltr'><strong>ipse</strong></span> <span class='ocrx_word' id='word_1_327' title='bbox 2554 3357 2830 3429; x_wconf 88' lang='lat' dir='ltr'><strong>fratrem</strong></span> <span class='ocrx_word' id='word_1_328' title='bbox 2887 3358 2974 3428; x_wconf 87' lang='lat' dir='ltr'><strong>ad</strong></span> <span class='ocrx_word' id='word_1_329' title='bbox 3025 3380 3148 3449; x_wconf 88' lang='lat' dir='ltr'><strong>ge—</strong></span> 
     </span>
     <span class='ocr_line' id='line_1_36' title="bbox 605 3446 3152 3533; baseline -0 -17"><span class='ocrx_word' id='word_1_330' title='bbox 605 3447 1052 3528; x_wconf 89' lang='lat' dir='ltr'><strong>nerationem,</strong></span> <span class='ocrx_word' id='word_1_331' title='bbox 1091 3467 1312 3533; x_wconf 85' lang='lat' dir='ltr'><strong>neque</strong></span> <span class='ocrx_word' id='word_1_332' title='bbox 1346 3446 1535 3516; x_wconf 91' lang='lat' dir='ltr'><strong>dedit</strong></span> <span class='ocrx_word' id='word_1_333' title='bbox 1582 3448 1783 3517; x_wconf 87' lang='lat' dir='ltr'><strong>matri</strong></span> <span class='ocrx_word' id='word_1_334' title='bbox 1833 3469 2134 3517; x_wconf 87' lang='lat' dir='ltr'><strong>sororem</strong></span> <span class='ocrx_word' id='word_1_335' title='bbox 2172 3446 2513 3518; x_wconf 89' lang='lat' dir='ltr'><strong>miraculi.</strong></span> <span class='ocrx_word' id='word_1_336' title='bbox 2551 3451 2603 3517; x_wconf 93' lang='grc' dir='ltr'>Ο</span> <span class='ocrx_word' id='word_1_337' title='bbox 2653 3448 2769 3517; x_wconf 91' lang='lat' dir='ltr'><strong>Dei</strong></span> <span class='ocrx_word' id='word_1_338' title='bbox 2805 3448 2875 3516; x_wconf 92' lang='lat' dir='ltr'><strong>in</strong></span> <span class='ocrx_word' id='word_1_339' title='bbox 2920 3447 3152 3516; x_wconf 85' lang='lat' dir='ltr'><strong>homi·-</strong></span> 
     </span>
     <span class='ocr_line' id='line_1_37' title="bbox 606 3534 3152 3628; baseline 0 -24"><span class='ocrx_word' id='word_1_340' title='bbox 606 3558 727 3605; x_wconf 89' lang='lat' dir='ltr'><strong>nes</strong></span> <span class='ocrx_word' id='word_1_341' title='bbox 758 3534 1134 3606; x_wconf 89' lang='lat' dir='ltr'><strong>liberalitas</strong></span> <span class='ocrx_word' id='word_1_342' title='bbox 1165 3548 1229 3605; x_wconf 89' lang='lat' dir='ltr'><strong>et</strong></span> <span class='ocrx_word' id='word_1_343' title='bbox 1263 3535 1762 3606; x_wconf 83' lang='lat' dir='ltr'><strong>munificentia.</strong></span> <span class='ocrx_word' id='word_1_344' title='bbox 1801 3541 2151 3619; x_wconf 90' lang='lat' dir='ltr'><strong>Quaenam</strong></span> <span class='ocrx_word' id='word_1_345' title='bbox 2202 3536 2384 3606; x_wconf 91' lang='lat' dir='ltr'><strong>dona</strong></span> <span class='ocrx_word' id='word_1_346' title='bbox 2417 3559 2538 3628; x_wconf 92' lang='lat' dir='ltr'><strong>per</strong></span> <span class='ocrx_word' id='word_1_347' title='bbox 2569 3536 2931 3606; x_wconf 89' lang='lat' dir='ltr'><strong>mulierem</strong></span> <span class='ocrx_word' id='word_1_348' title='bbox 2980 3556 3152 3605; x_wconf 87' lang='lat' dir='ltr'><strong>con-</strong></span> 
     </span>
     <span class='ocr_line' id='line_1_38' title="bbox 605 3623 3146 3715; baseline -0 -21"><span class='ocrx_word' id='word_1_349' title='bbox 605 3637 839 3695; x_wconf 87' lang='lat' dir='ltr'><strong>secuta</strong></span> <span class='ocrx_word' id='word_1_350' title='bbox 885 3637 989 3693; x_wconf 89' lang='lat' dir='ltr'><strong>est</strong></span> <span class='ocrx_word' id='word_1_351' title='bbox 1034 3628 1331 3693; x_wconf 77' lang='lat' dir='ltr'><strong>natura?</strong></span> <span class='ocrx_word' id='word_1_352' title='bbox 1379 3624 1571 3694; x_wconf 89' lang='lat' dir='ltr'><strong>Unde</strong></span> <span class='ocrx_word' id='word_1_353' title='bbox 1617 3625 1799 3715; x_wconf 87' lang='lat' dir='ltr'><strong>cepit</strong></span> <span class='ocrx_word' id='word_1_354' title='bbox 1847 3623 2132 3706; x_wconf 90' lang='lat' dir='ltr'><strong>bellum,</strong></span> <span class='ocrx_word' id='word_1_355' title='bbox 2186 3623 2380 3697; x_wconf 88' lang='lat' dir='ltr'><strong>illinc</strong></span> <span class='ocrx_word' id='word_1_356' title='bbox 2431 3630 2568 3695; x_wconf 86' lang='lat' dir='ltr'><strong>Rex</strong></span> <span class='ocrx_word' id='word_1_357' title='bbox 2618 3646 2856 3715; x_wconf 88' lang='lat' dir='ltr'><strong>pacem</strong></span> <span class='ocrx_word' id='word_1_358' title='bbox 2907 3625 3146 3694; x_wconf 87' lang='lat' dir='ltr'><strong>conci-</strong></span> 
     </span>
     <span class='ocr_line' id='line_1_39' title="bbox 605 3712 3149 3804; baseline 0.001 -23"><span class='ocrx_word' id='word_1_359' title='bbox 605 3713 820 3782; x_wconf 89' lang='lat' dir='ltr'><strong>liavit.</strong></span> <span class='ocrx_word' id='word_1_360' title='bbox 855 3718 946 3782; x_wconf 89' lang='lat' dir='ltr'><strong>Ex</strong></span> <span class='ocrx_word' id='word_1_361' title='bbox 975 3734 1114 3800; x_wconf 91' lang='lat' dir='ltr'><strong>quo</strong></span> <span class='ocrx_word' id='word_1_362' title='bbox 1143 3713 1329 3782; x_wconf 88' lang='lat' dir='ltr'><strong>enim</strong></span> <span class='ocrx_word' id='word_1_363' title='bbox 1362 3725 1464 3784; x_wconf 90' lang='lat' dir='ltr'><strong>est</strong></span> <span class='ocrx_word' id='word_1_364' title='bbox 1496 3713 1690 3803; x_wconf 85' lang='lat' dir='ltr'><strong>virgo</strong></span> <span class='ocrx_word' id='word_1_365' title='bbox 1722 3724 1958 3794; x_wconf 82' lang='lat' dir='ltr'><strong>mater,</strong></span> <span class='ocrx_word' id='word_1_366' title='bbox 1996 3726 2061 3782; x_wconf 91' lang='lat' dir='ltr'><strong>et</strong></span> <span class='ocrx_word' id='word_1_367' title='bbox 2096 3726 2313 3783; x_wconf 91' lang='lat' dir='ltr'><strong>mater</strong></span> <span class='ocrx_word' id='word_1_368' title='bbox 2341 3713 2556 3804; x_wconf 87' lang='lat' dir='ltr'><strong>virg0,</strong></span> <span class='ocrx_word' id='word_1_369' title='bbox 2594 3714 2886 3786; x_wconf 88' lang='lat' dir='ltr'><strong>cessavit</strong></span> <span class='ocrx_word' id='word_1_370' title='bbox 2912 3712 3149 3785; x_wconf 89' lang='lat' dir='ltr'><strong>luctus</strong></span> 
     </span>
     <span class='ocr_line' id='line_1_40' title="bbox 606 3801 3154 3892; baseline -0 -21"><span class='ocrx_word' id='word_1_371' title='bbox 606 3807 801 3871; x_wconf 82' lang='lat' dir='ltr'><strong>Evae.</strong></span> <span class='ocrx_word' id='word_1_372' title='bbox 857 3802 1024 3870; x_wconf 75' lang='lat' dir='ltr'><strong>Filia</strong></span> <span class='ocrx_word' id='word_1_373' title='bbox 1071 3801 1270 3871; x_wconf 88' lang='lat' dir='ltr'><strong>solvit</strong></span> <span class='ocrx_word' id='word_1_374' title='bbox 1314 3802 1574 3871; x_wconf 88' lang='lat' dir='ltr'><strong>crimen</strong></span> <span class='ocrx_word' id='word_1_375' title='bbox 1626 3814 2038 3872; x_wconf 89' lang='lat' dir='ltr'><strong>maternum.</strong></span> <span class='ocrx_word' id='word_1_376' title='bbox 2097 3807 2221 3871; x_wconf 88' lang='lat' dir='ltr'><strong>Per</strong></span> <span class='ocrx_word' id='word_1_377' title='bbox 2268 3802 2488 3892; x_wconf 90' lang='lat' dir='ltr'><strong>ipsam</strong></span> <span class='ocrx_word' id='word_1_378' title='bbox 2538 3802 2723 3871; x_wconf 90' lang='lat' dir='ltr'><strong>enim</strong></span> <span class='ocrx_word' id='word_1_379' title='bbox 2772 3823 2981 3871; x_wconf 88' lang='lat' dir='ltr'><strong>carne</strong></span> <span class='ocrx_word' id='word_1_380' title='bbox 3030 3823 3154 3871; x_wconf 89' lang='lat' dir='ltr'><strong>su-</strong></span> 
     </span>
     <span class='ocr_line' id='line_1_41' title="bbox 606 3889 3153 3980; baseline 0 -21"><span class='ocrx_word' id='word_1_381' title='bbox 606 3904 861 3980; x_wconf 87' lang='lat' dir='ltr'><strong>scepta,</strong></span> <span class='ocrx_word' id='word_1_382' title='bbox 897 3891 1230 3960; x_wconf 85' lang='lat' dir='ltr'><strong>Dominus</strong></span> <span class='ocrx_word' id='word_1_383' title='bbox 1274 3890 1361 3959; x_wconf 89' lang='lat' dir='ltr'><strong>ad</strong></span> <span class='ocrx_word' id='word_1_384' title='bbox 1414 3908 1539 3960; x_wconf 87' lang='lat' dir='ltr'><strong>nos</strong></span> <span class='ocrx_word' id='word_1_385' title='bbox 1584 3889 1895 3960; x_wconf 87' lang='lat' dir='ltr'><strong>accessit.</strong></span> <span class='ocrx_word' id='word_1_386' title='bbox 1935 3890 2130 3960; x_wconf 87' lang='lat' dir='ltr'><strong>Venit</strong></span> <span class='ocrx_word' id='word_1_387' title='bbox 2174 3903 2427 3969; x_wconf 82' lang='lat' dir='ltr'><strong>autem,</strong></span> <span class='ocrx_word' id='word_1_388' title='bbox 2470 3904 2549 3960; x_wconf 91' lang='lat' dir='ltr'><strong>ut</strong></span> <span class='ocrx_word' id='word_1_389' title='bbox 2593 3913 2772 3978; x_wconf 88' lang='lat' dir='ltr'><strong>quae</strong></span> <span class='ocrx_word' id='word_1_390' title='bbox 2798 3903 2995 3960; x_wconf 89' lang='lat' dir='ltr'><strong>erant</strong></span> <span class='ocrx_word' id='word_1_391' title='bbox 3026 3891 3153 3959; x_wconf 86' lang='lat' dir='ltr'><strong>tri·</strong></span> 
     </span>
     <span class='ocr_line' id='line_1_42' title="bbox 606 3978 3156 4080; baseline 0 -32"><span class='ocrx_word' id='word_1_392' title='bbox 606 3978 736 4048; x_wconf 91' lang='lat' dir='ltr'><strong>stia</strong></span> <span class='ocrx_word' id='word_1_393' title='bbox 786 3991 1078 4050; x_wconf 92' lang='lat' dir='ltr'><strong>mutaret</strong></span> <span class='ocrx_word' id='word_1_394' title='bbox 1124 3979 1196 4046; x_wconf 91' lang='lat' dir='ltr'><strong>in</strong></span> <span class='ocrx_word' id='word_1_395' title='bbox 1246 3978 1607 4080; x_wconf 85' lang='lat' dir='ltr'><strong>gaudium.</strong></span> <span class='ocrx_word' id='word_1_396' title='bbox 1647 3980 1862 4059; x_wconf 88' lang='lat' dir='ltr'><strong>Venit,</strong></span> <span class='ocrx_word' id='word_1_397' title='bbox 1897 3991 1974 4048; x_wconf 91' lang='lat' dir='ltr'><strong>ut</strong></span> <span class='ocrx_word' id='word_1_398' title='bbox 2025 3978 2261 4049; x_wconf 90' lang='lat' dir='ltr'><strong>dolore</strong></span> <span class='ocrx_word' id='word_1_399' title='bbox 2296 3980 2606 4049; x_wconf 84' lang='lat' dir='ltr'><strong>affectam</strong></span> <span class='ocrx_word' id='word_1_400' title='bbox 2644 3991 2943 4050; x_wconf 91' lang='lat' dir='ltr'><strong>mutaret</strong></span> <span class='ocrx_word' id='word_1_401' title='bbox 2977 3999 3156 4048; x_wconf 86' lang='lat' dir='ltr'><strong>con·</strong></span> 
     </span>
     <span class='ocr_line' id='line_1_43' title="bbox 608 4066 2477 4158; baseline 0 -21"><span class='ocrx_word' id='word_1_402' title='bbox 608 4066 1070 4138; x_wconf 88' lang='lat' dir='ltr'><strong>suetudinem.</strong></span> <span class='ocrx_word' id='word_1_403' title='bbox 1126 4072 1340 4148; x_wconf 79' lang='lat' dir='ltr'><strong>Venit,</strong></span> <span class='ocrx_word' id='word_1_404' title='bbox 1377 4080 1457 4138; x_wconf 91' lang='lat' dir='ltr'><strong>ut</strong></span> <span class='ocrx_word' id='word_1_405' title='bbox 1502 4066 1773 4137; x_wconf 90' lang='lat' dir='ltr'><strong>inferna</strong></span> <span class='ocrx_word' id='word_1_406' title='bbox 1811 4080 2085 4158; x_wconf 87' lang='lat' dir='ltr'><strong>pacaret</strong></span> <span class='ocrx_word' id='word_1_407' title='bbox 2131 4069 2477 4157; x_wconf 90' lang='lat' dir='ltr'><strong>supernis.</strong></span> 
     </span>
    </p>

    <p class='ocr_par' dir='ltr' id='par_1_5' title="bbox 607 4155 3156 4491">
     <span class='ocr_line' id='line_1_44' title="bbox 694 4155 3151 4246; baseline -0.001 -18"><span class='ocrx_word' id='word_1_408' title='bbox 694 4158 732 4244; x_wconf 68' lang='grc' dir='ltr'><strong>ξ</strong></span> <span class='ocrx_word' id='word_1_409' title='bbox 779 4161 864 4228; x_wconf 71' lang='grc' dir='ltr'><strong>ιι.</strong></span> <span class='ocrx_word' id='word_1_410' title='bbox 916 4155 1089 4225; x_wconf 79' lang='lat' dir='ltr'><strong>Audi</strong></span> <span class='ocrx_word' id='word_1_411' title='bbox 1125 4169 1352 4225; x_wconf 86' lang='lat' dir='ltr'><strong>autem</strong></span> <span class='ocrx_word' id='word_1_412' title='bbox 1400 4156 1768 4244; x_wconf 90' lang='lat' dir='ltr'><strong>quomodo.</strong></span> <span class='ocrx_word' id='word_1_413' title='bbox 1813 4156 1963 4226; x_wconf 89' lang='lat' dir='ltr'><strong>Illic</strong></span> <span class='ocrx_word' id='word_1_414' title='bbox 1997 4156 2248 4246; x_wconf 91' lang='lat' dir='ltr'><strong>probro</strong></span> <span class='ocrx_word' id='word_1_415' title='bbox 2279 4158 2563 4228; x_wconf 84' lang='lat' dir='ltr'><strong>affectus</strong></span> <span class='ocrx_word' id='word_1_416' title='bbox 2595 4156 2819 4226; x_wconf 82' lang='lat' dir='ltr'><strong>suerat</strong></span> <span class='ocrx_word' id='word_1_417' title='bbox 2861 4155 3151 4226; x_wconf 84' lang='lat' dir='ltr'><strong>Paradi-</strong></span> 
     </span>
     <span class='ocr_line' id='line_1_45' title="bbox 613 4242 3156 4336; baseline 0 -22"><span class='ocrx_word' id='word_1_418' title='bbox 613 4266 760 4326; x_wconf 76' lang='lat' dir='ltr'><strong>suS,</strong></span> <span class='ocrx_word' id='word_1_419' title='bbox 814 4244 927 4314; x_wconf 89' lang='lat' dir='ltr'><strong>hic</strong></span> <span class='ocrx_word' id='word_1_420' title='bbox 966 4242 1298 4335; x_wconf 88' lang='lat' dir='ltr'><strong>spelunca</strong></span> <span class='ocrx_word' id='word_1_421' title='bbox 1323 4244 1557 4315; x_wconf 79' lang='lat' dir='ltr'><strong>effecta</strong></span> <span class='ocrx_word' id='word_1_422' title='bbox 1607 4258 1708 4315; x_wconf 89' lang='lat' dir='ltr'><strong>est</strong></span> <span class='ocrx_word' id='word_1_423' title='bbox 1734 4243 2054 4336; x_wconf 85' lang='lat' dir='ltr'><strong>gloriosa.</strong></span> <span class='ocrx_word' id='word_1_424' title='bbox 2090 4244 2291 4314; x_wconf 89' lang='lat' dir='ltr'><strong>Illinc</strong></span> <span class='ocrx_word' id='word_1_425' title='bbox 2313 4245 2475 4326; x_wconf 93' lang='lat' dir='ltr'><strong>duo,</strong></span> <span class='ocrx_word' id='word_1_426' title='bbox 2504 4245 2713 4315; x_wconf 82' lang='lat' dir='ltr'><strong>Adam</strong></span> <span class='ocrx_word' id='word_1_427' title='bbox 2746 4258 2813 4314; x_wconf 90' lang='lat' dir='ltr'><strong>et</strong></span> <span class='ocrx_word' id='word_1_428' title='bbox 2846 4249 3004 4326; x_wconf 84' lang='lat' dir='ltr'><strong>Eva,</strong></span> <span class='ocrx_word' id='word_1_429' title='bbox 3033 4266 3156 4315; x_wconf 81' lang='lat' dir='ltr'><strong>ex-</strong></span> 
     </span>
     <span class='ocr_line' id='line_1_46' title="bbox 607 4333 3156 4491; baseline 0 -88"><span class='ocrx_word' id='word_1_430' title='bbox 607 4334 794 4491; x_wconf 58' lang='grc' dir='ltr'>ζυΙεί</span> <span class='ocrx_word' id='word_1_431' title='bbox 822 4344 987 4404; x_wconf 89' lang='lat' dir='ltr'><strong>sunt</strong></span> <span class='ocrx_word' id='word_1_432' title='bbox 1011 4356 1050 4403; x_wconf 90' lang='lat' dir='ltr'><strong>a</strong></span> <span class='ocrx_word' id='word_1_433' title='bbox 1078 4346 1375 4434; x_wconf 88' lang='lat' dir='ltr'><strong>peccato,</strong></span> <span class='ocrx_word' id='word_1_434' title='bbox 1413 4334 1524 4404; x_wconf 86' lang='lat' dir='ltr'><strong>hic</strong></span> <span class='ocrx_word' id='word_1_435' title='bbox 1556 4334 1731 4403; x_wconf 88' lang='lat' dir='ltr'><strong>fines</strong></span> <span class='ocrx_word' id='word_1_436' title='bbox 1755 4334 1943 4405; x_wconf 88' lang='lat' dir='ltr'><strong>orbis</strong></span> <span class='ocrx_word' id='word_1_437' title='bbox 1973 4346 2188 4403; x_wconf 91' lang='lat' dir='ltr'><strong>terrae</strong></span> <span class='ocrx_word' id='word_1_438' title='bbox 2209 4333 2485 4404; x_wconf 87' lang='lat' dir='ltr'><strong>deducti</strong></span> <span class='ocrx_word' id='word_1_439' title='bbox 2510 4356 2549 4403; x_wconf 89' lang='lat' dir='ltr'><strong>a</strong></span> <span class='ocrx_word' id='word_1_440' title='bbox 2580 4334 2822 4425; x_wconf 87' lang='lat' dir='ltr'><strong>gratia.</strong></span> <span class='ocrx_word' id='word_1_441' title='bbox 2855 4338 2998 4404; x_wconf 87' lang='lat' dir='ltr'><strong>Non</strong></span> <span class='ocrx_word' id='word_1_442' title='bbox 3026 4333 3156 4403; x_wconf 85' lang='lat' dir='ltr'><strong>ha·</strong></span> 
     </span>
    </p>

    <p class='ocr_par' dir='ltr' id='par_1_6' title="bbox 655 4421 3153 4513">
     <span class='ocr_line' id='line_1_47' title="bbox 655 4421 3153 4513; baseline 0 -20"><span class='ocrx_word' id='word_1_443' title='bbox 655 4444 854 4493; x_wconf 90' lang='lat' dir='ltr'><strong>emus</strong></span> <span class='ocrx_word' id='word_1_444' title='bbox 885 4444 993 4492; x_wconf 90' lang='lat' dir='ltr'><strong>am</strong></span> <span class='ocrx_word' id='word_1_445' title='bbox 1004 4421 1190 4513; x_wconf 81' lang='lat' dir='ltr'><strong>plius</strong></span> <span class='ocrx_word' id='word_1_446' title='bbox 1205 4433 1594 4513; x_wconf 88' lang='lat' dir='ltr'><strong>suspectam</strong></span> <span class='ocrx_word' id='word_1_447' title='bbox 1615 4421 1799 4492; x_wconf 85' lang='lat' dir='ltr'><strong>exilii</strong></span> <span class='ocrx_word' id='word_1_448' title='bbox 1821 4421 2438 4512; x_wconf 84' lang='lat' dir='ltr'><strong>exprobrationem:</strong></span> <span class='ocrx_word' id='word_1_449' title='bbox 2464 4444 2600 4494; x_wconf 88' lang='lat' dir='ltr'><strong>non</strong></span> <span class='ocrx_word' id='word_1_450' title='bbox 2628 4421 3153 4493; x_wconf 83' lang='lat' dir='ltr'><strong>extimescimus</strong></span> 
     </span>
    </p>
   </div>
  </div>
 </body>
</html>
