3357 4995
698 317 824 415 ⁴¹50
1427 365 1505 412 DE
1555 364 1609 412 s.
1664 339 1975 411 c‘rxnwALo
2022 362 2318 412 Emscopo
2826 348 3049 414 JUNII
3102 350 3151 413 6

605 447 798 518 accin
856 456 1003 526 unt,
1043 444 1161 514 sed
1192 443 1468 516 frustra.
1522 449 1772 514 Eorum
1823 464 1979 513 vero
2027 442 2295 514 labores
2353 444 2718 515 miseratus
2767 450 2968 528 DeuS,
3023 469 3154 518 eos

600 557 810 608 conso
840 549 992 605 atus
1038 547 1160 605 est.
1224 537 1390 603 Cum
1433 533 1618 602 enim
1650 531 1762 601 die
1790 531 2090 618 quodam
2126 537 2352 602 Nonae
2387 533 2593 604 horae
2630 556 2867 624 preces
2899 535 3154 607 festiva
3193 573 3198 576 Δ

598 624 803 696 laude
852 621 1332 713 persolverent,
1384 621 1666 709 quidam
1709 621 1822 690 'vir
1861 635 2268 711 praepotens
2319 623 2617 712 regionis
2675 623 2864 693 illius
2913 625 3147 696 multo

600 715 894 804 stipatus
941 711 1158 781 milite
1196 710 1612 800 supervenit,
1667 731 1920 796 eosque
1953 710 2208 800 gaudio
2246 722 2311 780 et
2341 724 2453 780 stu
2504 733 2620 781 ore
2662 712 2909 802 plenus
2947 735 3150 784 reve-

600 816 829 872 renter
876 801 1182 871 accessit.
1250 805 1546 870 Cernens
1584 810 1812 868 autem
1863 799 2089 874 virum
2140 801 2256 869 Dei
2318 804 2423 870 Gu
2475 800 2731 871 walum
2780 801 2851 870 in
2912 803 3150 873 medio

596 891 875 962 illorum
924 911 1054 959 ceu
1101 888 1427 979 angelum
1477 888 1593 957 Dei
1655 899 1992 968 stantem,
2047 888 2451 978 psallentem
2485 944 2501 970 ,
2554 904 2620 959 et
2677 889 2764 959 ad
2796 891 3148 981 'singulos

591 1002 833 1050 versus
892 1000 1114 1069 genua
1166 978 1571 1054 flectentem,
1637 975 1845 1046 corde
1907 989 2388 1067 compunctuS,
2458 979 2809 1049 submisso
2884 981 3142 1069 capite,

598 1069 795 1138 tertio
832 1088 990 1138 eum
1041 1066 1370 1145 adoravit,
1423 1063 1892 1152 accedensque
1939 1087 2098 1135 cum
2141 1079 2434 1135 tremore
2463 1080 2526 1135 et
2568 1069 2969 1148 reverentia,
3025 1069 3150 1139 be-

599 1156 1059 1227 nedictionem
1112 1155 1301 1224 illius
1349 1154 1647 1245 expetiit.
1695 1159 1786 1224 Ea
1834 1167 2176 1244 percepta,
2234 1155 2332 1224 sic
2379 1155 2442 1224 ei
2505 1155 2777 1225 locutus
2808 1170 2951 1226 est:
3019 1163 3149 1227 Pa-

597 1247 797 1316 triam
850 1256 1064 1326 tuam,
1119 1243 1258 1313 incl
1314 1254 1373 1312 te
1420 1243 1672 1314 athleta
1716 1243 1853 1323 Dei,
1907 1265 2033 1333 ego
2084 1243 2263 1324 novi,
2319 1265 2443 1313 nec
2482 1266 2592 1313 me
2635 1244 2811 1336 fugit
2865 1249 3147 1336 generis

597 1336 698 1405 tui
749 1345 1071 1425 spectata.
1102 1266 1459 1402 nobilitas:
1514 1331 1825 1422 gratulor
1870 1332 2075 1401 etiam
2128 1332 2250 1402 tibi
2305 1331 2496 1403 hunc
2538 1355 2662 1424 pro
2711 1334 2976 1403 Christo
3026 1359 3147 1405 su-

597 1435 906 1515 sceptum
936 1422 1360 1492 voluntariae
1384 1421 1953 1513 peregrinationis
1975 1420 2276 1491 laborem
2304 1445 2317 1488 :
2350 1421 2469 1491 sed
2499 1422 2778 1509 quando
2804 1423 2912 1493 hic
2944 1423 3144 1494 locus

595 1535 722 1582 nec
773 1510 1153 1582 monastico
1200 1510 1543 1591 institam,
1600 1532 1724 1579 nec
1757 1521 1981 1580 tantae
2031 1509 2793 1581 fratrum-multitudini
2835 1535 3146 1586 commo-

597 1602 731 1670 dus
778 1613 900 1679 est,
936 1599 1042 1669 sac
1081 1599 1263 1687 quod
1303 1599 1426 1669 tibi
1462 1621 1581 1689 per
1614 1621 1722 1668 me
1745 1599 2046 1669 consulit
2095 1604 2294 1668 Deus.
2335 1604 2450 1671 Est
2489 1621 2623 1670 non
2659 1599 2856 1670 valde
2894 1603 3144 1692 procul

602 1690 796 1761 locus
842 1689 1046 1769 aliuS,
1085 1710 1288 1775 quem
1340 1689 1399 1757 si
1449 1687 1615 1756 velis
1661 1687 1988 1767 excolere,
2024 1688 2275 1758 laboris
2310 1689 2410 1758 tui
2445 1700 2674 1778 optato
2724 1675 2956 1760 (ructu
2987 1712 3147 1780 per-

601 1777 874 1848 frueris.
930 1777 1059 1847 Sed
1092 1799 1207 1847 eas
1235 1777 1429 1866 prius
1461 1798 1620 1846 cum
1656 1777 1918 1863 aliquot
1943 1776 2274 1848 fratribus
2311 1777 2740 1866 exploratum
2771 1801 2785 1844 :
2822 1780 2940 1849 ubi
2977 1801 3140 1848 eum

602 1867 890 1958 propius
955 1865 1366 1957 inspexeriS,
1432 1887 1569 1934 non
1636 1864 1878 1935 dubito
1924 1866 2396 1955 gratissimum
2449 1865 2613 1936 fore.
2680 1867 2801 1936 His
2849 1867 3137 1948 auditiS,

598 1957 703 2024 vir
743 1967 1024 2025 sanctus
1062 1954 1451 2045 prorumpit
1497 1955 1566 2021 in
1629 1954 1868 2025 laudes
1925 1953 2209 2023 Christi:
2273 1953 2525 2023 deinde
2582 1955 2828 2026 ducem
2873 1956 3145 2026 itineris

598 2066 892 2133 sequens
940 2045 1190 2123 virum,
1235 2065 1437 2130 quem
1489 2042 1818 2124 diximus,
1872 2043 2014 2112 abit
2054 2043 2328 2112 visurus
2388 2043 2640 2114 locum.
2695 2045 2859 2133 Ejus
2907 2056 3144 2115 autem

600 2147 747 2204 tum
797 2133 1229 2212 amoenitate,
1284 2143 1429 2201 tum
1465 2131 1950 2202 commoditate
2003 2131 2313 2212 laetatus,
2369 2147 2523 2222 post
2569 2134 2826 2223 gratias
2874 2134 3146 2204 Christo

600 2223 844 2303 dictaS,
899 2221 1301 2311 complexus
1348 2233 1449 2290 est
1498 2220 1750 2301 locum,
1806 2242 2106 2307 suaeque
2147 2221 2549 2291 habitationi
2604 2221 2805 2312 plane
2839 2222 3146 2292 destina-

595 2312 713 2380 vit.
756 2311 1041 2381 Mittitur
1087 2309 1248 2378 inde
1286 2309 1369 2378 ad
1426 2308 1691 2391 fratreS‚
1736 2324 1813 2380 ut
1858 2330 1937 2379 eo
1984 2331 2222 2381 omnes
2279 2332 2350 2380 se
2398 2331 2470 2379 se
2516 2311 2893 2379 conferant.
2951 2317 3147 2382 Post-

596 2423 809 2488 quam
858 2399 959 2469 illi
1007 2398 1361 2479 advenere,
1418 2412 1785 2488 perpetuas
1832 2398 1974 2468 illic
2045 2397 2243 2468 sedes
2292 2398 2501 2489 figere
2563 2400 3018 2474 constituunt.
3078 2413 3146 2471 et

598 2488 1094 2561 monasterium
1143 2488 1543 2558 const'ruere
1589 2486 1935 2557 festinant.
1977 2491 2075 2557 Ita
2126 2487 2319 2558 locus
2365 2487 2656 2587 agrestis
2715 2503 2780 2558 et
2834 2487 3144 2559 ferarum

599 2579 880 2660 cubilia,
940 2590 1297 2648 mutantur
1329 2577 1398 2645 in
1449 2576 1736 2647 domum
1785 2577 2115 2646 orationis
2173 2590 2239 2646 et
2299 2576 2574 2646 divinae
2618 2591 2886 2647 contem
2947 2579 3147 2647 latio-

599 2667 1131 2825 nisddomicilia.
1200 2672 1466 2736 Fratres
1514 2666 1731 2735 instar
1794 2687 2005 2755 apum
2054 2664 2497 2745 sedularum,
2552 2665 2807 2735 divinis
2909 2682 3149 2738 ervent

596 2770 706 2826 stu
761 2779 868 2827 us.

684 2849 721 2933 ξ
768 2849 864 2915 9.
910 2851 1112 2914 Porro
1160 2844 1401 2915 beatus
1450 2842 1825 2913 Gudwalus
1873 2842 2089 2912 instar
2135 2842 2755 2931 animaliumquae
2788 2844 3150 2933 Scriptura

600 2944 756 3001 ante
803 2945 868 3001 et
914 2944 1091 3003 retro
1138 2932 1375 3002 oculos
1424 2932 1751 3003 habuisse
1792 2943 2306 3011 commemorat,
2360 2944 2424 3000 et
2473 2932 2856 3031 praesentia
2915 2945 2982 3001 et
3030 2933 3149 3003 fu-

598 3034 752 3091 tura
802 3022 1178 3111 pensitanS,
1215 3042 1449 3090 secum
1500 3022 1801 3112 cogitare
1847 3031 1911 3090 et
1960 3042 2120 3089 cum
2162 3019 2319 3091 aliis
2355 3031 2641 3090 tractare
2679 3021 2925 3110 coepit,
2969 3043 3149 3091 num

599 3109 790 3180 locus
825 3109 940 3178 ille
988 3123 1123 3179 tam
1159 3131 1490 3179 amoenus
1536 3123 1800 3179 certum
1828 3108 2132 3195 aliquem
2167 3108 2447 3178 haberet
2484 3128 2972 3199 possessorem.
3033 3111 3148 3179 Di-

596 3211 921 3285 ctumque
967 3212 1068 3268 est
1102 3198 1226 3278 illi,
1279 3204 1619 3268 Mevorum
1653 3196 2052 3285 quemdam,
2107 3196 2528 3267 Christianae
2577 3197 2932 3288 religionis
2992 3199 3150 3269 cul-

597 3301 835 3367 torem,
890 3287 1031 3357 illic
1091 3299 1409 3375 paternas
1458 3286 1782 3356 habuisse
1829 3286 2047 3365 sedes,
2118 3284 2235 3354 sed
2314 3285 2802 3378 indigenarum
2853 3286 2921 3355 id
3004 3310 3146 3357 non

597 3375 959 3444 ferentium
987 3374 1417 3445 infestatione
1441 3374 1884 3464 compulsum
1923 3387 2220 3463 repetere
2260 3376 2565 3444 nativum
2605 3375 2857 3456 solum,
2905 3377 3151 3464 sicque

598 3465 1013 3532 Corminiam
1052 3465 1086 3498 ⁴*
1122 3464 1307 3554 pacis
1348 3463 1576 3533 studio
1624 3485 1698 3533 se
1744 3482 2079 3551 suamque
2112 3462 2395 3533 domum
2452 3464 2910 3533 transtulisse.
2966 3471 3144 3535 Tum

598 3574 753 3621 vero
803 3558 872 3621 Β.
928 3552 1302 3623 Gudwalus
1350 3551 1556 3622 dixit:
1611 3553 1666 3621 si
1720 3552 1818 3621 sic
1877 3574 1950 3621 se
2007 3574 2112 3621 res
2165 3552 2389 3633 habet,
2439 3551 2682 3622 fratres
2724 3554 2882 3634 mei,
2934 3554 3146 3623 etiam

597 3654 799 3741 atque
845 3643 1049 3711 etiam
1083 3641 1459 3711 videndum
1494 3641 1693 3711 nobis
1739 3655 1865 3722 est,
1920 3640 2088 3728 quid
2138 3662 2339 3731 agere
2370 3662 2496 3710 nos
2528 3642 2914 3711 conveniat.
2972 3648 3142 3711 Cum

596 3750 782 3799 enlm
834 3730 903 3797 in
952 3731 1260 3811 caeteriS,
1298 3743 1443 3800 tum
1495 3730 1893 3820 praesertim
1935 3729 2273 3820 ejusmodi
2309 3729 2379 3799 in
2421 3731 2933 3821 negoti0,·quae
2982 3754 3150 3801 san-

598 3831 708 3888 cta
751 3832 816 3888 et
839 3819 1029 3909 justa
1068 3820 1204 3889 sint
1243 3820 1487 3890 sectari
1527 3831 1813 3909 oportet.
1853 3824 1996 3889 Non
2036 3819 2220 3888 enim
2274 3818 2607 3890 debemus
2656 3820 2750 3890 ita
2797 3841 2924 3890 nos
2955 3841 3149 3891 com-

599 3929 864 3997 parare,
900 3919 975 3976 ut
1021 3907 1321 3978 charitas
1382 3908 1672 3998 proximi
1710 3929 1829 3997 per
1861 3929 1986 3978 nos
2037 3906 2285 3977 violata
2315 3929 2466 3978 esse
2515 3907 2849 3978 videatur.
2907 3913 3151 3996 Itaque

598 3996 741 4075 fiat,
797 3995 981 4083 quod
1016 3996 1229 4067 dictat
1284 3997 1477 4077 ratio,
1548 4009 1614 4065 et
1659 3995 1747 4065 ad
1809 3995 2009 4066 fundi
2059 3996 2268 4085 hujus
2317 3995 2681 4067 dominum
2732 3997 2939 4087 legati
2992 3997 3151 4071 mit·

600 4096 853 4166 tantur,
900 4085 1022 4171 qui
1069 4107 1229 4155 eum
1287 4087 1508 4169 amice
1558 4086 1686 4155 hac
1736 4084 1820 4154 de
1882 4107 1955 4154 re
2000 4084 2371 4175 appellent.
2412 4089 2623 4175 Spero
2661 4087 2849 4154 enim
2902 4086 2974 4155 in
3021 4091 3152 4157 Do-

602 4174 815 4254 min0,
858 4195 985 4242 sua
1017 4172 1217 4242 illum
1253 4174 1473 4264 gratia
1523 4187 2001 4263 permoturum
2059 4185 2295 4263 pectus
2344 4175 2617 4255 Mevori,
2674 4187 2753 4244 ut
2808 4187 2948 4244 tam
3019 4198 3151 4266 pro

602 4283 770 4331 suae
817 4262 1089 4332 animae
1120 4262 1361 4343 salute,
1414 4284 1624 4349 quam
1661 4284 1785 4362 pro
1825 4275 2056 4333 nostra
2098 4263 2413 4343 utilitate,
2455 4262 2681 4333 locum
2713 4262 2905 4349 hunc
2948 4264 3153 4336 nobis

545 4388 553 4397 ·
602 4349 842 4441 largiri
896 4350 1079 4420 haud
1139 4350 1510 4421 difficulter
1559 4350 1737 4420 velit.
1786 4352 2133 4423 Mittamus
2179 4364 2475 4438 quatuor
2528 4350 2614 4420 ad
2663 4373 2820 4421 eum
2873 4351 3146 4437 fratreS‚

654 4478 679 4505 ⁸
709 4480 967 4519 cornubiam
996 4479 1165 4521 melius
1191 4479 1285 4525 alii,
1304 4480 1354 4520 in
1373 4480 1607 4521 Devoniae
1626 4479 1883 4530 provincia,
1902 4479 2166 4527 Hybernlco
2187 4476 2304 4519 mari
2327 4479 2586 4529 adjacente.
