<?xml version="1.0" encoding="UTF-8"?>
<!DOCTYPE html PUBLIC "-//W3C//DTD XHTML 1.0 Transitional//EN"
    "http://www.w3.org/TR/xhtml1/DTD/xhtml1-transitional.dtd">
<html xmlns="http://www.w3.org/1999/xhtml" xml:lang="en" lang="en">
 <head>
  <title>
</title>
<meta http-equiv="Content-Type" content="text/html;charset=utf-8" />
  <meta name='ocr-system' content='tesseract 3.04.00' />
  <meta name='ocr-capabilities' content='ocr_page ocr_carea ocr_par ocr_line ocrx_word'/>
</head>
<body>
  <div class='ocr_page' id='page_1' title='image "./historiaeseuvit02lippgoog_0103.png"; bbox 0 0 3357 4995; ppageno 0'>
   <div class='ocr_carea' id='block_1_1' title="bbox 209 308 2667 400">
    <p class='ocr_par' dir='ltr' id='par_1_1' title="bbox 209 308 2667 400">
     <span class='ocr_line' id='line_1_1' title="bbox 209 308 2667 400; baseline -0.001 -24"><span class='ocrx_word' id='word_1_1' title='bbox 209 308 423 377; x_wconf 60' lang='lat' dir='ltr'>itt-,⁸³11</span> <span class='ocrx_word' id='word_1_2' title='bbox 474 309 517 374; x_wconf 75' lang='lat'><strong>2</strong></span> <span class='ocrx_word' id='word_1_3' title='bbox 706 391 713 400; x_wconf 91' lang='lat'><strong>.</strong></span> <span class='ocrx_word' id='word_1_4' title='bbox 767 323 1106 374; x_wconf 55' lang='lat' dir='ltr'>tatastat.</span> <span class='ocrx_word' id='word_1_5' title='bbox 1160 326 1251 373; x_wconf 89' lang='lat' dir='ltr'>ss.</span> <span class='ocrx_word' id='word_1_6' title='bbox 1306 327 1417 374; x_wconf 71' lang='lat' dir='ltr'>uit.</span> <span class='ocrx_word' id='word_1_7' title='bbox 1475 326 1654 373; x_wconf 73' lang='lat' dir='ltr'>parat</span> <span class='ocrx_word' id='word_1_8' title='bbox 1703 325 1778 374; x_wconf 74' lang='lat' dir='ltr'>ar</span> <span class='ocrx_word' id='word_1_9' title='bbox 1825 323 2199 373; x_wconf 69' lang='lat' dir='ltr'>maestum</span> <span class='ocrx_word' id='word_1_10' title='bbox 2583 309 2667 374; x_wconf 84' lang='lat'>87</span> 
     </span>
    </p>
   </div>
   <div class='ocr_carea' id='block_1_2' title="bbox 194 409 2769 4405">
    <p class='ocr_par' dir='ltr' id='par_1_2' title="bbox 194 409 2761 1477">
     <span class='ocr_line' id='line_1_2' title="bbox 220 409 2757 503; baseline -0 -22"><span class='ocrx_word' id='word_1_11' title='bbox 220 435 328 503; x_wconf 86' lang='lat' dir='ltr'>per</span> <span class='ocrx_word' id='word_1_12' title='bbox 373 409 799 481; x_wconf 80' lang='lat' dir='ltr'>beneficium</span> <span class='ocrx_word' id='word_1_13' title='bbox 850 411 1052 502; x_wconf 86' lang='lat' dir='ltr'>Regis</span> <span class='ocrx_word' id='word_1_14' title='bbox 1083 410 1376 491; x_wconf 90' lang='lat' dir='ltr'>tenebat,</span> <span class='ocrx_word' id='word_1_15' title='bbox 1409 409 1709 500; x_wconf 86' lang='lat' dir='ltr'>dirigere</span> <span class='ocrx_word' id='word_1_16' title='bbox 1739 410 2027 479; x_wconf 86' lang='lat' dir='ltr'>curavit.</span> <span class='ocrx_word' id='word_1_17' title='bbox 2062 410 2188 491; x_wconf 86' lang='lat' dir='ltr'>Qui</span> <span class='ocrx_word' id='word_1_18' title='bbox 2224 410 2562 481; x_wconf 90' lang='lat' dir='ltr'>Diaconus</span> <span class='ocrx_word' id='word_1_19' title='bbox 2593 433 2757 481; x_wconf 89' lang='lat' dir='ltr'>cum</span> 
     </span>
     <span class='ocr_line' id='line_1_3' title="bbox 220 497 2759 590; baseline -0.001 -19"><span class='ocrx_word' id='word_1_20' title='bbox 220 501 293 571; x_wconf 80' lang='lat' dir='ltr'>ad</span> <span class='ocrx_word' id='word_1_21' title='bbox 340 499 585 569; x_wconf 82' lang='lat' dir='ltr'>villam</span> <span class='ocrx_word' id='word_1_22' title='bbox 636 501 899 590; x_wconf 88' lang='lat' dir='ltr'>regiam</span> <span class='ocrx_word' id='word_1_23' title='bbox 944 521 1123 588; x_wconf 91' lang='lat' dir='ltr'>quae</span> <span class='ocrx_word' id='word_1_24' title='bbox 1170 499 1552 570; x_wconf 84' lang='lat' dir='ltr'>Wasidium</span> <span class='ocrx_word' id='word_1_25' title='bbox 1604 510 1925 578; x_wconf 85' lang='lat' dir='ltr'>vocatur,</span> <span class='ocrx_word' id='word_1_26' title='bbox 1976 497 2293 579; x_wconf 84' lang='lat' dir='ltr'>venisset,</span> <span class='ocrx_word' id='word_1_27' title='bbox 2348 500 2650 569; x_wconf 89' lang='lat' dir='ltr'>occurrit</span> <span class='ocrx_word' id='word_1_28' title='bbox 2696 501 2759 569; x_wconf 92' lang='lat' dir='ltr'>ei</span> 
     </span>
     <span class='ocr_line' id='line_1_4' title="bbox 212 586 2755 678; baseline 0 -20"><span class='ocrx_word' id='word_1_29' title='bbox 212 590 419 659; x_wconf 84' lang='lat' dir='ltr'>homo</span> <span class='ocrx_word' id='word_1_30' title='bbox 467 588 902 678; x_wconf 80' lang='lat' dir='ltr'>gibberosus,</span> <span class='ocrx_word' id='word_1_31' title='bbox 957 602 1021 658; x_wconf 92' lang='lat' dir='ltr'>et</span> <span class='ocrx_word' id='word_1_32' title='bbox 1050 610 1133 658; x_wconf 83' lang='lat' dir='ltr'>ex</span> <span class='ocrx_word' id='word_1_33' title='bbox 1178 588 1490 658; x_wconf 89' lang='lat' dir='ltr'>dentium</span> <span class='ocrx_word' id='word_1_34' title='bbox 1542 587 1778 658; x_wconf 89' lang='lat' dir='ltr'>dolore</span> <span class='ocrx_word' id='word_1_35' title='bbox 1814 586 1907 655; x_wconf 89' lang='lat' dir='ltr'>ita</span> <span class='ocrx_word' id='word_1_36' title='bbox 1955 598 2235 656; x_wconf 85' lang='lat' dir='ltr'>vexatus</span> <span class='ocrx_word' id='word_1_37' title='bbox 2270 599 2473 674; x_wconf 88' lang='lat' dir='ltr'>atque</span> <span class='ocrx_word' id='word_1_38' title='bbox 2522 588 2755 659; x_wconf 88' lang='lat' dir='ltr'>confe-</span> 
     </span>
     <span class='ocr_line' id='line_1_5' title="bbox 209 674 2761 768; baseline -0 -20"><span class='ocrx_word' id='word_1_39' title='bbox 209 691 383 756; x_wconf 85' lang='lat' dir='ltr'>ctus,</span> <span class='ocrx_word' id='word_1_40' title='bbox 424 690 502 746; x_wconf 90' lang='lat' dir='ltr'>ut</span> <span class='ocrx_word' id='word_1_41' title='bbox 539 678 691 767; x_wconf 87' lang='lat' dir='ltr'>jam</span> <span class='ocrx_word' id='word_1_42' title='bbox 732 700 856 768; x_wconf 89' lang='lat' dir='ltr'>per</span> <span class='ocrx_word' id='word_1_43' title='bbox 883 677 1030 748; x_wconf 91' lang='lat' dir='ltr'>dies</span> <span class='ocrx_word' id='word_1_44' title='bbox 1077 677 1478 764; x_wconf 90' lang='lat' dir='ltr'>quindecim</span> <span class='ocrx_word' id='word_1_45' title='bbox 1531 675 1804 746; x_wconf 89' lang='lat' dir='ltr'>nullum</span> <span class='ocrx_word' id='word_1_46' title='bbox 1847 674 2064 744; x_wconf 88' lang='lat' dir='ltr'>alium</span> <span class='ocrx_word' id='word_1_47' title='bbox 2103 676 2356 744; x_wconf 87' lang='lat' dir='ltr'>victum</span> <span class='ocrx_word' id='word_1_48' title='bbox 2391 698 2603 762; x_wconf 87' lang='lat' dir='ltr'>quam</span> <span class='ocrx_word' id='word_1_49' title='bbox 2653 700 2761 748; x_wconf 91' lang='lat' dir='ltr'>so-</span> 
     </span>
     <span class='ocr_line' id='line_1_6' title="bbox 212 764 2759 857; baseline -0 -22"><span class='ocrx_word' id='word_1_50' title='bbox 212 767 345 835; x_wconf 91' lang='lat' dir='ltr'>lam</span> <span class='ocrx_word' id='word_1_51' title='bbox 410 788 664 852; x_wconf 90' lang='lat' dir='ltr'>aquam</span> <span class='ocrx_word' id='word_1_52' title='bbox 717 779 943 857; x_wconf 88' lang='lat' dir='ltr'>posset</span> <span class='ocrx_word' id='word_1_53' title='bbox 989 788 1366 836; x_wconf 83' lang='lat' dir='ltr'>assumere.</span> <span class='ocrx_word' id='word_1_54' title='bbox 1426 765 1556 847; x_wconf 85' lang='lat' dir='ltr'>Qui</span> <span class='ocrx_word' id='word_1_55' title='bbox 1603 786 1766 834; x_wconf 87' lang='lat' dir='ltr'>cum</span> <span class='ocrx_word' id='word_1_56' title='bbox 1817 764 2132 833; x_wconf 79' lang='lat' dir='ltr'>hortante</span> <span class='ocrx_word' id='word_1_57' title='bbox 2181 765 2479 834; x_wconf 90' lang='lat' dir='ltr'>Diacono</span> <span class='ocrx_word' id='word_1_58' title='bbox 2527 788 2759 835; x_wconf 87' lang='lat' dir='ltr'>coram</span> 
     </span>
     <span class='ocr_line' id='line_1_7' title="bbox 208 851 2760 942; baseline -0 -18"><span class='ocrx_word' id='word_1_59' title='bbox 208 855 549 941; x_wconf 87' lang='lat' dir='ltr'>Reliquiis</span> <span class='ocrx_word' id='word_1_60' title='bbox 580 877 756 941; x_wconf 91' lang='lat' dir='ltr'>quas</span> <span class='ocrx_word' id='word_1_61' title='bbox 805 853 920 924; x_wconf 91' lang='lat' dir='ltr'>ille</span> <span class='ocrx_word' id='word_1_62' title='bbox 965 854 1244 936; x_wconf 89' lang='lat' dir='ltr'>ferebat,</span> <span class='ocrx_word' id='word_1_63' title='bbox 1290 877 1363 925; x_wconf 89' lang='lat' dir='ltr'>se</span> <span class='ocrx_word' id='word_1_64' title='bbox 1408 853 1489 922; x_wconf 87' lang='lat' dir='ltr'>ad</span> <span class='ocrx_word' id='word_1_65' title='bbox 1545 851 1883 924; x_wconf 88' lang='lat' dir='ltr'>orandum</span> <span class='ocrx_word' id='word_1_66' title='bbox 1940 864 2370 942; x_wconf 79' lang='lat' dir='ltr'><strong>prostrasset,</strong></span> <span class='ocrx_word' id='word_1_67' title='bbox 2428 865 2494 923; x_wconf 92' lang='lat' dir='ltr'>et</span> <span class='ocrx_word' id='word_1_68' title='bbox 2533 856 2760 924; x_wconf 89' lang='lat' dir='ltr'>Domi-</span> 
     </span>
     <span class='ocr_line' id='line_1_8' title="bbox 203 941 2761 1031; baseline 0.001 -20"><span class='ocrx_word' id='word_1_69' title='bbox 203 965 379 1013; x_wconf 88' lang='lat' dir='ltr'>num</span> <span class='ocrx_word' id='word_1_70' title='bbox 431 944 780 1014; x_wconf 77' lang='lat' dir='ltr'>Christum</span> <span class='ocrx_word' id='word_1_71' title='bbox 830 955 906 1014; x_wconf 93' lang='lat' dir='ltr'>ut</span> <span class='ocrx_word' id='word_1_72' title='bbox 952 943 1062 1014; x_wconf 92' lang='lat' dir='ltr'>sui</span> <span class='ocrx_word' id='word_1_73' title='bbox 1110 945 1570 1023; x_wconf 78' lang='lat' dir='ltr'>misereretur,</span> <span class='ocrx_word' id='word_1_74' title='bbox 1625 942 1862 1011; x_wconf 84' lang='lat' dir='ltr'>devote</span> <span class='ocrx_word' id='word_1_75' title='bbox 1894 964 1973 1011; x_wconf 92' lang='lat' dir='ltr'>ac</span> <span class='ocrx_word' id='word_1_76' title='bbox 2002 941 2408 1031; x_wconf 86' lang='lat' dir='ltr'>suppliciter</span> <span class='ocrx_word' id='word_1_77' title='bbox 2449 942 2761 1014; x_wconf 85' lang='lat' dir='ltr'>invocas-</span> 
     </span>
     <span class='ocr_line' id='line_1_9' title="bbox 200 1030 2760 1122; baseline -0.001 -19"><span class='ocrx_word' id='word_1_78' title='bbox 200 1044 331 1112; x_wconf 85' lang='lat' dir='ltr'>set,</span> <span class='ocrx_word' id='word_1_79' title='bbox 374 1054 501 1122; x_wconf 91' lang='lat' dir='ltr'>per</span> <span class='ocrx_word' id='word_1_80' title='bbox 546 1032 1106 1104; x_wconf 83' lang='lat' dir='ltr'>intercessionem</span> <span class='ocrx_word' id='word_1_81' title='bbox 1157 1044 1552 1103; x_wconf 88' lang='lat' dir='ltr'>sanctorum</span> <span class='ocrx_word' id='word_1_82' title='bbox 1606 1030 1983 1099; x_wconf 84' lang='lat' dir='ltr'>Marcellini</span> <span class='ocrx_word' id='word_1_83' title='bbox 2023 1042 2089 1100; x_wconf 89' lang='lat' dir='ltr'>et</span> <span class='ocrx_word' id='word_1_84' title='bbox 2121 1031 2297 1100; x_wconf 85' lang='lat' dir='ltr'>Petri</span> <span class='ocrx_word' id='word_1_85' title='bbox 2331 1043 2584 1101; x_wconf 90' lang='lat' dir='ltr'>cuncta</span> <span class='ocrx_word' id='word_1_86' title='bbox 2607 1053 2760 1101; x_wconf 90' lang='lat' dir='ltr'>cor-</span> 
     </span>
     <span class='ocr_line' id='line_1_10' title="bbox 196 1119 2757 1211; baseline 0 -21"><span class='ocrx_word' id='word_1_87' title='bbox 196 1120 398 1211; x_wconf 83' lang='lat' dir='ltr'>poris</span> <span class='ocrx_word' id='word_1_88' title='bbox 433 1122 995 1191; x_wconf 83' lang='lat' dir='ltr'>incommoditate</span> <span class='ocrx_word' id='word_1_89' title='bbox 1025 1119 1341 1211; x_wconf 88' lang='lat' dir='ltr'>depulsa‚</span> <span class='ocrx_word' id='word_1_90' title='bbox 1381 1142 1595 1190; x_wconf 91' lang='lat' dir='ltr'>sanus</span> <span class='ocrx_word' id='word_1_91' title='bbox 1642 1121 1732 1190; x_wconf 93' lang='lat' dir='ltr'>ab</span> <span class='ocrx_word' id='word_1_92' title='bbox 1779 1120 2088 1189; x_wconf 88' lang='lat' dir='ltr'>oratione</span> <span class='ocrx_word' id='word_1_93' title='bbox 2118 1121 2437 1190; x_wconf 83' lang='lat' dir='ltr'>surrexit.</span> <span class='ocrx_word' id='word_1_94' title='bbox 2476 1125 2757 1190; x_wconf 88' lang='lat' dir='ltr'>Factum</span> 
     </span>
     <span class='ocr_line' id='line_1_11' title="bbox 194 1208 2759 1299; baseline 0 -21"><span class='ocrx_word' id='word_1_95' title='bbox 194 1223 307 1278; x_wconf 91' lang='lat' dir='ltr'>est</span> <span class='ocrx_word' id='word_1_96' title='bbox 356 1209 487 1279; x_wconf 90' lang='lat' dir='ltr'>hoc</span> <span class='ocrx_word' id='word_1_97' title='bbox 521 1210 937 1280; x_wconf 84' lang='lat' dir='ltr'>miraculum</span> <span class='ocrx_word' id='word_1_98' title='bbox 969 1210 1435 1281; x_wconf 88' lang='lat' dir='ltr'>tertiodecimo</span> <span class='ocrx_word' id='word_1_99' title='bbox 1486 1208 1818 1279; x_wconf 90' lang='lat' dir='ltr'>Calendas</span> <span class='ocrx_word' id='word_1_100' title='bbox 1856 1208 2026 1277; x_wconf 87' lang='lat' dir='ltr'>Julii</span> <span class='ocrx_word' id='word_1_101' title='bbox 2060 1208 2243 1295; x_wconf 90' lang='lat' dir='ltr'>quod</span> <span class='ocrx_word' id='word_1_102' title='bbox 2295 1231 2334 1277; x_wconf 93' lang='lat' dir='ltr'>a</span> <span class='ocrx_word' id='word_1_103' title='bbox 2377 1230 2486 1282; x_wconf 90' lang='lat' dir='ltr'>me</span> <span class='ocrx_word' id='word_1_104' title='bbox 2544 1231 2759 1299; x_wconf 86' lang='lat' dir='ltr'>supe-</span> 
     </span>
     <span class='ocr_line' id='line_1_12' title="bbox 200 1296 2758 1387; baseline 0 -20"><span class='ocrx_word' id='word_1_105' title='bbox 200 1299 356 1368; x_wconf 90' lang='lat' dir='ltr'>rius</span> <span class='ocrx_word' id='word_1_106' title='bbox 394 1298 670 1387; x_wconf 89' lang='lat' dir='ltr'>plenius</span> <span class='ocrx_word' id='word_1_107' title='bbox 716 1315 818 1370; x_wconf 88' lang='lat' dir='ltr'>est</span> <span class='ocrx_word' id='word_1_108' title='bbox 862 1311 1297 1368; x_wconf 90' lang='lat' dir='ltr'>enarratum:</span> <span class='ocrx_word' id='word_1_109' title='bbox 1351 1297 1514 1386; x_wconf 91' lang='lat' dir='ltr'>quia</span> <span class='ocrx_word' id='word_1_110' title='bbox 1563 1319 1689 1387; x_wconf 86' lang='lat' dir='ltr'>ego</span> <span class='ocrx_word' id='word_1_111' title='bbox 1724 1296 1893 1366; x_wconf 89' lang='lat' dir='ltr'>illud</span> <span class='ocrx_word' id='word_1_112' title='bbox 1937 1298 2137 1386; x_wconf 85' lang='lat' dir='ltr'>juxta</span> <span class='ocrx_word' id='word_1_113' title='bbox 2176 1297 2581 1367; x_wconf 88' lang='lat' dir='ltr'>relationem</span> <span class='ocrx_word' id='word_1_114' title='bbox 2614 1319 2758 1368; x_wconf 90' lang='lat' dir='ltr'>me-</span> 
     </span>
     <span class='ocr_line' id='line_1_13' title="bbox 203 1386 1568 1477; baseline 0.001 -24"><span class='ocrx_word' id='word_1_115' title='bbox 203 1387 456 1454; x_wconf 86' lang='lat' dir='ltr'>morati</span> <span class='ocrx_word' id='word_1_116' title='bbox 512 1387 785 1477; x_wconf 86' lang='lat' dir='ltr'>Georgii</span> <span class='ocrx_word' id='word_1_117' title='bbox 831 1387 1263 1457; x_wconf 88' lang='lat' dir='ltr'>conscribere</span> <span class='ocrx_word' id='word_1_118' title='bbox 1308 1386 1568 1458; x_wconf 84' lang='lat' dir='ltr'>curavi.</span> 
     </span>
    </p>

    <p class='ocr_par' dir='ltr' id='par_1_3' title="bbox 202 1474 2763 2364">
     <span class='ocr_line' id='line_1_14' title="bbox 297 1474 2759 1561; baseline -0.001 -13"><span class='ocrx_word' id='word_1_119' title='bbox 297 1477 334 1561; x_wconf 76' lang='lat'>§</span> <span class='ocrx_word' id='word_1_120' title='bbox 379 1481 515 1548; x_wconf 81' lang='lat'>11.</span> <span class='ocrx_word' id='word_1_121' title='bbox 575 1477 917 1546; x_wconf 89' lang='lat' dir='ltr'>Diaconus</span> <span class='ocrx_word' id='word_1_122' title='bbox 964 1488 1194 1545; x_wconf 91' lang='lat' dir='ltr'>autem</span> <span class='ocrx_word' id='word_1_123' title='bbox 1244 1497 1403 1546; x_wconf 91' lang='lat' dir='ltr'>cum</span> <span class='ocrx_word' id='word_1_124' title='bbox 1448 1474 1783 1561; x_wconf 85' lang='lat' dir='ltr'>Reliquiis</span> <span class='ocrx_word' id='word_1_125' title='bbox 1818 1475 2014 1544; x_wconf 86' lang='lat' dir='ltr'>tertia</span> <span class='ocrx_word' id='word_1_126' title='bbox 2040 1474 2151 1544; x_wconf 90' lang='lat' dir='ltr'>die</span> <span class='ocrx_word' id='word_1_127' title='bbox 2187 1476 2623 1545; x_wconf 78' lang='lat' dir='ltr'>valentianas</span> <span class='ocrx_word' id='word_1_128' title='bbox 2650 1497 2759 1545; x_wconf 90' lang='lat' dir='ltr'>ve-</span> 
     </span>
     <span class='ocr_line' id='line_1_15' title="bbox 204 1562 2753 1664; baseline 0.001 -33"><span class='ocrx_word' id='word_1_129' title='bbox 204 1564 437 1644; x_wconf 88' lang='lat' dir='ltr'>niens,</span> <span class='ocrx_word' id='word_1_130' title='bbox 492 1587 653 1634; x_wconf 90' lang='lat' dir='ltr'>cum</span> <span class='ocrx_word' id='word_1_131' title='bbox 705 1587 821 1635; x_wconf 91' lang='lat' dir='ltr'>eas</span> <span class='ocrx_word' id='word_1_132' title='bbox 870 1565 941 1633; x_wconf 90' lang='lat' dir='ltr'>in</span> <span class='ocrx_word' id='word_1_133' title='bbox 991 1565 1351 1635; x_wconf 87' lang='lat' dir='ltr'>basilicam</span> <span class='ocrx_word' id='word_1_134' title='bbox 1379 1569 1443 1634; x_wconf 93' lang='lat' dir='ltr'>S.</span> <span class='ocrx_word' id='word_1_135' title='bbox 1484 1562 1714 1634; x_wconf 88' lang='lat' dir='ltr'>Salvii.</span> <span class='ocrx_word' id='word_1_136' title='bbox 1756 1563 1936 1634; x_wconf 88' lang='lat' dir='ltr'>sicut</span> <span class='ocrx_word' id='word_1_137' title='bbox 1964 1563 2026 1631; x_wconf 88' lang='lat' dir='ltr'>ei</span> <span class='ocrx_word' id='word_1_138' title='bbox 2053 1562 2275 1633; x_wconf 87' lang='lat' dir='ltr'>suerat</span> <span class='ocrx_word' id='word_1_139' title='bbox 2310 1565 2753 1664; x_wconf 88' lang='lat' dir='ltr'>imperatum,</span> 
     </span>
     <span class='ocr_line' id='line_1_16' title="bbox 206 1652 2759 1744; baseline 0.001 -24"><span class='ocrx_word' id='word_1_140' title='bbox 206 1667 601 1723; x_wconf 86' lang='lat' dir='ltr'>reverenter</span> <span class='ocrx_word' id='word_1_141' title='bbox 660 1667 728 1724; x_wconf 90' lang='lat' dir='ltr'>et</span> <span class='ocrx_word' id='word_1_142' title='bbox 776 1653 1149 1724; x_wconf 86' lang='lat' dir='ltr'>honorifice</span> <span class='ocrx_word' id='word_1_143' title='bbox 1197 1652 1499 1733; x_wconf 85' lang='lat' dir='ltr'>inferret,</span> <span class='ocrx_word' id='word_1_144' title='bbox 1556 1652 1844 1740; x_wconf 90' lang='lat' dir='ltr'>quidam</span> <span class='ocrx_word' id='word_1_145' title='bbox 1899 1652 2180 1741; x_wconf 89' lang='lat' dir='ltr'>juvenis</span> <span class='ocrx_word' id='word_1_146' title='bbox 2229 1652 2314 1723; x_wconf 92' lang='lat' dir='ltr'>de</span> <span class='ocrx_word' id='word_1_147' title='bbox 2363 1653 2526 1722; x_wconf 76' lang='lat' dir='ltr'>villa</span> <span class='ocrx_word' id='word_1_148' title='bbox 2576 1654 2759 1744; x_wconf 84' lang='lat' dir='ltr'>regis</span> 
     </span>
     <span class='ocr_line' id='line_1_17' title="bbox 204 1740 2760 1828; baseline 0.001 -19"><span class='ocrx_word' id='word_1_149' title='bbox 204 1762 387 1827; x_wconf 91' lang='lat' dir='ltr'>quae</span> <span class='ocrx_word' id='word_1_150' title='bbox 429 1743 693 1812; x_wconf 90' lang='lat' dir='ltr'>Listina</span> <span class='ocrx_word' id='word_1_151' title='bbox 732 1753 1033 1822; x_wconf 84' lang='lat' dir='ltr'>vocatur,</span> <span class='ocrx_word' id='word_1_152' title='bbox 1101 1742 1500 1813; x_wconf 88' lang='lat' dir='ltr'>Dominicus</span> <span class='ocrx_word' id='word_1_153' title='bbox 1563 1740 1844 1809; x_wconf 91' lang='lat' dir='ltr'>nomine</span> <span class='ocrx_word' id='word_1_154' title='bbox 1908 1741 2028 1827; x_wconf 88' lang='lat' dir='ltr'>qui</span> <span class='ocrx_word' id='word_1_155' title='bbox 2091 1763 2169 1810; x_wconf 91' lang='lat' dir='ltr'>eo</span> <span class='ocrx_word' id='word_1_156' title='bbox 2224 1741 2484 1821; x_wconf 88' lang='lat' dir='ltr'>morbo,</span> <span class='ocrx_word' id='word_1_157' title='bbox 2548 1763 2760 1828; x_wconf 91' lang='lat' dir='ltr'>quem</span> 
     </span>
     <span class='ocr_line' id='line_1_18' title="bbox 206 1829 2761 1921; baseline 0.001 -24"><span class='ocrx_word' id='word_1_158' title='bbox 206 1832 452 1899; x_wconf 82' lang='lat' dir='ltr'>Graeci</span> <span class='ocrx_word' id='word_1_159' title='bbox 503 1852 861 1921; x_wconf 84' lang='lat' dir='ltr'>spasmum</span> <span class='ocrx_word' id='word_1_160' title='bbox 913 1830 1286 1921; x_wconf 89' lang='lat' dir='ltr'>appellant,</span> <span class='ocrx_word' id='word_1_161' title='bbox 1339 1830 1476 1919; x_wconf 87' lang='lat' dir='ltr'>jam</span> <span class='ocrx_word' id='word_1_162' title='bbox 1528 1851 1648 1920; x_wconf 91' lang='lat' dir='ltr'>per</span> <span class='ocrx_word' id='word_1_163' title='bbox 1696 1850 1958 1897; x_wconf 89' lang='lat' dir='ltr'>annum</span> <span class='ocrx_word' id='word_1_164' title='bbox 2009 1829 2358 1919; x_wconf 85' lang='lat' dir='ltr'>integrum</span> <span class='ocrx_word' id='word_1_165' title='bbox 2410 1830 2510 1898; x_wconf 91' lang='lat' dir='ltr'>sic</span> <span class='ocrx_word' id='word_1_166' title='bbox 2560 1852 2761 1900; x_wconf 80' lang='lat' dir='ltr'>vexa-</span> 
     </span>
     <span class='ocr_line' id='line_1_19' title="bbox 202 1917 2757 2009; baseline 0.001 -23"><span class='ocrx_word' id='word_1_167' title='bbox 202 1919 438 1999; x_wconf 85' lang='lat' dir='ltr'>batur,</span> <span class='ocrx_word' id='word_1_168' title='bbox 474 1933 550 1988; x_wconf 90' lang='lat' dir='ltr'>ut</span> <span class='ocrx_word' id='word_1_169' title='bbox 600 1941 852 1989; x_wconf 89' lang='lat' dir='ltr'>manus</span> <span class='ocrx_word' id='word_1_170' title='bbox 893 1920 1046 2009; x_wconf 91' lang='lat' dir='ltr'>ejus</span> <span class='ocrx_word' id='word_1_171' title='bbox 1092 1919 1366 1989; x_wconf 81' lang='lat' dir='ltr'>dextera</span> <span class='ocrx_word' id='word_1_172' title='bbox 1414 1919 1691 2008; x_wconf 89' lang='lat' dir='ltr'>penitus</span> <span class='ocrx_word' id='word_1_173' title='bbox 1738 1917 2077 1987; x_wconf 88' lang='lat' dir='ltr'>contineri</span> <span class='ocrx_word' id='word_1_174' title='bbox 2140 1940 2275 1988; x_wconf 92' lang='lat' dir='ltr'>non</span> <span class='ocrx_word' id='word_1_175' title='bbox 2331 1931 2582 2008; x_wconf 85' lang='lat' dir='ltr'>posset,</span> <span class='ocrx_word' id='word_1_176' title='bbox 2638 1919 2757 1988; x_wconf 92' lang='lat' dir='ltr'>sed</span> 
     </span>
     <span class='ocr_line' id='line_1_20' title="bbox 204 2007 2761 2098; baseline 0 -24"><span class='ocrx_word' id='word_1_177' title='bbox 204 2007 585 2097; x_wconf 84' lang='lat' dir='ltr'>agitatione</span> <span class='ocrx_word' id='word_1_178' title='bbox 628 2008 984 2088; x_wconf 81' lang='lat' dir='ltr'>continua,</span> <span class='ocrx_word' id='word_1_179' title='bbox 1020 2008 1221 2095; x_wconf 87' lang='lat' dir='ltr'>quasi</span> <span class='ocrx_word' id='word_1_180' title='bbox 1270 2007 1391 2096; x_wconf 91' lang='lat' dir='ltr'>qui</span> <span class='ocrx_word' id='word_1_181' title='bbox 1432 2007 1686 2079; x_wconf 91' lang='lat' dir='ltr'>molam</span> <span class='ocrx_word' id='word_1_182' title='bbox 1729 2017 2034 2087; x_wconf 88' lang='lat' dir='ltr'>verteret,</span> <span class='ocrx_word' id='word_1_183' title='bbox 2079 2019 2470 2077; x_wconf 89' lang='lat' dir='ltr'>moveretur</span> <span class='ocrx_word' id='word_1_184' title='bbox 2513 2009 2580 2075; x_wconf 92' lang='lat' dir='ltr'>in</span> <span class='ocrx_word' id='word_1_185' title='bbox 2633 2030 2761 2098; x_wconf 85' lang='lat' dir='ltr'>gy-</span> 
     </span>
     <span class='ocr_line' id='line_1_21' title="bbox 204 2095 2763 2187; baseline 0.001 -23"><span class='ocrx_word' id='word_1_186' title='bbox 204 2117 411 2164; x_wconf 73' lang='lat' dir='ltr'>rumz</span> <span class='ocrx_word' id='word_1_187' title='bbox 449 2097 678 2165; x_wconf 89' lang='lat' dir='ltr'>statim</span> <span class='ocrx_word' id='word_1_188' title='bbox 731 2097 799 2164; x_wconf 90' lang='lat' dir='ltr'>in</span> <span class='ocrx_word' id='word_1_189' title='bbox 852 2097 1003 2187; x_wconf 90' lang='lat' dir='ltr'>ipso</span> <span class='ocrx_word' id='word_1_190' title='bbox 1051 2097 1336 2167; x_wconf 87' lang='lat' dir='ltr'>introitu</span> <span class='ocrx_word' id='word_1_191' title='bbox 1386 2118 1505 2186; x_wconf 91' lang='lat' dir='ltr'>per</span> <span class='ocrx_word' id='word_1_192' title='bbox 1538 2095 1784 2165; x_wconf 92' lang='lat' dir='ltr'>merita</span> <span class='ocrx_word' id='word_1_193' title='bbox 1831 2095 2186 2164; x_wconf 87' lang='lat' dir='ltr'>beatorum</span> <span class='ocrx_word' id='word_1_194' title='bbox 2223 2108 2608 2185; x_wconf 84' lang='lat' dir='ltr'>martyrum</span> <span class='ocrx_word' id='word_1_195' title='bbox 2643 2119 2763 2167; x_wconf 92' lang='lat' dir='ltr'>co-</span> 
     </span>
     <span class='ocr_line' id='line_1_22' title="bbox 204 2183 2761 2275; baseline 0.001 -24"><span class='ocrx_word' id='word_1_196' title='bbox 204 2205 361 2252; x_wconf 87' lang='lat' dir='ltr'>ram</span> <span class='ocrx_word' id='word_1_197' title='bbox 414 2186 603 2255; x_wconf 90' lang='lat' dir='ltr'>omni</span> <span class='ocrx_word' id='word_1_198' title='bbox 647 2184 903 2275; x_wconf 86' lang='lat' dir='ltr'>populo</span> <span class='ocrx_word' id='word_1_199' title='bbox 935 2186 1034 2255; x_wconf 83' lang='lat' dir='ltr'>ita</span> <span class='ocrx_word' id='word_1_200' title='bbox 1066 2198 1351 2257; x_wconf 90' lang='lat' dir='ltr'>curatus</span> <span class='ocrx_word' id='word_1_201' title='bbox 1397 2198 1518 2266; x_wconf 91' lang='lat' dir='ltr'>est,</span> <span class='ocrx_word' id='word_1_202' title='bbox 1561 2196 1636 2255; x_wconf 88' lang='lat' dir='ltr'>ut</span> <span class='ocrx_word' id='word_1_203' title='bbox 1667 2183 2012 2273; x_wconf 88' lang='lat' dir='ltr'>posthaec</span> <span class='ocrx_word' id='word_1_204' title='bbox 2050 2184 2319 2254; x_wconf 93' lang='lat' dir='ltr'>nullum</span> <span class='ocrx_word' id='word_1_205' title='bbox 2368 2186 2555 2255; x_wconf 90' lang='lat' dir='ltr'>illius</span> <span class='ocrx_word' id='word_1_206' title='bbox 2604 2185 2761 2255; x_wconf 89' lang='lat' dir='ltr'>hor-</span> 
     </span>
     <span class='ocr_line' id='line_1_23' title="bbox 206 2272 1888 2364; baseline 0.001 -25"><span class='ocrx_word' id='word_1_207' title='bbox 206 2272 471 2342; x_wconf 86' lang='lat' dir='ltr'>rendae</span> <span class='ocrx_word' id='word_1_208' title='bbox 501 2274 899 2364; x_wconf 85' lang='lat' dir='ltr'>agitationis</span> <span class='ocrx_word' id='word_1_209' title='bbox 946 2286 1293 2363; x_wconf 88' lang='lat' dir='ltr'>pateretur</span> <span class='ocrx_word' id='word_1_210' title='bbox 1339 2272 1888 2343; x_wconf 87' lang='lat' dir='ltr'>incommodum.</span> 
     </span>
    </p>

    <p class='ocr_par' dir='ltr' id='par_1_4' title="bbox 204 2361 2764 3586">
     <span class='ocr_line' id='line_1_24' title="bbox 304 2361 2761 2450; baseline -0 -16"><span class='ocrx_word' id='word_1_211' title='bbox 304 2364 341 2448; x_wconf 76' lang='lat'>§</span> <span class='ocrx_word' id='word_1_212' title='bbox 390 2367 539 2434; x_wconf 71' lang='lat'>12.</span> <span class='ocrx_word' id='word_1_213' title='bbox 595 2362 855 2432; x_wconf 85' lang='lat' dir='ltr'>Exinde</span> <span class='ocrx_word' id='word_1_214' title='bbox 910 2362 1021 2432; x_wconf 93' lang='lat' dir='ltr'>die</span> <span class='ocrx_word' id='word_1_215' title='bbox 1068 2375 1357 2450; x_wconf 90' lang='lat' dir='ltr'>quarta,</span> <span class='ocrx_word' id='word_1_216' title='bbox 1429 2362 1501 2431; x_wconf 90' lang='lat' dir='ltr'>in</span> <span class='ocrx_word' id='word_1_217' title='bbox 1568 2361 1928 2431; x_wconf 84' lang='lat' dir='ltr'>festivitate</span> <span class='ocrx_word' id='word_1_218' title='bbox 1979 2361 2294 2431; x_wconf 89' lang='lat' dir='ltr'>videlicet</span> <span class='ocrx_word' id='word_1_219' title='bbox 2344 2367 2412 2431; x_wconf 91' lang='lat' dir='ltr'>B.</span> <span class='ocrx_word' id='word_1_220' title='bbox 2467 2364 2761 2433; x_wconf 87' lang='lat' dir='ltr'>Joannis</span> 
     </span>
     <span class='ocr_line' id='line_1_25' title="bbox 206 2449 2760 2541; baseline 0 -21"><span class='ocrx_word' id='word_1_221' title='bbox 206 2450 579 2541; x_wconf 89' lang='lat' dir='ltr'>Baptistae,</span> <span class='ocrx_word' id='word_1_222' title='bbox 633 2473 812 2522; x_wconf 90' lang='lat' dir='ltr'>anus</span> <span class='ocrx_word' id='word_1_223' title='bbox 858 2451 1196 2539; x_wconf 87' lang='lat' dir='ltr'>quaedam</span> <span class='ocrx_word' id='word_1_224' title='bbox 1239 2452 1518 2521; x_wconf 88' lang='lat' dir='ltr'>nomine</span> <span class='ocrx_word' id='word_1_225' title='bbox 1557 2449 1856 2521; x_wconf 88' lang='lat' dir='ltr'>Gerrada</span> <span class='ocrx_word' id='word_1_226' title='bbox 1935 2472 2066 2520; x_wconf 90' lang='lat' dir='ltr'>uae</span> <span class='ocrx_word' id='word_1_227' title='bbox 2115 2472 2186 2521; x_wconf 91' lang='lat' dir='ltr'>se</span> <span class='ocrx_word' id='word_1_228' title='bbox 2235 2472 2496 2521; x_wconf 90' lang='lat' dir='ltr'>annum</span> <span class='ocrx_word' id='word_1_229' title='bbox 2535 2473 2760 2521; x_wconf 91' lang='lat' dir='ltr'>unum</span> 
     </span>
     <span class='ocr_line' id='line_1_26' title="bbox 204 2539 2754 2621; baseline -0.001 -11"><span class='ocrx_word' id='word_1_230' title='bbox 204 2562 415 2610; x_wconf 87' lang='lat' dir='ltr'>caeca</span> <span class='ocrx_word' id='word_1_231' title='bbox 463 2539 680 2611; x_wconf 85' lang='lat' dir='ltr'>fuisse</span> <span class='ocrx_word' id='word_1_232' title='bbox 727 2553 968 2613; x_wconf 89' lang='lat' dir='ltr'>testata</span> <span class='ocrx_word' id='word_1_233' title='bbox 1014 2554 1137 2621; x_wconf 91' lang='lat' dir='ltr'>est,</span> <span class='ocrx_word' id='word_1_234' title='bbox 1193 2541 1362 2610; x_wconf 91' lang='lat' dir='ltr'>dum</span> <span class='ocrx_word' id='word_1_235' title='bbox 1415 2541 1775 2610; x_wconf 87' lang='lat' dir='ltr'>Missarum</span> <span class='ocrx_word' id='word_1_236' title='bbox 1828 2561 1904 2608; x_wconf 91' lang='lat' dir='ltr'>so</span> <span class='ocrx_word' id='word_1_237' title='bbox 1936 2539 2167 2608; x_wconf 92' lang='lat' dir='ltr'>emnia</span> <span class='ocrx_word' id='word_1_238' title='bbox 2214 2539 2754 2619; x_wconf 87' lang='lat' dir='ltr'>celebrarentur,</span> 
     </span>
     <span class='ocr_line' id='line_1_27' title="bbox 204 2627 2761 2720; baseline -0 -22"><span class='ocrx_word' id='word_1_239' title='bbox 204 2630 549 2699; x_wconf 84' lang='lat' dir='ltr'>invocatis</span> <span class='ocrx_word' id='word_1_240' title='bbox 589 2630 809 2699; x_wconf 90' lang='lat' dir='ltr'>beatis</span> <span class='ocrx_word' id='word_1_241' title='bbox 858 2631 1281 2720; x_wconf 82' lang='lat' dir='ltr'>martyribus</span> <span class='ocrx_word' id='word_1_242' title='bbox 1327 2629 1561 2699; x_wconf 91' lang='lat' dir='ltr'>lumen</span> <span class='ocrx_word' id='word_1_243' title='bbox 1612 2627 1798 2717; x_wconf 91' lang='lat' dir='ltr'>quod</span> <span class='ocrx_word' id='word_1_244' title='bbox 1833 2650 1914 2696; x_wconf 86' lang='lat' dir='ltr'>ex</span> <span class='ocrx_word' id='word_1_245' title='bbox 1939 2627 2074 2697; x_wconf 86' lang='lat' dir='ltr'>fide</span> <span class='ocrx_word' id='word_1_246' title='bbox 2126 2627 2432 2717; x_wconf 88' lang='lat' dir='ltr'>petierat,</span> <span class='ocrx_word' id='word_1_247' title='bbox 2480 2628 2761 2697; x_wconf 90' lang='lat' dir='ltr'>cunctis</span> 
     </span>
     <span class='ocr_line' id='line_1_28' title="bbox 205 2716 2757 2808; baseline -0.002 -20"><span class='ocrx_word' id='word_1_248' title='bbox 205 2719 331 2805; x_wconf 92' lang='lat' dir='ltr'>qui</span> <span class='ocrx_word' id='word_1_249' title='bbox 383 2718 673 2788; x_wconf 91' lang='lat' dir='ltr'>aderant</span> <span class='ocrx_word' id='word_1_250' title='bbox 718 2718 1136 2801; x_wconf 89' lang='lat' dir='ltr'>videntibus,</span> <span class='ocrx_word' id='word_1_251' title='bbox 1192 2740 1313 2808; x_wconf 92' lang='lat' dir='ltr'>per</span> <span class='ocrx_word' id='word_1_252' title='bbox 1360 2718 1637 2788; x_wconf 91' lang='lat' dir='ltr'>illorum</span> <span class='ocrx_word' id='word_1_253' title='bbox 1693 2717 1937 2786; x_wconf 85' lang='lat' dir='ltr'>merita</span> <span class='ocrx_word' id='word_1_254' title='bbox 1985 2716 2262 2805; x_wconf 88' lang='lat' dir='ltr'>recepit.</span> <span class='ocrx_word' id='word_1_255' title='bbox 2303 2716 2634 2786; x_wconf 90' lang='lat' dir='ltr'>Similiter</span> <span class='ocrx_word' id='word_1_256' title='bbox 2684 2716 2757 2784; x_wconf 91' lang='lat' dir='ltr'>in</span> 
     </span>
     <span class='ocr_line' id='line_1_29' title="bbox 208 2804 2759 2895; baseline -0.002 -19"><span class='ocrx_word' id='word_1_257' title='bbox 208 2807 580 2877; x_wconf 82' lang='lat' dir='ltr'>festivitate</span> <span class='ocrx_word' id='word_1_258' title='bbox 609 2808 826 2876; x_wconf 88' lang='lat' dir='ltr'>sancti</span> <span class='ocrx_word' id='word_1_259' title='bbox 879 2807 1087 2877; x_wconf 90' lang='lat' dir='ltr'>Salvii</span> <span class='ocrx_word' id='word_1_260' title='bbox 1151 2828 1328 2895; x_wconf 91' lang='lat' dir='ltr'>quae</span> <span class='ocrx_word' id='word_1_261' title='bbox 1373 2807 1596 2877; x_wconf 89' lang='lat' dir='ltr'>evenit</span> <span class='ocrx_word' id='word_1_262' title='bbox 1635 2817 1820 2875; x_wconf 82' lang='lat' dir='ltr'>sexto</span> <span class='ocrx_word' id='word_1_263' title='bbox 1870 2805 2201 2875; x_wconf 87' lang='lat' dir='ltr'>Calendas</span> <span class='ocrx_word' id='word_1_264' title='bbox 2239 2805 2432 2887; x_wconf 79' lang='lat' dir='ltr'>Julii,</span> <span class='ocrx_word' id='word_1_265' title='bbox 2473 2804 2759 2892; x_wconf 92' lang='lat' dir='ltr'>quidam</span> 
     </span>
     <span class='ocr_line' id='line_1_30' title="bbox 209 2894 2759 2984; baseline -0.001 -20"><span class='ocrx_word' id='word_1_266' title='bbox 209 2896 419 2965; x_wconf 91' lang='lat' dir='ltr'>homo</span> <span class='ocrx_word' id='word_1_267' title='bbox 484 2895 745 2966; x_wconf 87' lang='lat' dir='ltr'>surdus</span> <span class='ocrx_word' id='word_1_268' title='bbox 790 2908 855 2965; x_wconf 91' lang='lat' dir='ltr'>et</span> <span class='ocrx_word' id='word_1_269' title='bbox 903 2909 1142 2965; x_wconf 92' lang='lat' dir='ltr'>mutus</span> <span class='ocrx_word' id='word_1_270' title='bbox 1200 2897 1375 2965; x_wconf 90' lang='lat' dir='ltr'>inter</span> <span class='ocrx_word' id='word_1_271' title='bbox 1423 2894 1761 2966; x_wconf 89' lang='lat' dir='ltr'>solemnia</span> <span class='ocrx_word' id='word_1_272' title='bbox 1822 2894 2187 2963; x_wconf 83' lang='lat' dir='ltr'>Missarum</span> <span class='ocrx_word' id='word_1_273' title='bbox 2242 2914 2361 2982; x_wconf 91' lang='lat' dir='ltr'>per</span> <span class='ocrx_word' id='word_1_274' title='bbox 2422 2894 2759 2984; x_wconf 80' lang='lat' dir='ltr'>suffragia</span> 
     </span>
     <span class='ocr_line' id='line_1_31' title="bbox 215 2981 2763 3074; baseline -0.001 -22"><span class='ocrx_word' id='word_1_275' title='bbox 215 2988 597 3074; x_wconf 80' lang='lat' dir='ltr'>Martyrum</span> <span class='ocrx_word' id='word_1_276' title='bbox 648 2997 713 3052; x_wconf 92' lang='lat' dir='ltr'>et</span> <span class='ocrx_word' id='word_1_277' title='bbox 769 2984 1084 3054; x_wconf 90' lang='lat' dir='ltr'>auditum</span> <span class='ocrx_word' id='word_1_278' title='bbox 1134 2997 1199 3054; x_wconf 94' lang='lat' dir='ltr'>et</span> <span class='ocrx_word' id='word_1_279' title='bbox 1246 2984 1587 3071; x_wconf 91' lang='lat' dir='ltr'>loquelam</span> <span class='ocrx_word' id='word_1_280' title='bbox 1651 2982 1957 3072; x_wconf 88' lang='lat' dir='ltr'>recipere</span> <span class='ocrx_word' id='word_1_281' title='bbox 2019 2983 2291 3052; x_wconf 86' lang='lat' dir='ltr'>meruit.</span> <span class='ocrx_word' id='word_1_282' title='bbox 2350 2981 2600 3051; x_wconf 90' lang='lat' dir='ltr'>Eadem</span> <span class='ocrx_word' id='word_1_283' title='bbox 2652 2981 2763 3051; x_wconf 92' lang='lat' dir='ltr'>die</span> 
     </span>
     <span class='ocr_line' id='line_1_32' title="bbox 208 3070 2764 3163; baseline 0 -23"><span class='ocrx_word' id='word_1_284' title='bbox 208 3095 389 3143; x_wconf 88' lang='lat' dir='ltr'>anus</span> <span class='ocrx_word' id='word_1_285' title='bbox 436 3072 781 3159; x_wconf 90' lang='lat' dir='ltr'>quaedam</span> <span class='ocrx_word' id='word_1_286' title='bbox 831 3072 917 3143; x_wconf 91' lang='lat' dir='ltr'>de</span> <span class='ocrx_word' id='word_1_287' title='bbox 966 3094 1053 3163; x_wconf 89' lang='lat' dir='ltr'>pa</span> <span class='ocrx_word' id='word_1_288' title='bbox 1105 3094 1143 3142; x_wconf 97' lang='lat' dir='ltr'>o</span> <span class='ocrx_word' id='word_1_289' title='bbox 1172 3071 1614 3144; x_wconf 90' lang='lat' dir='ltr'>Laudunensi</span> <span class='ocrx_word' id='word_1_290' title='bbox 1649 3070 2090 3141; x_wconf 85' lang='lat' dir='ltr'>Rodeltrudis</span> <span class='ocrx_word' id='word_1_291' title='bbox 2124 3072 2403 3140; x_wconf 88' lang='lat' dir='ltr'>nomine</span> <span class='ocrx_word' id='word_1_292' title='bbox 2428 3092 2606 3158; x_wconf 92' lang='lat' dir='ltr'>quae</span> <span class='ocrx_word' id='word_1_293' title='bbox 2632 3092 2764 3161; x_wconf 91' lang='lat' dir='ltr'>per</span> 
     </span>
     <span class='ocr_line' id='line_1_33' title="bbox 214 3159 2762 3240; baseline -0 -11"><span class='ocrx_word' id='word_1_294' title='bbox 214 3175 351 3230; x_wconf 87' lang='lat' dir='ltr'>tres</span> <span class='ocrx_word' id='word_1_295' title='bbox 400 3183 624 3230; x_wconf 87' lang='lat' dir='ltr'>annos</span> <span class='ocrx_word' id='word_1_296' title='bbox 664 3160 900 3232; x_wconf 89' lang='lat' dir='ltr'>lumen</span> <span class='ocrx_word' id='word_1_297' title='bbox 952 3162 1125 3232; x_wconf 90' lang='lat' dir='ltr'>coei</span> <span class='ocrx_word' id='word_1_298' title='bbox 1173 3183 1310 3232; x_wconf 91' lang='lat' dir='ltr'>non</span> <span class='ocrx_word' id='word_1_299' title='bbox 1359 3162 1552 3240; x_wconf 89' lang='lat' dir='ltr'>vidit,</span> <span class='ocrx_word' id='word_1_300' title='bbox 1599 3161 1669 3228; x_wconf 91' lang='lat' dir='ltr'>in</span> <span class='ocrx_word' id='word_1_301' title='bbox 1722 3160 1960 3230; x_wconf 92' lang='lat' dir='ltr'>eadem</span> <span class='ocrx_word' id='word_1_302' title='bbox 2008 3159 2466 3229; x_wconf 87' lang='lat' dir='ltr'>celebratione</span> <span class='ocrx_word' id='word_1_303' title='bbox 2519 3160 2762 3230; x_wconf 86' lang='lat' dir='ltr'>Missa-</span> 
     </span>
     <span class='ocr_line' id='line_1_34' title="bbox 213 3246 2759 3341; baseline -0.001 -24"><span class='ocrx_word' id='word_1_304' title='bbox 213 3272 372 3320; x_wconf 90' lang='lat' dir='ltr'>rum</span> <span class='ocrx_word' id='word_1_305' title='bbox 409 3250 639 3319; x_wconf 87' lang='lat' dir='ltr'>visum</span> <span class='ocrx_word' id='word_1_306' title='bbox 681 3251 956 3341; x_wconf 90' lang='lat' dir='ltr'>recepit.</span> <span class='ocrx_word' id='word_1_307' title='bbox 1013 3250 1263 3333; x_wconf 86' lang='lat' dir='ltr'>Quinto</span> <span class='ocrx_word' id='word_1_308' title='bbox 1303 3249 1633 3320; x_wconf 88' lang='lat' dir='ltr'>Calendas</span> <span class='ocrx_word' id='word_1_309' title='bbox 1680 3250 1728 3319; x_wconf 83' lang='lat' dir='ltr'>,J</span> <span class='ocrx_word' id='word_1_310' title='bbox 1734 3248 1858 3318; x_wconf 92' lang='lat' dir='ltr'>ulii</span> <span class='ocrx_word' id='word_1_311' title='bbox 1887 3269 2059 3338; x_wconf 90' lang='lat' dir='ltr'>puer</span> <span class='ocrx_word' id='word_1_312' title='bbox 2089 3246 2370 3335; x_wconf 89' lang='lat' dir='ltr'>quidam</span> <span class='ocrx_word' id='word_1_313' title='bbox 2417 3269 2759 3318; x_wconf 89' lang='lat' dir='ltr'>annorum</span> 
     </span>
     <span class='ocr_line' id='line_1_35' title="bbox 212 3336 2757 3429; baseline -0 -23"><span class='ocrx_word' id='word_1_314' title='bbox 212 3338 492 3408; x_wconf 89' lang='lat' dir='ltr'>circiter</span> <span class='ocrx_word' id='word_1_315' title='bbox 540 3352 825 3429; x_wconf 90' lang='lat' dir='ltr'>septem,</span> <span class='ocrx_word' id='word_1_316' title='bbox 882 3339 1285 3410; x_wconf 89' lang='lat' dir='ltr'>Donitianus</span> <span class='ocrx_word' id='word_1_317' title='bbox 1319 3338 1600 3408; x_wconf 90' lang='lat' dir='ltr'>nomine</span> <span class='ocrx_word' id='word_1_318' title='bbox 1646 3339 1767 3425; x_wconf 88' lang='lat' dir='ltr'>qui</span> <span class='ocrx_word' id='word_1_319' title='bbox 1816 3337 1948 3407; x_wconf 86' lang='lat' dir='ltr'>suit</span> <span class='ocrx_word' id='word_1_320' title='bbox 1975 3359 2222 3406; x_wconf 85' lang='lat' dir='ltr'>caecus</span> <span class='ocrx_word' id='word_1_321' title='bbox 2282 3359 2323 3405; x_wconf 93' lang='lat' dir='ltr'>a</span> <span class='ocrx_word' id='word_1_322' title='bbox 2379 3336 2757 3417; x_wconf 88' lang='lat' dir='ltr'>nativitate,</span> 
     </span>
     <span class='ocr_line' id='line_1_36' title="bbox 213 3424 2762 3517; baseline -0.001 -21"><span class='ocrx_word' id='word_1_323' title='bbox 213 3427 383 3496; x_wconf 89' lang='lat' dir='ltr'>dum</span> <span class='ocrx_word' id='word_1_324' title='bbox 418 3427 735 3497; x_wconf 89' lang='lat' dir='ltr'>divinum</span> <span class='ocrx_word' id='word_1_325' title='bbox 766 3427 1152 3498; x_wconf 89' lang='lat' dir='ltr'>celebratur</span> <span class='ocrx_word' id='word_1_326' title='bbox 1180 3426 1512 3507; x_wconf 84' lang='lat' dir='ltr'>officium,</span> <span class='ocrx_word' id='word_1_327' title='bbox 1553 3449 1673 3517; x_wconf 90' lang='lat' dir='ltr'>per</span> <span class='ocrx_word' id='word_1_328' title='bbox 1702 3426 1945 3496; x_wconf 91' lang='lat' dir='ltr'>merita</span> <span class='ocrx_word' id='word_1_329' title='bbox 1975 3424 2331 3495; x_wconf 91' lang='lat' dir='ltr'>beatorum</span> <span class='ocrx_word' id='word_1_330' title='bbox 2373 3437 2762 3514; x_wconf 75' lang='lat' dir='ltr'>martyrum</span> 
     </span>
     <span class='ocr_line' id='line_1_37' title="bbox 213 3515 833 3586; baseline 0.005 -3"><span class='ocrx_word' id='word_1_331' title='bbox 213 3515 661 3585; x_wconf 90' lang='lat' dir='ltr'>illuminatus</span> <span class='ocrx_word' id='word_1_332' title='bbox 709 3529 833 3586; x_wconf 88' lang='lat' dir='ltr'>est.</span> 
     </span>
    </p>

    <p class='ocr_par' dir='ltr' id='par_1_5' title="bbox 212 3601 2769 4405">
     <span class='ocr_line' id='line_1_38' title="bbox 299 3601 2766 3696; baseline -0.002 -22"><span class='ocrx_word' id='word_1_333' title='bbox 299 3606 339 3691; x_wconf 68' lang='grc' dir='ltr'>ξ</span> <span class='ocrx_word' id='word_1_334' title='bbox 389 3607 538 3675; x_wconf 73' lang='grc'>13.</span> <span class='ocrx_word' id='word_1_335' title='bbox 594 3608 671 3674; x_wconf 88' lang='lat' dir='ltr'>In</span> <span class='ocrx_word' id='word_1_336' title='bbox 722 3604 957 3696; x_wconf 84' lang='lat' dir='ltr'>vigilia</span> <span class='ocrx_word' id='word_1_337' title='bbox 1008 3627 1161 3675; x_wconf 91' lang='lat' dir='ltr'>vero</span> <span class='ocrx_word' id='word_1_338' title='bbox 1193 3603 1552 3674; x_wconf 91' lang='lat' dir='ltr'>beatorum</span> <span class='ocrx_word' id='word_1_339' title='bbox 1587 3603 2065 3694; x_wconf 78' lang='lat' dir='ltr'>Apostolorum</span> <span class='ocrx_word' id='word_1_340' title='bbox 2101 3602 2277 3672; x_wconf 87' lang='lat' dir='ltr'>Petri</span> <span class='ocrx_word' id='word_1_341' title='bbox 2326 3613 2392 3672; x_wconf 90' lang='lat' dir='ltr'>et</span> <span class='ocrx_word' id='word_1_342' title='bbox 2441 3601 2660 3681; x_wconf 91' lang='lat' dir='ltr'>Pauli,</span> <span class='ocrx_word' id='word_1_343' title='bbox 2696 3601 2766 3669; x_wconf 95' lang='lat' dir='ltr'>id</span> 
     </span>
     <span class='ocr_line' id='line_1_39' title="bbox 212 3690 2762 3782; baseline -0.001 -21"><span class='ocrx_word' id='word_1_344' title='bbox 212 3705 314 3762; x_wconf 87' lang='lat' dir='ltr'>est</span> <span class='ocrx_word' id='word_1_345' title='bbox 348 3704 599 3779; x_wconf 90' lang='lat' dir='ltr'>quarto</span> <span class='ocrx_word' id='word_1_346' title='bbox 650 3692 979 3762; x_wconf 90' lang='lat' dir='ltr'>Calendas</span> <span class='ocrx_word' id='word_1_347' title='bbox 1022 3693 1217 3774; x_wconf 81' lang='lat' dir='ltr'>Jutit,</span> <span class='ocrx_word' id='word_1_348' title='bbox 1265 3692 1496 3782; x_wconf 90' lang='lat' dir='ltr'>puella</span> <span class='ocrx_word' id='word_1_349' title='bbox 1534 3692 1874 3780; x_wconf 90' lang='lat' dir='ltr'>quaedam</span> <span class='ocrx_word' id='word_1_350' title='bbox 1936 3713 2167 3781; x_wconf 89' lang='lat' dir='ltr'>parva,</span> <span class='ocrx_word' id='word_1_351' title='bbox 2209 3690 2489 3761; x_wconf 90' lang='lat' dir='ltr'>nomine</span> <span class='ocrx_word' id='word_1_352' title='bbox 2516 3691 2762 3760; x_wconf 89' lang='lat' dir='ltr'>Theot-</span> 
     </span>
     <span class='ocr_line' id='line_1_40' title="bbox 214 3780 2769 3872; baseline -0.001 -23"><span class='ocrx_word' id='word_1_353' title='bbox 214 3780 449 3860; x_wconf 86' lang='lat' dir='ltr'>balda‚</span> <span class='ocrx_word' id='word_1_354' title='bbox 489 3781 756 3852; x_wconf 89' lang='lat' dir='ltr'>habens</span> <span class='ocrx_word' id='word_1_355' title='bbox 803 3782 1043 3852; x_wconf 89' lang='lat' dir='ltr'>aetatis</span> <span class='ocrx_word' id='word_1_356' title='bbox 1090 3803 1332 3861; x_wconf 89' lang='lat' dir='ltr'>annos,</span> <span class='ocrx_word' id='word_1_357' title='bbox 1370 3794 1447 3851; x_wconf 93' lang='lat' dir='ltr'>ut</span> <span class='ocrx_word' id='word_1_358' title='bbox 1493 3782 1891 3872; x_wconf 88' lang='lat' dir='ltr'>putabatur,</span> <span class='ocrx_word' id='word_1_359' title='bbox 1928 3801 2195 3860; x_wconf 89' lang='lat' dir='ltr'>novem,</span> <span class='ocrx_word' id='word_1_360' title='bbox 2222 3780 2340 3868; x_wconf 92' lang='lat' dir='ltr'>qui</span> <span class='ocrx_word' id='word_1_361' title='bbox 2373 3780 2593 3850; x_wconf 91' lang='lat' dir='ltr'>tribus</span> <span class='ocrx_word' id='word_1_362' title='bbox 2642 3801 2769 3848; x_wconf 90' lang='lat' dir='ltr'>an-</span> 
     </span>
     <span class='ocr_line' id='line_1_41' title="bbox 212 3866 2767 3969; baseline -0.001 -31"><span class='ocrx_word' id='word_1_363' title='bbox 212 3870 322 3952; x_wconf 87' lang='lat' dir='ltr'>nis</span> <span class='ocrx_word' id='word_1_364' title='bbox 373 3869 554 3939; x_wconf 89' lang='lat' dir='ltr'>nihil</span> <span class='ocrx_word' id='word_1_365' title='bbox 607 3869 890 3951; x_wconf 86' lang='lat' dir='ltr'>viderat,</span> <span class='ocrx_word' id='word_1_366' title='bbox 937 3883 1244 3961; x_wconf 88' lang='lat' dir='ltr'>tempore</span> <span class='ocrx_word' id='word_1_367' title='bbox 1291 3869 1615 3941; x_wconf 87' lang='lat' dir='ltr'>salutaris</span> <span class='ocrx_word' id='word_1_368' title='bbox 1647 3869 1856 3939; x_wconf 84' lang='lat' dir='ltr'>officii</span> <span class='ocrx_word' id='word_1_369' title='bbox 1897 3869 1965 3938; x_wconf 91' lang='lat' dir='ltr'>in</span> <span class='ocrx_word' id='word_1_370' title='bbox 2013 3868 2243 3939; x_wconf 90' lang='lat' dir='ltr'>media</span> <span class='ocrx_word' id='word_1_371' title='bbox 2288 3867 2534 3969; x_wconf 88' lang='lat' dir='ltr'>populi</span> <span class='ocrx_word' id='word_1_372' title='bbox 2584 3866 2767 3938; x_wconf 90' lang='lat' dir='ltr'>mul-</span> 
     </span>
     <span class='ocr_line' id='line_1_42' title="bbox 219 3956 2769 4049; baseline -0.001 -22"><span class='ocrx_word' id='word_1_373' title='bbox 219 3958 519 4029; x_wconf 89' lang='lat' dir='ltr'>titudine</span> <span class='ocrx_word' id='word_1_374' title='bbox 566 3958 983 4041; x_wconf 77' lang='lat' dir='ltr'>constituta,</span> <span class='ocrx_word' id='word_1_375' title='bbox 1065 3970 1449 4048; x_wconf 86' lang='lat' dir='ltr'>martyrum</span> <span class='ocrx_word' id='word_1_376' title='bbox 1516 3958 2064 4049; x_wconf 82' lang='lat' dir='ltr'>suffragantibus</span> <span class='ocrx_word' id='word_1_377' title='bbox 2133 3956 2448 4038; x_wconf 82' lang='lat' dir='ltr'>meritis,</span> <span class='ocrx_word' id='word_1_378' title='bbox 2527 3956 2769 4026; x_wconf 89' lang='lat' dir='ltr'>lumen</span> 
     </span>
     <span class='ocr_line' id='line_1_43' title="bbox 213 4045 2761 4138; baseline -0 -23"><span class='ocrx_word' id='word_1_379' title='bbox 213 4048 557 4118; x_wconf 89' lang='lat' dir='ltr'>amissum</span> <span class='ocrx_word' id='word_1_380' title='bbox 609 4069 692 4117; x_wconf 83' lang='lat' dir='ltr'>ex</span> <span class='ocrx_word' id='word_1_381' title='bbox 736 4046 974 4118; x_wconf 86' lang='lat' dir='ltr'>divina</span> <span class='ocrx_word' id='word_1_382' title='bbox 998 4046 1437 4118; x_wconf 90' lang='lat' dir='ltr'>miseratione</span> <span class='ocrx_word' id='word_1_383' title='bbox 1470 4047 1748 4138; x_wconf 89' lang='lat' dir='ltr'>recepit.</span> <span class='ocrx_word' id='word_1_384' title='bbox 1795 4046 2047 4117; x_wconf 90' lang='lat' dir='ltr'>Eadem</span> <span class='ocrx_word' id='word_1_385' title='bbox 2075 4045 2187 4116; x_wconf 92' lang='lat' dir='ltr'>die</span> <span class='ocrx_word' id='word_1_386' title='bbox 2213 4045 2498 4134; x_wconf 90' lang='lat' dir='ltr'>quidam</span> <span class='ocrx_word' id='word_1_387' title='bbox 2531 4045 2761 4127; x_wconf 89' lang='lat' dir='ltr'>hom0,</span> 
     </span>
     <span class='ocr_line' id='line_1_44' title="bbox 214 4135 2766 4223; baseline -0 -20"><span class='ocrx_word' id='word_1_388' title='bbox 214 4136 499 4205; x_wconf 89' lang='lat' dir='ltr'>nomine</span> <span class='ocrx_word' id='word_1_389' title='bbox 534 4136 742 4219; x_wconf 90' lang='lat' dir='ltr'>Dad0,</span> <span class='ocrx_word' id='word_1_390' title='bbox 773 4135 859 4206; x_wconf 91' lang='lat' dir='ltr'>de</span> <span class='ocrx_word' id='word_1_391' title='bbox 888 4135 1053 4206; x_wconf 89' lang='lat' dir='ltr'>villa</span> <span class='ocrx_word' id='word_1_392' title='bbox 1084 4136 1427 4207; x_wconf 88' lang='lat' dir='ltr'>Ponticuli</span> <span class='ocrx_word' id='word_1_393' title='bbox 1455 4149 1717 4219; x_wconf 84' lang='lat' dir='ltr'>vocata,</span> <span class='ocrx_word' id='word_1_394' title='bbox 1752 4136 1872 4223; x_wconf 90' lang='lat' dir='ltr'>qui</span> <span class='ocrx_word' id='word_1_395' title='bbox 1900 4157 2122 4206; x_wconf 90' lang='lat' dir='ltr'>annos</span> <span class='ocrx_word' id='word_1_396' title='bbox 2162 4158 2279 4205; x_wconf 83' lang='lat' dir='ltr'>sex</span> <span class='ocrx_word' id='word_1_397' title='bbox 2308 4156 2564 4205; x_wconf 88' lang='lat' dir='ltr'>curvus</span> <span class='ocrx_word' id='word_1_398' title='bbox 2594 4143 2766 4215; x_wconf 88' lang='lat' dir='ltr'>erat,</span> 
     </span>
     <span class='ocr_line' id='line_1_45' title="bbox 214 4221 2767 4325; baseline -0.001 -32"><span class='ocrx_word' id='word_1_399' title='bbox 214 4238 276 4294; x_wconf 90' lang='lat' dir='ltr'>et</span> <span class='ocrx_word' id='word_1_400' title='bbox 326 4223 415 4293; x_wconf 91' lang='lat' dir='ltr'>ad</span> <span class='ocrx_word' id='word_1_401' title='bbox 464 4224 737 4295; x_wconf 90' lang='lat' dir='ltr'>coelum</span> <span class='ocrx_word' id='word_1_402' title='bbox 788 4247 860 4296; x_wconf 88' lang='lat' dir='ltr'>se</span> <span class='ocrx_word' id='word_1_403' title='bbox 907 4224 1166 4316; x_wconf 87' lang='lat' dir='ltr'>erigere</span> <span class='ocrx_word' id='word_1_404' title='bbox 1207 4246 1343 4296; x_wconf 91' lang='lat' dir='ltr'>non</span> <span class='ocrx_word' id='word_1_405' title='bbox 1398 4237 1683 4325; x_wconf 88' lang='lat' dir='ltr'>poterat,</span> <span class='ocrx_word' id='word_1_406' title='bbox 1738 4224 2029 4312; x_wconf 82' lang='lat' dir='ltr'>ideoque</span> <span class='ocrx_word' id='word_1_407' title='bbox 2067 4224 2394 4295; x_wconf 89' lang='lat' dir='ltr'>brevibus</span> <span class='ocrx_word' id='word_1_408' title='bbox 2439 4221 2767 4292; x_wconf 87' lang='lat' dir='ltr'>anticulis</span> 
     </span>
     <span class='ocr_line' id='line_1_46' title="bbox 217 4310 2769 4405; baseline -0.001 -24"><span class='ocrx_word' id='word_1_409' title='bbox 217 4312 659 4383; x_wconf 88' lang='lat' dir='ltr'>sustentandi</span> <span class='ocrx_word' id='word_1_410' title='bbox 707 4335 779 4385; x_wconf 90' lang='lat' dir='ltr'>se</span> <span class='ocrx_word' id='word_1_411' title='bbox 825 4313 1050 4405; x_wconf 74' lang='lat' dir='ltr'>gratia</span> <span class='ocrx_word' id='word_1_412' title='bbox 1116 4313 1248 4385; x_wconf 89' lang='lat' dir='ltr'>sub</span> <span class='ocrx_word' id='word_1_413' title='bbox 1312 4313 1541 4384; x_wconf 82' lang='lat' dir='ltr'>axtllis</span> <span class='ocrx_word' id='word_1_414' title='bbox 1602 4313 1848 4405; x_wconf 90' lang='lat' dir='ltr'>positis</span> <span class='ocrx_word' id='word_1_415' title='bbox 1904 4335 2210 4384; x_wconf 86' lang='lat' dir='ltr'>cernuus</span> <span class='ocrx_word' id='word_1_416' title='bbox 2255 4311 2652 4382; x_wconf 91' lang='lat' dir='ltr'>incedebat:</span> <span class='ocrx_word' id='word_1_417' title='bbox 2708 4310 2769 4378; x_wconf 87' lang='lat' dir='ltr'>is</span> 
     </span>
    </p>
   </div>
  </div>
 </body>
</html>
