3357 4995
680 308 806 372 1¹56
1408 321 1487 368 ma:
1534 321 1591 368 s.
1645 319 1958 369 onnwato
2004 320 2302 369 EPISCOPO
2825 304 3044 369 JUNII
3101 305 3151 370 6

588 404 933 496 apparuit,
973 416 1037 473 et
1096 412 1357 471 certum
1410 416 1688 492 tempus
1739 424 1904 471 suae
1945 423 2023 470 ex
2075 402 2203 470 hac
2265 401 2416 470 luce
2466 401 2899 492 migrationis
2949 401 3151 473 indi-

588 494 789 564 cavit.
829 491 1213 562 Adveniunt
1259 491 1463 560 etiam
1520 489 1858 582 praeclari
1907 489 2209 579 Apostoli
2261 495 2497 559 Petrus
2545 504 2611 559 et
2657 490 2939 569 Paulus,
2980 514 3146 562 coe-

589 582 741 652 lesti
795 580 1059 651 lumine
1114 578 1552 660 circumdati,
1608 578 2024 649 confirmant
2073 578 2481 670 Archangeli
2532 578 3151 669 jucundissimum

590 671 954 748 nuncium,
1001 668 1470 759 propinquum
1523 668 1888 736 imminere
1938 668 2179 737 mortis
2227 667 2409 736 diem
2441 667 2645 736 etiarn
2686 666 2818 759 ipsi
2867 673 3150 739 asseve-
3217 725 3232 738 .

587 772 775 829 rant:
839 758 1206 828 hortantur
1263 771 1340 827 ut
1387 778 1575 826 more
1623 778 1750 827 suo
1798 755 1884 825 ad
1946 756 2144 826 illum
2180 756 2362 830 diem
2414 755 2723 846 hymnis,
2772 757 3133 847 precibuS,

592 847 866 939 'ejuniis
923 868 1070 917 sese
1120 857 1501 934 praeparet.
1557 849 1656 915 Ita
1703 843 1916 926 enim,
1971 845 2323 932 inquiunt,
2358 866 2681 920 coronam
2736 845 2931 935 regni
2974 869 3144 918 coe-

576 871 779 1007 'iestis
826 934 1194 1006 obtinebis.
1249 932 1605 1024 Ejusmodi
1657 933 2075 1024 gratissimis
2124 933 2401 1004 nunciis
2450 933 2596 1004 viro
2644 934 2760 1003 Dei
2802 947 2913 1004 tan
2969 958 3145 1006 uam

585 1026 656 1095 in
692 1024 1009 1095 ecstasim
1062 1034 1278 1113 rapt0,
1315 1021 1417 1091 illi
1477 1022 1768 1092 redeunt
1806 1022 1892 1091 ad
1941 1021 2190 1102 coeloS,
2244 1036 2308 1091 et
2348 1021 2684 1113 templum
2729 1023 2919 1092 incre
2974 1024 3138 1096 ibili

586 1113 820 1184 odoris
857 1111 1190 1183 suavitate
1248 1111 1620 1202 complent.
1687 1111 1807 1181 Ille
1858 1132 2011 1180 vero
2061 1112 2295 1180 anima
2342 1124 2411 1181 et
2455 1133 2740 1201 corpore
2788 1133 2869 1181 eo
2917 1112 3138 1184 odore

588 1204 847 1294 optime
894 1201 1202 1280 affectus,
1252 1222 1484 1291 preces
1533 1198 1890 1270 ardentius
1938 1199 2119 1269 fudit
2156 1199 2241 1268 ad
2286 1205 2528 1291 Deum.⁴

678 1299 716 1373 ἓ
769 1295 912 1364 21.
965 1289 1185 1359 Altero
1232 1303 1459 1358 autem
1511 1288 1621 1358 die
1659 1289 1861 1379 jubet
1907 1286 2148 1358 fratres
2197 1310 2437 1359 omnes
2483 1287 2567 1358 ad
2619 1310 2694 1360 se
2743 1290 2996 1371 venire,
3034 1312 3144 1362 re-

587 1381 748 1450 citat
800 1379 935 1448 illis
982 1399 1159 1466 quae
1209 1377 1489 1448 vidisset
1512 1375 2009 1457 et‘audivisset‚
2048 1377 2320 1447 interim
2352 1376 2681 1466 lacrymis
2715 1399 2837 1448 ora
2864 1378 3135 1469 rigans,

590 1473 877 1549 FratreS,
925 1466 1011 1536 iis
1057 1465 1336 1548 auditis,
1390 1466 1473 1552 de
1519 1466 1669 1556 ejus
1721 1465 2003 1553 quidem
2055 1465 2274 1556 gloria
2331 1465 2639 1536 exultant
2691 1466 2760 1535 in
2813 1468 3134 1551 Domum,

589 1557 707 1640 sed
761 1568 944 1625 tanto
999 1549 1187 1646 pat're
1249 1577 1321 1625 se
1360 1554 1709 1624 orbandos
1756 1554 2145 1655 impensius
2194 1554 2447 1624 dolent.
2490 1559 2565 1624 At
2616 1553 2730 1624 ille
2770 1556 2972 1645 jubet
3018 1579 3145 1630 eos

589 1645 908 1716 cohibere
958 1644 1324 1733 lacrymas,
1379 1644 1681 1734 gaudere
1728 1655 1961 1734 potius
2005 1642 2191 1731 quod
2242 1644 2463 1713 sciant
2531 1642 2729 1713 illum
2785 1643 3140 1735 proficisci

588 1734 675 1803 ad
727 1734 1041 1806 laborum
1092 1754 1374 1802 suorum
1425 1732 1850 1823 capessenda
1895 1733 2235 1819 praemia:
2292 1745 2437 1802 tum
2480 1733 2688 1802 etiam
2741 1755 2945 1804 suum
3013 1735 3142 1804 de-

590 1845 861 1893 cessum
912 1820 1234 1912 precibus
1281 1822 1429 1891 suis
1466 1820 1663 1890 tueri.
1720 1819 1975 1890 Deinde
2010 1821 2248 1890 morbo
2278 1821 2674 1911 corripitur,
2729 1836 2794 1891 et
2841 1844 3005 1892 cum
3041 1824 3136 1893 ad

587 1925 885 1982 extrema
922 1910 1243 1991 tenderet,
1283 1910 1701 1980 conveniunt
1740 1909 1825 1979 ad
1875 1932 2033 1978 eum
2068 1908 2338 1991 fratres,
2372 1909 2637 1979 cantica
2674 1910 2952 1980 animae
2976 1912 3132 2003 ejus

576 2022 626 2070 -e
672 2013 956 2088 corpore
1002 1998 1313 2069 abiturae
1360 2019 1670 2088 congrua
1702 1998 2142 2089 depromunt.
2180 1997 2535 2069 Gaudebat
2569 1998 2686 2067 ille
2711 1999 2781 2067 in
2821 2000 3133 2083 Domino,

589 2099 655 2157 et
700 2087 980 2179 optimis
1019 2087 1457 2159 sermonibus
1504 2109 1744 2157 eorum
1795 2088 2065 2157 animas
2102 2087 2524 2157 instruebat:
2578 2086 3008 2170 hortabatur,
3063 2102 3143 2160 ut

588 2176 932 2247 mundum
983 2176 1170 2246 hunc
1221 2189 1762 2255 contemnerent,
1796 2189 1861 2246 et
1908 2175 2220 2247 coelestis
2283 2177 2474 2267 regni
2524 2175 2850 2246 desiderii
2913 2176 3133 2248 ferve-

588 2280 760 2335 rent.
802 2271 1105 2351 Cumque
1164 2264 1420 2333 divinis
1469 2264 1815 2354 mysteriis
1866 2266 2124 2335 iturum
2181 2265 2500 2355 spiritum
2548 2265 2957 2348 roborasset,
2990 2267 3137 2337 vale

588 2353 912 2424 ultimum
956 2355 1054 2428 eis
1093 2353 1355 2431 dicens,
1394 2352 1611 2423 laetus
1668 2353 2084 2423 obdormivit
2139 2353 2209 2421 in
2264 2353 2573 2434 Domino,
2609 2354 2894 2441 visaque
2942 2367 3045 2425 est
3093 2379 3136 2426 a

590 2442 921 2514 fratribus
970 2441 1408 2515 sanctissima
1455 2443 1690 2513 anima
1750 2443 1903 2531 ejus
1965 2442 2033 2511 in
2094 2441 2456 2513 columbae
2497 2442 2723 2534 specie
2770 2443 2867 2513 ad·
2907 2444 3137 2516 coelos

586 2532 875 2603 evolare.
916 2532 1096 2603 Obiit
1136 2532 1239 2601 vir
1264 2544 1543 2603 sanctus
1573 2546 1809 2602 octavo
1841 2531 2005 2602 Idus
2036 2531 2256 2613 Junii,
2308 2546 2374 2601 et
2422 2532 2507 2602 ad
2562 2532 2744 2622 ipsas
2778 2536 2958 2603 sacri
2984 2558 3138 2605 cor-

588 2622 776 2712 poris
825 2621 1154 2709 reliquias
1206 2620 1499 2691 mirifica
1567 2620 1684 2691 lux
1733 2631 1872 2691 tota
1909 2633 2114 2690 ‘nocte
2166 2642 2270 2691 res
2328 2620 2614 2700 lenduit,
2668 2644 2844 2709 quae
2892 2645 3141 2694 omnes

590 2711 810 2781 noctis
843 2710 1158 2780 tenebras
1207 2709 1608 2801 profligans,
1663 2709 1909 2779 cellam
1951 2709 2167 2783 illam.
2228 2732 2274 2778 u
2326 2709 2348 2778 i
2408 2731 2662 2802 corpus
2710 2734 2991 2781 sacrum
3044 2736 3141 2782 re·

590 2800 890 2889 positum
941 2812 1107 2879 erat,
1146 2797 1483 2869 immensa
1534 2798 1687 2867 luce
1735 2798 2124 2888 complevit.

676 2889 712 2975 ἓ
764 2891 923 2958 2².
978 2887 1069 2956 Ad
1114 2908 1387 2957 sacrum
1421 2886 1572 2974 ejus
1620 2887 1883 2957 obitum
1938 2887 2117 2956 inter
2167 2900 2470 2957 caeteros
2503 2886 2975 2958 aderatetiam
3031 2912 3140 2960 ve-

590 2973 922 3046 nerabilis
953 2987 1170 3046 mater
1215 2976 1388 3065 ejus,
1442 2975 1752 3057 aderant,
1806 2987 1870 3044 et
1918 2996 2185 3046 sorores
2218 2976 2393 3066 ejus,
2439 2976 2655 3045 sacris
2688 2976 2944 3068 vigiliis
2970 3000 3138 3048 cum

590 3063 849 3153 gaudio
888 3064 1503 3134 communicantes.
1559 3069 1745 3147 Quae
1787 3064 2066 3150 quidem
2169 3063 2231 3132 io
2266 3064 2570 3134 defuncti
2619 3087 2853 3134 amore
2916 3065 3142 3138 addu-

588 3162 758 3231 ctae,
806 3152 873 3220 in
925 3173 1167 3222 omnes
1219 3175 1453 3242 preces
1500 3152 1951 3235 descendunt,
1991 3165 2067 3225 ut
2148 3152 2317 3222 iceat
2366 3153 2536 3243 ipsis
2565 3175 2821 3244 corpus
2856 3155 3009 3244 eJ‘us
3047 3156 3139 3225 ad

588 3240 813 3310 natale
860 3240 1082 3309 solum
1139 3240 1560 3331 absportare,
1616 3255 1694 3310 ut
1755 3240 1897 3310 illic
1948 3242 2014 3309 in
2059 3241 2360 3311 Ecclesia
2415 3258 2564 3325 sna,
2635 3242 2892 3312 honore
2943 3256 3136 3315 tanto

591 3328 912 3420 pontifice
946 3328 1181 3420 digno,
1237 3352 1307 3400 56
1361 3330 1631 3417 ult-urae
1683 3329 2070 3400 mandetur.
2121 3330 2463 3421 Principio
2504 3344 2734 3400 autem
2786 3330 3030 3401 fratres
3064 3356 3141 3404 se

548 3418 919 3508 ·praebent
959 3417 1310 3488 inexorabi
1341 3441 1437 3500 65,
1491 3418 1610 3487 sed
1660 3416 1936 3489 tandem
1995 3440 2137 3488 rem
2207 3431 2416 3488 totam
2467 3420 2744 3489 divinae
2793 3420 3136 3492 voluntati

590 3506 1080 3596 permittenteS,
1121 3528 1396 3576 sacrum
1445 3521 1698 3598 corpus
1750 3508 1834 3589 in,
1871 3506 2095 3577 loculo
2126 3521 2493 3598 reponunt,
2546 3520 2611 3578 et
2662 3507 2971 3598 plaustro
3006 3510 3140 3579 im-

587 3606 878 3685 ponunt.
915 3600 1039 3663 Per
1090 3594 1265 3663 viam
1307 3595 1535 3665 omnis
1574 3594 1850 3686 generis
1898 3596 2215 3667 homines
2273 3596 2546 3666 obviam
2606 3618 2679 3666 se
2726 3596 3124 3681 effundunt,

587 3704 783 3753 sacro
816 3683 1085 3773 corpori
1116 3682 1345 3753 debita
1392 3683 1616 3754 officia
1646 3684 2046 3775 impendere
2099 3684 2488 3775 gestientes.
2530 3686 2814 3755 Interim
2849 3685 2936 3755 ad
2987 3687 3129 3757 col·

587 3771 717 3841 lem
772 3770 1143 3858 quemdam
1243 3773 1588 3842 ervenitur
1612 3773 1736 3861 qui
1760 3773 1846 3842 ob
1876 3772 2322 3844 memorabile
2357 3773 2774 3844 miraculum
2811 3774 2954 3844 illic
2986 3789 3135 3847 tum

586 3872 1077 3950 perpetratum,
1124 3883 1203 3930 co
1236 3860 1320 3931 lis
1370 3866 1432 3932 S.
1472 3860 1804 3944 Gudvi'ali,
1844 3862 1932 3931 ab
1964 3862 2116 3952 ejus
2165 3861 2418 3932 accolis
2467 3861 2856 3952 appellatus
2896 3875 3022 3934 est.
3057 3869 3137 3933 In

584 3970 664 4018 eo
720 3938 893 4018 colle
931 3949 1249 4037 jumenta
1285 3972 1464 4037 quae
1500 3951 1907 4042 ‘plaustrum
1950 3951 2333 4031 trahebant,
2389 3950 2560 4021 adeo
2607 3952 3000 4042 obriguere,
3055 3965 3135 4024 ut

590 4038 865 4128 penitus
915 4035 1064 4108 loco
1114 4059 1381 4109 movere
1429 4062 1500 4110 56
1549 4062 1683 4109 non
1720 4051 2020 4130 possent,
2056 4051 2515 4140 cogeremque
2564 4040 2773 4110 simul
2831 4062 3138 4111 conven-

587 4140 730 4196 tum
773 4125 972 4195 illum
1001 4148 1277 4197 ornnem
1305 4149 1537 4198 secum
1568 4127 1710 4198 illic
1736 4128 2135 4199 subsistere.
2169 4127 2470 4198 Adhibui
2505 4141 2670 4199 sunt
2700 4128 2929 4199 adhuc
2959 4129 3140 4199 duo·

588 4213 811 4283 decim
865 4214 1092 4297 boves,
1149 4216 1265 4286 sed
1316 4216 1518 4285 etiam
1558 4217 1659 4286 illi
1709 4216 1987 4286 haesere
2018 4216 2174 4286 fixis
2214 4218 2379 4286 vesti
2438 4217 2541 4286 iis.
2578 4222 2748 4287 Tum
2781 4217 2866 4286 ad
2921 4239 2995 4289 se
3039 4241 3144 4289 re-

585 4302 787 4385 versi,
827 4302 1181 4375 dixerunt:
1236 4309 1370 4374 Cur
1416 4304 1666 4375 frustra
1708 4306 1995 4375 nitimur
2041 4318 2279 4375 contra
2310 4327 2392 4375 vo
2426 4318 2728 4375 untatem
2779 4306 2945 4397 Dein?
2993 4311 3140 4377 Non

594 4403 828 4464 nostra
883 4393 967 4462 de
1029 4393 1158 4464 hoc
1228 4415 1423 4466 sacro
1490 4415 1825 4484 corpore,
1893 4393 2010 4466 sed
2074 4393 2348 4465 Domini
2415 4393 2926 4464 voluntas-fiat.
2991 4400 3145 4489 Mox
