3357 4995
649 290 778 354 592
1274 308 1355 356 m:
1400 308 1456 356 s.
1510 308 1844 357 Amnum
1890 307 2127 357 nuuc.
2178 306 2379 356 muse.
2743 291 2783 356 J
2795 290 2965 357 UNII
3013 291 3105 357 26

559 391 1125 481 praescripserat:
1162 390 1415 480 siquid
1443 415 1600 463 vero
1625 393 2009 484 collapsum
2038 405 2238 475 esset,
2278 391 2346 461 id
2382 392 2778 464 instaurare
2802 394 3099 464 curavit.

560 485 949 570 Intepuerat
1015 481 1199 550 enim
1262 481 1540 551 Ordinis
1605 482 2039 552 observantia
2099 492 2251 572 post
2317 481 2678 552 decessum
2738 486 3108 554 memorati

559 568 835 650 Prioris‚
882 592 1005 639 nec
1043 582 1189 640 erat
1235 569 1317 652 is,
1371 571 1491 657 qui
1530 584 1732 641 antea
1778 570 2021 651 fuerat,
2076 570 2432 661 religionis
2463 569 2685 640 fervor
2712 571 2854 642 sive
2914 594 3111 643 seve-

562 657 726 728 ritas
758 656 1192 749 disciplinae,
1229 681 1352 749 pro
1405 671 1506 730 ter
1543 659 1882 729 defectum
1933 659 2236 729 virorum
2279 657 2599 729 fortium:
2634 661 2757 747 qui
2788 660 2951 730 inde
2985 684 3108 732 ac·

558 746 748 827 cidit,
800 747 985 835 quod
1048 747 1289 818 beatus
1335 747 1453 817 ile
1500 760 1899 820 sanctorum
1947 763 2348 830 conventuS,
2416 749 2660 839 paucis
2708 749 3111 840 periculum

559 834 1029 918 evadentibuS,
1082 858 1224 906 uno
1269 835 1381 906 die
1426 836 1528 905 vel
1572 838 1801 927 potius
1852 854 1995 906 una
2052 837 2222 907 hora
2272 837 2528 927 pariter
2577 837 2945 920 extinctus,
3008 839 3114 908 la·

559 923 747 993 boris
794 927 903 996 sui
953 926 1340 1017 praemium
1400 948 1436 994 a
1493 927 1779 995 Domino
1846 927 2184 1016 percepit:
2237 925 2519 1013 quaudo
2580 926 2666 996 ab
2735 926 3114 999 altissimis

559 1015 913 1084 montibus
952 1014 1089 1096 nix,
1142 1014 1402 1084 humus
1432 1026 1499 1084 et
1519 1036 1680 1095 saxa
1712 1014 1781 1082 in
1819 1014 2035 1085 Cellas
2076 1014 2474 1085 monasterii
2525 1017 2820 1098 ruentia,
2858 1016 3115 1087 fratres

561 1124 689 1171 sua
738 1104 916 1173 mole
947 1124 1370 1193 oppressere.

649 1194 686 1278 ἓ
732 1195 812 1263 8.
868 1192 1060 1262 Dedit
1105 1192 1318 1282 igitur
1363 1212 1639 1281 operam
1695 1213 1914 1262 novus
1963 1192 2154 1261 Prior
2200 1192 2606 1264 Anthelmus
2668 1206 2807 1263 tam
2860 1193 3116 1264 aedili-

560 1279 689 1349 ciis
734 1302 941 1368 quam
1007 1280 1318 1351 moribus
1356 1280 1854 1361 instaurandis,
1890 1293 1968 1351 ut
2028 1281 2088 1350 si
2134 1281 2302 1367 quid
2364 1282 2584 1352 sancti
2632 1281 2912 1353 Ordinis
3013 1284 3112 1352 ri-

563 1369 742 1438 stina
794 1369 1034 1460 religio
1093 1382 1158 1439 et
1203 1367 1637 1439 observantia
1684 1369 2061 1459 accepisset
2107 1369 2524 1452 detrimenti,
2578 1371 2646 1440 id
2696 1370 2785 1441 ad
2834 1371 2939 1461 pri
2993 1393 3109 1441 em

562 1459 987 1548 conscriptas
1026 1457 1548 1527 constitutiones
1583 1456 2093 1528 reformaretur.
2120 1463 2211 1528 Ne
2263 1459 2587 1549 ligentem
2620 1460 2674 1529 si
2718 1481 2925 1547 quem
2957 1481 3115 1530 cer-

562 1560 771 1629 neret,
826 1559 945 1616 aut
989 1559 1492 1625 contumacem,
1532 1547 2147 1628 admonitionibuS‚
2181 1548 2224 1617 b
2255 1548 2457 1617 andis
2487 1548 2715 1619 verbis
2765 1563 2832 1618 et
2862 1549 3106 1630 miniS,

563 1636 945 1725 praeceptis
983 1656 1257 1723 quoque
1302 1648 1367 1704 et
1412 1635 2015 1725 objurgationibus
2038 1635 2126 1704 ad
2181 1635 2529 1706 meliorem
2580 1635 2851 1727 frugem
2904 1658 3138 1707 reve--

560 1745 718 1792 care
752 1724 1128 1794 nitebatur:
1185 1723 1371 1811 quod
1425 1724 1483 1795 si
1544 1726 1703 1811 quis
1754 1724 1961 1795 nollet
2010 1725 2433 1816 resipiscere,
2490 1725 2828 1816 planeque
2889 1726 3109 1796 obsti-

561 1823 766 1883 natus
812 1826 1012 1893 esset,
1064 1835 1101 1882 e
1138 1811 1429 1882 fratrum
1479 1813 1836 1884 sodalitate
1874 1814 2076 1883 illum
2124 1813 2483 1883 extrudere
2524 1836 2659 1883 non
2709 1813 3100 1884 dubitabat.

562 1905 771 1970 Erant
815 1901 1000 1970 enim
1052 1900 1394 1982 nonnulli,
1452 1902 1574 1989 qui
1623 1924 1830 1972 sanas
1876 1902 2341 1973 institutiones
2388 1903 2539 1992 ejus
2588 1924 2725 1973 non
2777 1901 3103 1984 serenteS,

563 2011 723 2058 cum
770 2002 998 2061 essent
1045 1990 1343 2081 grandes
1381 1991 1452 2058 in
1503 1990 1723 2060 oculis
1761 1992 1931 2073 suiS,
1978 1991 2294 2060 homines
2322 1991 2628 2082 maligna
2662 2004 2890 2061 mente
2922 2004 2988 2061 et
3028 1992 3104 2060 in

563 2079 1031 2148 contentiones
1081 2078 1438 2169 proclives,
1483 2078 1585 2148 illi
1641 2101 1789 2149 sese
1836 2101 2184 2170 opponere
2232 2101 2368 2149 non
2418 2093 2834 2151 vererentur.
2866 2085 2943 2150 At
2983 2080 3111 2150 ille

564 2188 701 2236 non
751 2167 976 2237 ferens
1033 2189 1272 2238 eorum
1326 2169 1829 2257 arrogantiam,
1884 2189 1968 2237 ne
2036 2169 2330 2238 aliorum
2428 2190 2619 2239 acem
2668 2180 2735 2239 et
2797 2170 3104 2257 quietem

564 2256 1124 2337 interturbarent,
1191 2278 1229 2325 e
1274 2257 1687 2327 monasterio
1734 2278 1849 2326 eos
1894 2257 2118 2345 ejecit.
2174 2256 2314 2328 Sub
2365 2257 2557 2327 ilius
2604 2259 2837 2345 itaque
2887 2280 3110 2328 manu

563 2356 629 2413 et
658 2344 1028 2445 disciplina
1076 2344 1524 2435 proficiebant
1570 2344 1837 2426 fratres,
1877 2344 2136 2416 fortiter
2183 2359 2692 2437 perseverantes
2746 2348 2818 2416 in
2867 2359 3110 2417 exacta

563 2447 1100 2505 monasticarum
1150 2434 1718 2505 constitutionum
1783 2435 2246 2515 observantia,
2299 2435 2508 2523 idque
2556 2456 2694 2506 non
2737 2436 2809 2505 in
2877 2436 3109 2527 prima

565 2524 920 2593 Cartbusia
970 2536 1261 2605 tantum,
1307 2524 1423 2594 sed
1472 2525 1676 2594 etiam
1726 2525 1796 2594 in
1839 2526 2146 2604 caeteris,
2192 2524 2311 2594 illo
2361 2525 2624 2596 Priores
2653 2525 3107 2595 extimulante

565 2624 630 2681 et
661 2613 1089 2682 adhortante.
1144 2618 1221 2681 Et
1258 2613 1546 2683 florebat
1593 2625 1738 2682 tum
1784 2613 2236 2683 carthusiana
2285 2613 2551 2704 religio,
2614 2615 3106 2702 crescebatque

565 2714 629 2771 et
678 2701 1295 2791 multiplicabatur.

649 2792 687 2877 ξ
733 2793 828 2861 θ.
885 2790 1211 2873 Quamvis
1259 2802 1487 2860 autem
1540 2791 1741 2881 pauci
1791 2790 2073 2879 quidam
2123 2789 2433 2862 fortassis
2471 2789 2631 2881 plus
2659 2811 2879 2877 aequo
2919 2813 3106 2861 seve·

566 2898 720 2947 rum
756 2878 955 2948 illum
990 2890 1057 2948 et
1103 2877 1405 2970 rigidum
1434 2879 1504 2947 in
1539 2878 1854 2949 subditos
1901 2879 2423 2961 arbitrarentur,
2461 2893 2530 2949 at
2578 2880 2813 2970 plures
2842 2894 3100 2961 tamen,

561 2965 687 3122 gui
734 2968 993 3037 saniori
1040 2982 1268 3037 essent
1312 2966 1622 3056 judicio,
1680 2966 1797 3037 tali
1845 2980 2037 3068 patre
2092 2967 2522 3059 gaudebant,
2575 2981 2642 3038 et
2702 2982 3107 3039 sanctorum

611 3054 1083 3126 electabantur
1150 3056 1628 3126 exercitatione
1674 3056 2090 3127 studiorum.
2159 3056 2495 3148 Diligebat
2549 3057 2735 3128 enim
2786 3079 2951 3127 suos
2999 3058 3109 3126 vir

562 3155 866 3223 sanctus,
904 3157 969 3214 et
999 3156 1280 3235 paterna
1328 3144 1799 3215 benevolentia
1824 3145 2430 3236 complectebatur,
2473 3144 2842 3237 providens
2882 3146 2985 3216 eis
3017 3145 3109 3215 de

561 3231 912 3314 omnibus,
955 3232 1544 3320 quemadmodum
1594 3233 1764 3303 solet
1804 3246 2043 3314 mater,
2083 3234 2169 3303 de
2193 3234 2501 3305 filiorum
2552 3256 2841 3306 suorum
2876 3232 3106 3305 salute

566 3318 855 3390 solicita.
922 3320 1275 3392 Gaudebat
1330 3343 1488 3390 cum
1554 3321 2051 3412 gaudentibuS,
2101 3345 2264 3394 cum
2325 3324 2725 3413 lugentibus
2774 3322 3101 3415 lugebat,

563 3407 857 3478 aliorum
909 3409 1167 3479 damna
1196 3422 1261 3479 et
1310 3410 1771 3492 incommoda,
1825 3434 1952 3481 sua
1993 3413 2299 3502 putabat,
2351 3425 2430 3482 ut
2476 3425 2703 3502 posset
2753 3412 2899 3503 ipse
2927 3433 3106 3500 quo·

560 3517 696 3583 que
727 3498 811 3567 de
845 3499 992 3569 suis
1038 3498 1265 3570 dicere
1312 3497 1487 3568 illud
1537 3500 1951 3591 Apostoli(2.
2000 3505 2146 3572 Cor.
2201 3499 2319 3590 x1):
2380 3503 2539 3584 Ques
2580 3503 2989 3591 infirmatur,
3041 3512 3109 3572 et

559 3608 679 3685 eqo
725 3610 855 3657 non
905 3590 1257 3678 infirmor?
1302 3589 1453 3690 quis
1488 3590 2024 3669 scandalizatur,
2088 3601 2151 3659 et
2201 3613 2322 3748 quo
2378 3614 2512 3660 non
2568 3592 2784 3660 uror?
2825 3588 3108 3660 Solebat

562 3694 669 3742 sin
724 3675 878 3745 ulos
923 3677 1162 3748 crebro
1198 3678 1510 3758 invisere,
1564 3678 1761 3748 suavi
1791 3677 2064 3766 eloquio
2107 3700 2224 3748 mu
2255 3700 2431 3761 cere,
2484 3700 2624 3748 non
2673 3679 2901 3764 solum
2952 3678 3107 3749 ani·

562 3783 676 3831 ma
726 3786 850 3846 us,
913 3765 1032 3837 sed
1106 3766 1311 3836 etiam
1371 3766 1780 3855 corporibus
1838 3787 1962 3836 res·
2007 3767 2430 3839 necessarias
2477 3767 2830 3859 praebere,
2892 3780 3105 3858 prout

560 3850 904 3940 cujusque
975 3855 1286 3925 moribus
1333 3853 1436 3924 vel
1484 3855 1957 3926 constitutioni
2014 3877 2393 3948 congruere
2448 3870 2751 3927 noverat.
2814 3856 2879 3926 Si
2978 3855 3106 3927 uid

560 3953 790 4009 autem
839 3940 1225 4014 admissum
1284 3955 1461 4014 esset
1507 3945 1596 4014 ab
1642 3942 1902 4033 aliquo,
1965 3943 2035 4013 id
2096 3945 2370 4015 lenitate
2430 3967 2510 4016 ac
2558 3957 2930 4017 mansuetu
2985 3945 3104 4016 ine

561 4027 815 4120 potiuS,
858 4051 1067 4118 quam
1117 4032 1469 4103 severitate
1510 4032 1854 4125 corrigere
1899 4033 2259 4105 studebat:
2312 4047 2378 4104 et
2423 4056 2585 4105 cum
2634 4034 2909 4125 sibiipsi
2959 4055 3104 4105 non

560 4130 891 4208 parceret,
935 4117 1093 4189 aliis
1131 4119 1639 4223 indulgendum
1674 4122 2031 4193 sentiebat.
2068 4127 2170 4192 Ita
2215 4123 2276 4193 si
2307 4145 2445 4211 qua
2472 4123 2560 4192 ab
2608 4123 2844 4211 aliquo
2891 4123 3108 4215 culpa

561 4219 740 4277 esset
771 4220 1178 4299 perpetrata,
1223 4231 1491 4280 veniam
1540 4210 1752 4282 dabat
1783 4211 2181 4302 poenitenti,
2214 4213 2621 4300 cunctisque
2657 4210 2990 4283 fratribus
3021 4233 3109 4282 ea

563 4316 741 4383 quae
786 4296 873 4367 ad
922 4297 1176 4369 victum
1237 4299 1605 4389 pertinent,
1668 4312 1735 4370 et
1782 4299 2175 4371 multivaria
2222 4300 2465 4371 solatia
2511 4311 2717 4389 atque
2763 4299 3107 4372 beneficia

563 4385 976 4458 conferebat.
1022 4386 1327 4459 Infirmis
1373 4386 1477 4459 vel
1517 4386 1753 4460 animo
1785 4388 1889 4459 vel
1935 4410 2242 4480 corpore,
2275 4400 2395 4461 aut
2432 4390 2555 4477 qui
2604 4388 3104 4462 tentationibus
