3357 4995
179 323 368 388 JUNH
412 324 453 387 2
709 339 1055 388 mansur.
1106 339 1199 386 SS.
1251 339 1366 387 nu.
1422 340 1601 388 parm
1650 341 1726 387 Er
1773 338 2149 387 maestum
2531 324 2613 387 85

186 421 453 490 inaniter
483 418 921 510 supplicanS,
976 419 1069 488 ita
1130 418 1425 509 perfecte
1484 434 1772 490 sanatus
1818 433 1942 501 est,
1986 432 2063 488 ut
2118 419 2389 488 nullum
2440 420 2510 489 in
2553 420 2703 491 suis

187 509 535 579 visceribus
586 508 840 587 morbi,
891 529 1035 595 quo
1069 507 1285 578 multo
1318 522 1449 578 tem
1506 530 1625 579 ore
1656 508 2035 588 tenebatur,
2072 520 2405 578 assereret
2434 531 2703 579 reman-

184 598 324 668 sisse
368 597 770 688 vestigium.
824 596 982 667 Suis
1029 597 1244 687 igitur
1290 598 1443 668 sicu
1514 596 2106 688 promiserant.ad
2142 618 2214 665 se
2249 597 2563 679 reversis,
2619 621 2700 667 ac

180 708 397 757 sanum
450 687 634 756 sicut
665 696 1060 776 optaverant
1113 686 1649 767 invenientibuS,
1687 708 1824 756 non
1876 686 2080 756 dorso
2106 685 2409 775 jumenti
2464 698 2540 755 ut
2589 708 2702 755 ve-

180 789 361 857 nerat,
402 776 528 845 sed
574 774 831 865 pedum
862 796 1150 845 suorum
1185 774 1411 845 officio
1467 776 1552 845 ad
1597 776 1876 867 propria
1925 797 2084 844 cum
2144 774 2405 864 ingenti
2456 788 2521 843 et
2569 797 2696 845 sua

174 877 221 932 et
260 864 545 935 illorum
597 862 1057 954 gratulatione
1086 877 1293 951 atque
1326 863 1582 936 laetitia
1620 886 1982 955 regressus
2021 876 2145 935 est.
2197 906 2200 911 -
2727 862 2746 881 ‘

236 955 272 1041 ἓ
312 957 393 1024 ⁸2.
452 958 571 1025 Est
594 953 756 1022 item
787 951 1047 1022 fundus
1079 954 1313 1043 regius
1336 954 1405 1022 in
1443 976 1621 1045 pago
1654 959 1956 1033 Mosano,
2000 965 2151 1022 octo
2181 952 2456 1021 circiter
2483 951 2701 1022 leucis

164 1043 236 1112 ab
281 1042 589 1130 Aquensi
635 1042 786 1110 vico
833 1040 944 1110 dis
995 1053 1271 1112 aratus:
1324 1042 1775 1133 Gangludens
1835 1041 2250 1112 habitatores
2315 1040 2694 1131 appellant.

164 1135 226 1199 ln
271 1153 415 1219 quo
468 1130 721 1200 mulier
751 1151 927 1216 quae
978 1153 1089 1200 am
1138 1151 1317 1217 quae
1363 1143 1513 1203 octo
1562 1131 1701 1202 sere
1733 1151 2076 1200 annorum
2123 1129 2338 1199 sistam
2376 1130 2528 1198 dira
2579 1152 2701 1220 pa-

159 1219 398 1308 ralysis
434 1217 873 1309 aegritudine
920 1219 1090 1288 adeo
1138 1218 1516 1290 confectam
1546 1220 1864 1300 habebat,
1899 1234 1979 1290 ut
2005 1219 2153 1308 jam
2187 1218 2500 1308 exlongo
2529 1230 2701 1288 tem—

158 1330 311 1397 pore
344 1307 628 1379 nullum
681 1328 853 1397 pene
903 1309 1297 1378 membrum
1332 1309 1418 1379 ad
1446 1309 1753 1380 officium
1791 1330 1997 1379 suum
2035 1328 2302 1377 movere
2338 1307 2693 1398 potuisset:

157 1397 383 1467 audita
439 1398 770 1466 virtutum
808 1397 1016 1478 sama,
1057 1419 1248 1487 spem
1285 1396 1369 1467 de
1396 1396 2083 1489 recuperanda‘filiae
2110 1397 2330 1467 salute
2359 1397 2471 1487 pio
2497 1396 2702 1465 corde

156 1487 493 1577 concepit.
564 1485 1024 1572 Protinusque
1072 1485 1416 1556 sublatam
1467 1487 1655 1558 ulnis
1724 1486 2046 1577 propriis,
2100 1484 2183 1553 ad
2239 1497 2696 1555 memoratum

158 1576 529 1646 oratorium
559 1574 922 1665 deportare
970 1575 1259 1645 curavit.
1315 1580 1501 1659 Quae
1555 1598 1715 1647 cum
1767 1575 1886 1644 illo
1934 1574 2481 1661 antemeridiano
2530 1586 2703 1642 tem-

160 1685 334 1762 pore,
392 1665 571 1733 hora
620 1663 935 1734 videlicet
966 1664 1261 1754 prandii
1296 1665 1744 1765 pervenisset,
1790 1676 1856 1733 et
1901 1663 2312 1733 clericorum
2348 1663 2701 1732 neminem

160 1752 409 1823 ibidem
459 1752 835 1837 invenisset
878 1753 1070 1842 (nam
1124 1753 1479 1823 reficiendi
1518 1757 1731 1823 causa
1766 1752 1973 1843 paulo
2021 1764 2178 1823 ante
2210 1751 2705 1838 discesserant)

160 1854 380 1910 tamen
418 1841 866 1931 introgressa,
921 1840 1136 1911 filiam
1177 1843 1376 1932 juxta
1423 1863 1495 1911 se
1536 1843 1604 1911 in
1658 1842 2050 1932 pavimento
2107 1840 2487 1910 collocavit.
2545 1845 2703 1930 Ipsa

158 1942 379 2001 autem
438 1952 602 2019 prae
655 1951 894 2001 arvum
946 1952 1247 2011 cereum,
1300 1951 1504 2018 quem
1557 1953 1681 2022 pro
1733 1951 2016 2000 munere
2064 1929 2425 2009 detulerat,
2461 1950 2704 1998 accen-

156 2018 343 2098 dens,
400 2032 561 2088 ante
596 2019 616 2087 i
651 2019 785 2088 lam
839 2018 907 2087 in
957 2018 1195 2088 eodem
1241 2020 1635 2109 pavimento
1665 2019 1920 2109 posuit,
1966 2040 2174 2106 seque
2223 2018 2306 2087 ad
2359 2018 2703 2088 orandum

158 2129 381 2177 coram
441 2108 657 2177 sacris
688 2107 1039 2178 cineribus
1071 2128 1230 2179 cum
1270 2130 1546 2178 summa
1594 2108 1955 2178 devotione
2006 2107 2394 2198 prostravit.
2428 2111 2574 2189 Quo
2601 2105 2703 2174 fa-

158 2209 280 2277 ct0,
334 2197 492 2266 sine
523 2195 670 2265 ulla
705 2196 1104 2286 interposita
1139 2217 1354 2277 mora,
1403 2196 1634 2285 puella
1676 2218 1797 2286 per
1823 2217 2198 2285 supernam
2231 2195 2522 2286 gratiam
2550 2215 2703 2263 om-

161 2286 347 2354 nium
406 2284 878 2353 membrorum
912 2284 1204 2354 sanitate
1236 2307 1315 2354 ac
1366 2284 1691 2356 firmitate
1747 2298 2040 2374 recepta,
2098 2296 2313 2353 matre
2362 2304 2496 2353 non
2549 2305 2705 2353 sen·

159 2375 360 2443 tiente
411 2373 734 2452 surrexit,
772 2394 1186 2459 cereumque
1230 2374 1352 2461 qui
1402 2395 1632 2443 coram
1687 2395 1758 2443 se
1797 2373 2072 2463 jacebat
2103 2372 2409 2452 sustulit,
2442 2395 2521 2442 ac
2553 2383 2705 2461 post

159 2475 425 2553 tergum
467 2462 767 2553 jacentis
814 2461 1141 2532 constitit.
1197 2467 1383 2546 Quae
1412 2485 1573 2533 cum
1625 2463 1932 2534 oratione
1969 2461 2314 2552 completa
2363 2473 2572 2551 caput
2620 2459 2705 2529 de

203 2553 551 2621 avimento
602 2550 911 2629 levasset,
950 2566 1018 2622 et
1056 2572 1184 2620 neo
1210 2573 1484 2622 cereum
1521 2574 1645 2621 nec
1677 2552 1892 2622 filiam
1945 2554 2015 2621 in
2067 2574 2145 2620 eo
2195 2572 2332 2638 quo
2385 2561 2707 2640 posuerat

182 2661 299 2710 oco
332 2661 488 2710 esse
534 2640 838 2721 vidisset,
891 2641 1210 2722 surrexit,
1248 2662 1714 2729 conversaque
1766 2641 1978 2710 filiam
2016 2661 2194 2730 pone
2222 2661 2293 2709 se
2317 2660 2477 2709 cum
2511 2659 2706 2707 cereo

159 2742 447 2798 stantem
505 2733 715 2798 Deum
770 2728 1063 2800 laudans
1101 2751 1182 2799 ac
1230 2729 1646 2800 laetabunda
1678 2729 2056 2819 conspexit.
2091 2727 2311 2816 Igitur
2349 2748 2508 2796 cum
2540 2725 2700 2795 nul-

164 2816 294 2887 lum
333 2817 435 2887 ibi
468 2818 583 2888 cui
631 2819 718 2887 de
764 2819 1010 2888 virtute
1056 2840 1234 2906 quae
1268 2833 1454 2909 gesta
1489 2818 1713 2889 fuerat
1747 2817 1995 2888 referre
2045 2829 2296 2918 posset,
2333 2815 2571 2886 adesse
2606 2814 2704 2881 vi·
2735 2870 2746 2883 .

164 2904 366 2988 deret,
429 2928 588 2976 nam
642 2919 908 2996 praeter
957 2929 1296 2996 pauperes
1350 2905 1471 2995 q‘ui
1513 2906 1768 2977 ibidem
1829 2904 2272 2976 mendicandi
2321 2904 2538 2996 gratia
2588 2925 2706 2972 ex-

165 2995 532 3074 cubabant,
599 3017 801 3064 nemo
840 2995 1021 3065 intra
1057 2996 1337 3066 oratorii
1390 2995 1706 3086 parieteS‚
1765 3008 2046 3086 excepta
2094 3017 2165 3064 se
2214 3017 2293 3063 ac
2349 2993 2490 3062 filia
2549 3015 2699 3073 sua,

166 3096 320 3154 tunc
367 3097 515 3154 erat
559 3084 842 3171 quando
876 3084 1048 3154 illud
1103 3084 1523 3155 miraculum
1565 3084 1822 3154 factum
1852 3099 1991 3156 est:
2032 3083 2204 3154 votis
2252 3105 2412 3154 cum
2449 3081 2707 3173 gratia-

168 3192 314 3348 ιὲἐιᾶι
364 3173 638 3273 actione
686 3172 951 3253 solutis,
995 3173 1281 3243 domum
1333 3195 1491 3242 cum
1544 3172 1690 3246 filia
1742 3195 1911 3244 sana
1957 3186 2163 3261 atque
2214 3171 2547 3242 incolumi
2597 3192 2704 3239 re·-

295 3275 461 3331 avit.

234 3347 281 3435 ’ἓ
326 3353 412 3422 S.
467 3353 646 3419 Haec
694 3349 780 3418 de
835 3348 1194 3420 miraculis
1244 3349 1599 3422 beatorum
1652 3363 2037 3441 martyrum
2087 3372 2265 3437 quae
2315 3350 2383 3418 in
2451 3347 2708 3437 palatio

169 3452 346 3525 gesta
384 3451 574 3518 sunt,
611 3438 681 3507 in
733 3438 1077 3527 praesenti
1115 3459 1319 3528 opere
1366 3461 1947 3510 commemorasse
1985 3439 2309 3509 sufficiat.
2369 3442 2564 3507 Nunc
2616 3435 2702 3507 ad

169 3545 273 3595 eas
320 3527 609 3598 virtutes
641 3525 1056 3595 veniendum
1106 3539 1209 3596 est
1235 3549 1412 3614 quae
1448 3529 1518 3596 in
1569 3528 1680 3597 his
1730 3528 1898 3598 locis
1940 3527 2155 3597 factae
2192 3537 2356 3598 sunt
2402 3524 2489 3595 ad
2530 3546 2708 3612 quae

170 3614 502 3705 religiosis
542 3614 707 3684 viris
746 3615 1164 3705 petentibus,
1200 3637 1280 3685 ac
1309 3639 1418 3685 me
1451 3615 1803 3707 largiente,
1838 3616 2271 3686 venerandae
2299 3614 2704 3684 eorumdem

172 3719 540 3793 martyrum
586 3703 917 3790 reliquiae
954 3719 1310 3783 venerunt,
1346 3718 1411 3774 et
1459 3705 1526 3773 in
1580 3706 1838 3792 quibus
1879 3704 2214 3775 hactenus
2246 3724 2408 3774 cum
2455 3703 2708 3792 magna

173 3792 536 3862 reverentia
582 3791 932 3863 coluntur.
987 3797 1171 3875 Quas
1223 3794 1490 3881 primus
1523 3794 1840 3862 omnium
1892 3795 2225 3884 Georgius
2257 3793 2612 3883 presbyter
2643 3801 2709 3858 et

173 3894 379 3950 rector
427 3882 827 3952 monasterii
880 3885 946 3951 S.
1016 3880 1222 3949 Salvii
1282 3882 1651 3970 martyris,
1733 3882 1918 3970 quod
1977 3883 2046 3951 in
2147 3904 2275 3972 ago
2340 3885 2707 3950 Sanomar—

175 3970 359 4049 tensi,
414 3969 487 4036 in
536 3969 687 4038 vico
718 3968 1158 4041 valentianas
1192 3969 1559 4060 appellat0‚
1597 3972 1665 4039 in
1728 3972 1880 4061 ripa
1930 3905 2194 4041 Scald'is
2251 3969 2445 4039 fluvii
2495 3969 2705 4040 situm

174 4068 285 4138 est,
325 4079 435 4127 me
467 4055 676 4127 dante
734 4058 1059 4148 suscepit,
1097 4071 1162 4127 et
1212 4080 1331 4148 per
1375 4058 1746 4145 quemdam
1799 4060 2176 4130 Diaconum
2228 4059 2315 4127 ad
2370 4077 2710 4128 memora—

177 4155 309 4214 tum
349 4147 846 4215 monasterium
888 4146 972 4216 de
1018 4147 1318 4234 Aquensi
1367 4147 1620 4237 palatio
1653 4148 2043 4218 destinavit.
2081 4153 2148 4217 Is
2181 4168 2402 4217 unum
2438 4158 2709 4216 tantum

179 4235 479 4303 comitem
523 4255 759 4306 secum
811 4234 1098 4316 habenS,
1135 4256 1298 4307 cum
1327 4235 1396 4304 in
1435 4258 1611 4327 pago
1645 4236 1997 4307 Hasbanio
2031 4236 2114 4305 ad
2150 4236 2380 4306 vicum
2410 4235 2706 4325 regium,

178 4339 366 4406 quem
411 4321 788 4393 Wasidium
841 4337 1107 4405 vocant,
1164 4325 1481 4404 venisset,
1520 4337 1725 4414 atque
1755 4326 1823 4394 in
1866 4337 2058 4415 prato
2112 4324 2296 4411 quod
2349 4324 2497 4393 vico
2548 4344 2709 4412 pro-

176 4409 429 4481 ximum
476 4425 643 4494 erat,
680 4411 1211 4483 reficiendorum
1241 4413 1718 4504 jumentorum
1756 4414 1977 4504 gratia
2026 4411 2517 4493 descendisset,
2555 4428 2713 4481 ecce
