3357 4995
236 309 459 374 JUNII
518 309 595 372 16
906 291 984 371 nr.
1032 325 1123 372 ss.
1180 326 1437 381 onnnco
1487 327 1561 372 ΕΤ
1608 326 1867 373 sunum
1916 327 2106 374 MART.
2585 311 2711 375 367

231 418 497 489 Jesum,
541 422 606 478 et
633 409 782 495 ejus
811 414 1102 483 Patrem,
1135 433 1175 478 a
1207 411 1466 500 Spiritu
1494 411 1743 492 afflata,
1781 411 2078 500 gloriose
2107 412 2586 482 confitebatur:
2634 413 2797 483 deos

234 512 464 569 autem
519 511 584 568 et
617 498 1012 578 daemones,
1046 507 1124 567 ut
1171 499 1289 584 qui
1342 520 1562 585 neque
1591 514 1841 574 essent,
1874 522 2102 587 neque
2136 523 2446 587 unquam
2478 502 2794 584 fuissent,

232 588 623 666 abdicabat,
680 610 1064 677 aspernans
1113 600 1178 655 et
1226 588 1397 657 nihil
1452 588 1734 657 faciens,
1792 594 1868 656 Et
1896 611 2137 658 omnes
2188 590 2469 675 quidem
2543 593 2799 681 praesi-

230 679 339 747 dis
393 676 764 747 blanditias
794 689 913 745 aut
947 677 1444 746 assentationes
1488 691 1812 763 tanquam
1870 677 2157 768 maligni
2199 700 2393 749 escas
2427 679 2798 769 repellebat

230 779 293 835 et
344 766 811 834 aversabatur:
851 765 1178 840 omnibus
1212 780 1438 835 autem
1494 789 1625 855 sup
1661 767 2002 835 :liciorum
2058 767 2299 847 minis,
2354 782 2418 837 et
2477 770 2795 838 omnium

237 868 735 927 tormentorum
772 854 1148 944 generibus
1194 877 1262 924 se
1314 856 1545 923 laetari
1580 789 1991 924 affirmabat.

321 946 356 1030 ξ
404 950 539 1016 11.
593 943 1057 1025 Quamobrem
1092 942 1624 1013 crudelissimus
1673 944 1790 1012 ille
1822 943 2065 1022 Judex,
2110 945 2229 1030 qui
2280 967 2438 1014 cum
2493 951 2626 1014 Deo
2659 946 2799 1015 bel-

233 1032 378 1100 lum
415 1033 715 1120 gerebat,
764 1032 963 1119 jubet
991 1031 1272 1118 quidem
1328 1033 1657 1101 infantem
1697 1033 1954 1102 auferri
2003 1033 2089 1101 ab
2138 1034 2288 1122 ejus
2316 1034 2530 1110 ulnis,
2568 1035 2791 1123 ipsam

231 1133 459 1189 autem
526 1119 1171 1210 nudamflagetlari
1231 1121 1444 1191 boum
1497 1122 1746 1190 nervis.
1802 1128 2013 1207 Atque
2064 1137 2280 1191 mater
2327 1123 2605 1210 quidem
2638 1178 2652 1202 ,
2712 1123 2793 1191 li-

232 1210 538 1279 ctoribus
591 1211 658 1277 in
724 1232 801 1277 ea
872 1209 1220 1279 caedenda
1287 1209 1805 1288 laborantibus,
1895 1212 2292 1280 immaniter
2362 1211 2795 1281 lacerabatur

231 1297 644 1388 suppliciis:
702 1297 1200 1387 indignabatur
1236 1321 1412 1378 vero,
1469 1313 1544 1368 ut
1590 1313 1692 1368 est
1725 1313 2291 1379 consentaneum,
2346 1313 2412 1369 et
2466 1301 2791 1370 vocifera-

231 1389 459 1466 batur,
515 1401 578 1456 et
627 1409 828 1477 aegre
880 1387 1132 1456 ferebat
1183 1386 1392 1456 filius.
1417 1395 1627 1470 Quem
1663 1389 1971 1475 quidem,
2007 1389 2231 1477 utqui
2265 1401 2441 1459 esset
2484 1389 2787 1488 elegam,

229 1489 296 1544 et
357 1475 579 1544 forma
643 1477 1022 1564 speciosus,
1091 1490 1443 1545 venustate
1492 1477 1869 1546 delectatus
1919 1483 2330 1565 Tyrannus,
2393 1479 2457 1545 vi
2509 1478 2791 1565 quidem

231 1564 462 1634 avellit
510 1565 596 1633 ab
643 1565 833 1634 ulnis
869 1565 1221 1634 maternis:
1258 1587 1416 1634 eum
1469 1579 1699 1634 autem
1752 1567 1895 1636 suis
1931 1567 2196 1655 accepit
2248 1568 2595 1645 manibuS,
2632 1588 2792 1635 eum

231 1667 503 1722 tentans
537 1653 893 1753 imponere
942 1654 1260 1744 genibus,
1316 1669 1382 1722 et
1434 1657 1691 1724 sensim
1748 1655 1999 1743 palmis
2045 1655 2194 1741 ejus
2257 1670 2465 1744 caput
2518 1655 2790 1723 demul-

230 1764 585 1818 cens,-nec
635 1743 702 1810 1d
757 1744 1007 1822 solum,
1064 1743 1181 1811 sed
1231 1745 1436 1811 etiam
1513 1744 1810 1833 impuris
1862 1743 2073 1812 labris
2143 1745 2611 1828 castissimum
2662 1744 2791 1811 im-

233 1831 656 1920 purissimus
682 1832 1066 1900 exosculari
1092 1831 1526 1922 aggrediens,
1566 1833 1789 1902 verbis
1815 1832 1899 1900 ad
1924 1833 2483 1921 persuadendum
2514 1855 2788 1902 accom-

235 1920 534 1988 modatis
598 1920 1018 1998 incantabat,
1077 1934 1151 1990 ut
1203 1922 1508 2009 putabat.
1555 1921 1858 2001 Attende,
1913 1921 2174 1998 dicens,
2232 1921 2329 1989 sili
2383 1923 2477 1989 mi
2528 1923 2793 1992 suavis-

230 2009 428 2086 sime,
479 2008 580 2076 fili
628 2008 1152 2088 formosissime,
1195 2009 1465 2078 attende
1520 2011 1690 2078 mihi
1743 2023 1857 2077 tuo
1909 2011 2107 2098 patri.
2168 2011 2379 2098 Audi,
2418 2033 2457 2076 o
2516 2011 2680 2079 scite
2729 2025 2794 2079 et

231 2097 439 2166 chare
488 2096 613 2174 fili,
659 2109 723 2166 et
772 2097 1099 2188 intellige:
1157 2099 1334 2166 hanc
1362 2111 1591 2167 autem
1637 2099 2008 2167 veneficam
2037 2112 2101 2167 et
2144 2099 2453 2188 impiam,
2491 2113 2566 2168 ut
2614 2121 2792 2185 quae

235 2185 529 2254 violenta
564 2186 652 2255 sit
688 2197 901 2255 morte
951 2187 1280 2276 peritura,
1337 2199 1402 2255 et
1449 2187 1582 2256 diis
1618 2187 1923 2266 inimica,
1977 2187 2367 2276 expellens,
2422 2189 2786 2257 nobiscum

234 2276 645 2345 suavissime
696 2275 877 2344 vives
926 2287 991 2344 et
1023 2276 1562 2364 jucundissime.
1619 2282 1756 2366 Ego
1811 2290 2039 2345 autem
2092 2287 2152 2344 te
2202 2276 2539 2366 adoptans
2589 2278 2659 2343 in
2714 2277 2787 2343 fi-

234 2361 452 2442 lium,
511 2363 839 2432 omnibus
888 2365 1088 2434 bonis
1137 2364 1637 2452 benignissime
1714 2387 2111 2454 prosequar,
2138 2377 2203 2432 et
2233 2365 2545 2433 omnium
2604 2387 2788 2433 mea—

230 2472 387 2521 rum
453 2453 964 2540 possessionum
1023 2467 1082 2523 te
1119 2453 1507 2540 relinquam
1557 2455 1949 2523 haeredem.
2223 2525 2232 2533 ,
2793 2536 2803 2548 .

318 2543 355 2626 ξ
403 2547 549 2614 12.
606 2542 780 2623 Quid
833 2565 989 2612 vero
1039 2544 1385 2625 QuiricuS,
1442 2545 1565 2630 qui
1600 2549 1890 2633 corp‘ore
1938 2543 2221 2630 quidem
2274 2556 2417 2611 erat
2467 2541 2789 2631 imperfe-

228 2643 406 2709 ctus,
463 2629 803 2720 perfectus
852 2645 1080 2701 autern
1134 2632 1433 2721 spiritu:
1493 2638 1607 2719 qui
1685 2633 1913 2722 specie
1962 2630 2243 2719 quidem
2300 2645 2443 2700 erat
2510 2632 2783 2712 infans,

228 2740 436 2789 senex
485 2741 641 2788 vero
693 2719 1193 2810 intelligentia?
1238 2722 1360 2807 qni
1395 2744 1710 2791 sermone
1758 2720 2039 2809 quidem
2071 2733 2136 2788 et
2177 2720 2417 2809 lingua
2450 2720 2789 2790 balbutie-

227 2808 366 2887 bat,
423 2820 649 2876 mente
689 2822 916 2878 autem
968 2823 1032 2878 et
1080 2809 1285 2878 corde
1319 2810 1798 2900 intelligebat?
1836 2832 2003 2879 num
2053 2809 2260 2885 cessit
2298 2810 2601 2897 Tyranni
2651 2810 2789 2877 vio-

228 2895 502 2975 lentiae,
545 2910 664 2967 aut
715 2898 963 2987 puerili
1001 2899 1243 2967 timore
1291 2900 1666 2979 exhorruit,
1706 2912 1823 2968 aut
1862 2898 2121 2968 osculis
2165 2911 2229 2966 et
2281 2898 2639 2987 promissis
2687 2910 2789 2967 est

228 2985 584 3065 delinituS‚
643 2999 761 3056 aut
794 2987 1013 3055 victus
1060 3010 1098 3055 a
1150 2987 1464 3076 flagellis,
1520 2990 1820 3074 quae·in
1873 3000 2160 3057 matrem
2221 2987 2780 3064 intentabantur,

226 3074 359 3142 diri
416 3075 515 3143 uit
546 3075 790 3144 timore
839 3076 1203 3155 resolutus,
1259 3090 1376 3145 aut
1425 3078 1688 3147 fortiter
1724 3077 2008 3164 quidem
2040 3076 2430 3156 decertavit,
2479 3076 2598 3144 sed
2649 3098 2785 3144 non

225 3186 362 3252 pru
413 3168 657 3232 enter?
689 3179 807 3233 aut
842 3164 1236 3253 imperfecte
1285 3166 1590 3251 quidem,
1639 3188 1774 3235 non
1840 3178 2068 3235 autem
2119 3177 2195 3233 ut
2254 3178 2623 3253 martyrem
2667 3164 2787 3232 de-

226 3252 372 3321 cuit
414 3251 856 3322 laudabiliter
885 3258 911 3319 ⁴?
961 3259 1427 3340 Nequaquam.
1477 3260 1697 3324 [mmo
1734 3277 1891 3323 vero
1926 3253 2338 3343 perfectione
2366 3267 2565 3323 utens
2593 3252 2781 3331 fidei,

226 3339 643 3430 perfectione
692 3341 1122 3431 prudentiae.
1179 3349 1332 3412 Erat
1371 3345 1558 3412 enim
1609 3344 1898 3432 spiritus
1950 3344 2061 3411 Dei
2116 3364 2268 3411 vere
2308 3343 2376 3411 in
2440 3365 2518 3411 eo
2572 3340 2787 3429 perfe-

225 3443 424 3499 ctus:
471 3443 536 3500 et
585 3430 737 3499 ideo
773 3444 906 3500 tota
957 3433 1214 3510 anima,
1265 3433 1420 3501 totis
1472 3434 1736 3501 viribus
1762 3447 1826 3501 et
1875 3432 2204 3501 omnibus
2256 3431 2587 3501 membris
2636 3453 2785 3499 cor-

223 3520 415 3608 poris
463 3540 604 3587 una
653 3542 816 3589 cum
869 3534 1083 3589 matre
1113 3520 1492 3601 decertans,
1549 3521 1809 3592 bellum
1867 3542 1988 3609 pro
2046 3520 2311 3590 Christo
2360 3520 2661 3609 gerebat,
2720 3531 2785 3589 et

225 3606 438 3678 simul
473 3608 881 3678 sustinebat.
936 3614 1103 3677 Nam
1131 3609 1333 3677 corde
1366 3611 1646 3695 quidem
1697 3609 1989 3679 credidit
2029 3609 2246 3677 nihilo
2288 3610 2534 3689 secius,
2571 3629 2784 3695 quam

225 3696 525 3766 infantes
572 3710 691 3766 aut
744 3696 1090 3777 lactenteS,
1145 3698 1265 3783 qui
1313 3698 1543 3767 Jesum
1596 3701 1790 3788 prius
1845 3711 2322 3787 susceperunt,
2364 3698 2645 3783 quando
2678 3718 2786 3767 se-

223 3785 398 3856 dens
439 3808 649 3876 super
699 3785 997 3875 pullum,
1029 3786 1405 3855 Jerusalem
1453 3799 1554 3857 est
1589 3788 1966 3877 ingressuS‚
1998 3808 2158 3855 cum
2190 3786 2443 3876 palmis
2491 3800 2555 3854 et
2588 3787 2787 3875 hym-

224 3876 334 3943 nis
384 3876 471 3944 ab
521 3876 620 3944 eis
659 3888 1006 3965 exceptus.
1053 3879 1180 3945 Ore
1219 3888 1449 3946 autem
1481 3898 1553 3946 se
1601 3898 1749 3946 esse
1784 3875 2251 3945 Christianum
2290 3874 2641 3965 praeclare
2684 3887 2787 3943 est

224 3963 606 4043 confessus,
647 3976 712 4033 et
741 3964 1055 4033 divinum
1094 3964 1342 4034 Christi
1379 3986 1627 4033 nomen
1681 3986 1831 4043 vere
1866 3964 2295 4034 Christianus
2353 3963 2789 4033 clarissimus

226 4053 573 4134 Quiricus,
610 4053 1092 4123 convenienter
1140 4075 1265 4123 suo
1298 4053 1562 4123 nomini
1594 4053 2034 4143 praedicabat
2070 4076 2082 4118 :
2139 4053 2345 4123 corde
2368 4051 2669 4139 ‘quidem
2702 4051 2790 4120 ad

214 4141 593 4228 justitiam.
649 4142 1078 4211 confessione
1141 4155 1370 4213 autem
1420 4143 1505 4210 ad
1557 4142 1848 4211 salutem
1896 4155 2146 4221 utens,
2213 4155 2289 4211 ut
2343 4141 2624 4210 divinus
2696 4140 2792 4209 ait

227 4230 614 4320 Apostolus.
1227 4238 1246 4251 “’

316 4321 353 4406 ἓ
399 4323 546 4392 13.
631 4321 750 4390 His
803 4322 1008 4390 veluti
1087 4321 1322 4410 ignitis
1373 4320 1522 4390 telis
1571 4321 1804 4389 divisit
1861 4321 2089 4410 ipsam:
2136 4320 2435 4388 mediam
2484 4324 2531 4385 T
2564 4316 2787 4384 ‘ranni

228 4409 560 4477 animam.
617 4414 867 4479 Verum
919 4432 1043 4479 nec
1077 4412 1333 4483 otiosae
1366 4423 1560 4480 erant
1604 4410 1941 4481 delicatae
1990 4431 2241 4479 manus
2273 4409 2431 4476 novi
2462 4418 2543 4499 at.
2583 4405 2776 4493 letae,
