3357 4995
199 333 372 400 JUNII
413 334 453 399 2
700 351 1047 401 TRANSLAT.
1102 352 1195 400 ss.
1250 352 1365 400 iiii.
1420 353 1601 401 Parni
1650 353 1725 401 m
1765 350 2140 400 manentiam
2524 335 2609 400 59

202 436 280 504 eis
304 436 729 525 parabantur,
784 434 981 524 Alpes
1029 457 1393 525 superasse
1444 436 1732 525 putavit,
1788 440 1994 525 Papia
2044 435 2304 516 relicta,
2359 449 2548 507 sexta
2582 435 2696 505 die

205 524 269 592 ad
302 530 353 593 S.
388 524 780 594 ⁴§lauritium
821 525 1029 593 venit:
1068 524 1305 611 Ibique
1338 524 1757 616 comparatis
1818 546 1995 611 quae
2033 524 2116 593 ad
2156 525 2282 595 hoc
2312 525 2700 596 necessaria

198 612 585 693 videbantur,
648 632 844 681 sacra
895 611 1012 681 illa
1058 635 1341 704 corpora
1398 613 1624 684 loculo
1673 612 1984 693 inclusa,
2039 612 2284 684 feretro
2323 614 2690 705 imposuit,

194 714 357 789 atque
401 701 568 771 indo
597 703 1035 791 promovens
1072 701 1300 791 palam
1352 714 1417 772 et
1464 712 1695 792 aperte
1732 724 1892 771 cum
1936 700 2278 791 adJutorio
2313 702 2554 793 populi
2582 724 2698 772 oc-

191 790 491 860 currentis
544 801 814 879 portare
860 790 1103 880 coepit.
2028 862 2047 881 ‚

251 881 282 965 ξ
325 884 463 950 12.
520 877 645 948 Ubi
678 892 909 947 autem
936 877 1190 957 locum,
1228 880 1349 965 qui
1378 878 1747 968 Caputlaci
1779 889 2077 958 vocatur,
2113 890 2690 970 praetergressuS,

178 966 435 1048 bivium,
486 988 625 1054 quo
653 967 900 1056 itinera
933 967 999 1035 in
1033 968 1386 1037 Franciam
1420 966 1740 1036 ducentia
1771 967 2221 1049 dirimuntur,
2252 968 2496 1058 attigit,
2535 966 2696 1038 dex-

178 1056 464 1125 teriorem
507 1055 686 1125 viam
739 1055 1117 1145 ingressuS,
1162 1078 1284 1146 per
1321 1055 1861 1126 Alamannorum
1911 1055 2085 1127 fines
2121 1077 2342 1143 usque
2371 1055 2457 1125 ad
2508 1056 2697 1125 Solo-

175 1143 404 1215 durum
442 1143 1020 1234 Burgundionum
1051 1143 1387 1244 oppidum
1420 1145 1625 1214 venit.
1665 1144 1771 1213 Ibi
1800 1144 2036 1214 obvios
2066 1144 2332 1225 habuit,
2369 1167 2543 1233 quos
2570 1165 2698 1234 ego

175 1246 309 1331 post
331 1232 668 1303 indicium
693 1231 1031 1303 adventus
1057 1232 1250 1304 illius
1276 1232 1451 1302 mihi
1483 1232 1770 1314 factum,
1798 1232 1888 1302 de'
1915 1232 2218 1323 Trajecto
2243 1233 2306 1303 ei
2338 1254 2699 1304 occurrere

163 1321 347 1410 jussi.
374 1326 539 1391 Nam
569 1341 696 1412 ego
730 1333 895 1391 tunc
925 1321 1253 1411 temporis
1282 1321 1479 1409 juxta
1509 1321 1809 1391 Scaldim
1845 1311 2138 1392 fluviui‘n
2169 1323 2241 1391 in
2281 1321 2697 1392 monasterio

173 1413 229 1478 S.
276 1410 556 1479 Bavonis
601 1430 818 1491 eram,
871 1410 1151 1497 quando
1201 1409 1436 1481 literae
1501 1410 1753 1480 notarii
1802 1410 1937 1480 mei
1994 1431 2117 1500 per
2179 1432 2471 1502 puerum
2543 1431 2699 1502 pro-

171 1499 484 1568 curatoris
543 1498 784 1579 nostri,
835 1499 1038 1588 cujus
1094 1499 1420 1589 superius
1470 1499 1888 1569 mentionem
1939 1498 2262 1579 fecimuS‚
2319 1500 2492 1569 mibi
2546 1498 2697 1568 red-

169 1585 328 1656 ditae
385 1597 582 1657 sunt:
635 1608 718 1657 ex
769 1609 1066 1674 quarum
1119 1588 1408 1657 lectione
1468 1587 1554 1658 de
1615 1585 1919 1657 adventu
1984 1592 2389 1658 Sanctorum
2452 1588 2701 1658 certior

168 1673 387 1755 factm,
426 1675 584 1745 ilico
630 1698 855 1745 unum
905 1698 986 1745 ex
1032 1676 1495 1747 familiaribus
1549 1676 1803 1746 nostris
1850 1676 2233 1765 Traiectum
2285 1676 2407 1757 ire,
2457 1677 2697 1764 ibique

168 1764 576 1853 presbyteros
615 1776 823 1851 atque
870 1764 1043 1834 alios
1087 1763 1397 1852 clerjaS,
1457 1786 1723 1835 necnon
1759 1778 1825 1834 et
1859 1764 2070 1836 laicos
2119 1787 2350 1836 secum
2393 1786 2690 1845 sumere,

167 1873 233 1920 ac
278 1853 541 1924 Sanctis
588 1854 1025 1925 venientibus
1072 1853 1502 1940 ubicumque
1542 1854 1851 1944 primum
1904 1854 2259 1954 potuisset,
2298 1854 2566 1923 obviam
2606 1852 2697 1922 fe-

168 1944 402 2011 stinare
433 1942 780 2032 praecepi.
818 1947 923 2011 ·Et·
959 1942 1020 2012 is
1067 1942 1242 2011 nihil
1295 1956 1628 2019 moratus,
1664 1963 1825 2011 cum
1859 1941 1968 2011 his
1996 1964 2172 2029 quos
2210 1964 2444 2014 secum
2482 1941 2695 2011 duxe-

167 2042 257 2097 rat
298 2030 366 2100 in
418 2029 566 2100 loco
618 2043 1020 2111 memorato,
1076 2044 1229 2121 post
1277 2052 1534 2121 paucos
1583 2031 1733 2100 dies
1782 2029 1893 2100 his
1939 2032 2061 2119 qui
2103 2036 2384 2101 Sanctos
2431 2030 2698 2115 adfere-

171 2118 320 2187 bant
363 2118 704 2188 obviavit:
734 2119 1101 2219 junctique
1140 2119 1372 2197 simul,
1403 2119 1899 2189 comitantibus
1922 2120 2067 2208 jam
2111 2133 2313 2208 atque
2344 2120 2503 2190 hinc
2539 2118 2697 2189 inde

164 2207 720 2278 concurrentibus
768 2206 1192 2296 hymnidicis
1238 2208 1652 2298 populorum
1705 2207 1976 2289 turmiS,
2022 2230 2180 2279 cum
2235 2209 2493 2299 ingenti
2545 2229 2694 2277 om-

168 2294 345 2365 nium
395 2294 655 2366 laetitia
700 2301 1223 2387 Argentoratum
1272 2297 1542 2378 urbem,
1594 2318 1774 2383 quae
1824 2318 2014 2366 nunc
2065 2298 2514 2387 Stratburgus
2578 2319 2698 2386 ap-

167 2383 468 2471 pellatur,
520 2384 833 2454 c'eleriter
870 2386 1175 2455 veniunt.
1215 2384 1384 2454 Inde
1438 2407 1558 2474 per
1604 2386 1926 2455 Rhenum
1980 2386 2286 2458 secunda
2340 2389 2521 2472 aqu-a
2573 2408 2695 2455 na-

165 2471 479 2562 vigantes
512 2495 676 2544 cum
711 2472 794 2544 ad
827 2473 1083 2557 locum,
1108 2473 1231 2562 qui
1261 2479 1504 2545 Portus
1534 2487 1838 2555 vocatur,
1884 2474 2253 2555 venissent,
2294 2474 2694 2545 orientalem

164 2561 463 2652 fluminis
509 2563 735 2652 ripam
783 2564 1064 2653 egressi,
1117 2563 1363 2664 quinta
1409 2564 1772 2633 mansione
1816 2563 1901 2633 ad
1945 2563 2172 2634 locum
2227 2563 2696 2633 Micliilunsta't

164 2662 626 2743 nuncupatum
660 2673 826 2721 cum
873 2651 1247 2722 immodica
1294 2651 1662 2722 hominum
1712 2653 1783 2721 in
1837 2652 1950 2721 Dei
2000 2652 2327 2724 laudibus
2380 2651 2697 2720 exultan-

166 2737 318 2808 tium
355 2739 802 2810 multitudine
849 2741 1278 2831 perveniunt.
1334 2746 1401 2809 Is
1450 2741 1644 2812 locus
1672 2752 1775 2811 est
1816 2741 1886 2809 in
1918 2762 1996 2810 eo
2046 2740 2227 2810 saltu
2259 2739 2690 2819 Germaniae,

164 2827 267 2911 qui
310 2840 617 2919 tempore
650 2828 982 2898 moderno
1030 2828 1449 2899 Odonowald
1510 2828 1937 2920 appellatur,
1991 2842 2056 2898 et
2104 2828 2311 2899 distat
2356 2851 2396 2898 a
2459 2833 2696 2897 Moeno

165 2912 435 2986 flumine
479 2917 755 2987 circiter
804 2917 1035 2988 leucas
1082 2939 1219 2987 sex.
1275 2924 1353 2987 In
1403 2939 1542 3004 quo
1589 2940 1751 2987 cum
1803 2916 2161 2988 basilicam
2207 2918 2468 2988 noviter
2498 2939 2536 2984 a
2587 2939 2697 2986 me

168 3018 644 3084 constructam,
714 3006 831 3076 sed
884 3005 1192 3077 nondum
1244 3006 1631 3076 dedicatam
1692 3007 2138 3086 invenissent,
2190 3007 2262 3076 in
2314 3007 2491 3077 hanc
2541 3004 2695 3075 illos

167 3111 378 3190 sacros
426 3095 700 3165 cineres
750 3094 1157 3174 intulerunt,
1196 3107 1261 3166 et
1299 3095 1485 3166 velut
1533 3095 1630 3164 ibi
1670 3096 2003 3186 perpetuo
2049 3116 2543 3186 permansuros
2576 3093 2695 3163 de-

169 3191 581 3266 posuerunt?

241 3272 274 3355 ἓ
315 3275 465 3343 18.
521 3276 832 3358 Cumque
862 3272 926 3340 id
965 3273 1138 3342 milii
1187 3272 1431 3343 fuisset
1476 3273 1791 3351 allatum,
1836 3272 2197 3343 confestim
2237 3271 2404 3341 illuc
2437 3277 2697 3359 quanta

169 3359 339 3442 potui
385 3360 733 3430 celeritate
772 3362 1013 3430 ‚venire
1061 3361 1410 3432 festinavi:
1464 3362 1587 3431 ubi
1635 3383 1796 3432 cum
1834 3360 2061 3431 triduo
2111 3373 2264 3451 post
2323 3359 2695 3429 adventum

170 3459 456 3542 nostrum
504 3461 763 3528 exacto,
817 3449 1101 3537 quidam
1154 3471 1327 3540 puer
1358 3449 1645 3520 Ratleici
1685 3450 1974 3541 jubente
2022 3471 2126 3529 eo,
2159 3448 2386 3519 officio
2425 3469 2698 3539 resper-

170 3542 292 3603 tino
337 3537 700 3627 complet0‚
751 3539 1038 3629 caeteris
1086 3538 1498 3608 exeuntibus
1537 3539 1731 3609 solus
1781 3539 1849 3606 in
1901 3537 2192 3608 ecclesia
2226 3537 2690 3615 remansisset,

168 3634 221 3719 et
254 3623 508 3722 clausis
548 3626 809 3713 janui3‚
858 3627 1058 3727 juxta
1096 3626 1215 3696 illa
1266 3648 1461 3698 sacra
1493 3649 1786 3717 corpora
1835 3627 1904 3696 in
1946 3648 2156 3716 parva
2194 3625 2442 3696 sellula
2496 3627 2697 3712 quasi

168 3711 554 3800 vigilaturus
602 3714 1049 3798 consedisset,
1104 3716 1467 3786 subitaneo
1517 3736 1762 3787 somno
1811 3715 2210 3805 depressam,
2266 3713 2438 3783 vidit
2496 3713 2697 3801 quasi

174 3794 328 3871 duas
372 3803 733 3874 columbas
781 3826 903 3893 per
963 3803 1411 3874 dexteriorem
1470 3804 1755 3875 absidae
1815 3803 2185 3876 fenestram
2235 3801 2528 3872 volando
2587 3803 2697 3870 in-

170 3894 345 3969 trare,
395 3904 458 3961 et
519 3892 587 3960 in
638 3891 946 3962 culmine
997 3892 1153 3962 lecti
1201 3914 1414 3982 super
1462 3893 1614 3982 ipsa
1665 3886 2078 3963 Sanctorum
2130 3913 2420 3981 corpora
2467 3893 2697 3961 consi-

175 3971 334 4076 dere.
388 3984 695 4061 Quarum
747 3980 961 4050 altera
992 3994 1128 4051 tota
1160 3981 1341 4061 alba,
1387 3982 1601 4052 altera
1638 3981 1894 4051 caniet
1923 3981 2065 4051 albi
2112 3979 2362 4050 coloris
2398 3981 2698 4052 mixtura

176 4080 341 4135 varia
386 4067 767 4138 videbatur.
824 4074 1133 4157 Cumque
1181 4070 1251 4139 in
1299 4070 1538 4140 eodem
1605 4070 1914 4140 culmine
1968 4068 2234 4139 diutius
2295 4068 2694 4139 deambula·

179 4166 325 4233 rent,
361 4167 425 4224 et
469 4169 878 4228 consuetum
904 4157 1251 4229 columbis
1283 4159 1619 4249 gemitum
1660 4158 1980 4232 ,vicissim
2015 4156 2203 4227 velut
2226 4156 2696 4245 colloquentes

178 4237 447 4325 ederent,
502 4266 746 4315 rursus
795 4267 917 4336 per
961 4246 1273 4322 eamdem
1320 4246 1687 4318 fenestram
1720 4268 2059 4337 egressae,
2101 4266 2239 4314 non
2286 4267 2695 4336 comparue-

181 4343 354 4425 runn
404 4345 772 4422 secutaque
820 4354 945 4403 vox
995 4357 1210 4425 supra
1242 4348 1454 4435 caput
1499 4336 1702 4426 pueri
1748 4336 2024 4406 sonuit:
2068 4333 2273 4414 Vade,
2329 4334 2578 4421 inquit,
2630 4344 2695 4403 et

180 4411 272 4486 dic
317 4420 637 4501 Rasseico,
709 4435 786 4493 ut
830 4421 1089 4495 indicet
1149 4424 1432 4494 domino
1499 4437 1648 4506 suc,
1701 4424 1867 4512 quia
1922 4423 2036 4494 isti
2085 4422 2307 4492 sancti
2358 4434 2694 4511 martyres
