3357 4995
658 337 741 402 92
1123 352 1462 400 mansur.
1518 353 1610 400 SS.
1665 353 1780 400 mar.
1837 353 2017 401 rmnl
2065 353 2141 399 m
2186 350 2564 400 maestum
2803 333 3026 401 JUNII
3078 335 3122 398 2

564 450 630 509 et
676 437 1105 508 orationibus
1152 437 1567 518 inferenteS,
1635 451 1914 528 propter
1981 459 2272 528 corpora
2326 437 2684 507 beatorum
2739 437 3127 506 Marcellini

568 540 632 596 et
681 527 881 608 Petri,
934 548 1096 597 cum
1163 525 1408 596 feretro
1458 547 1597 614 quo
1648 537 2001 609 venerant,
2061 525 2583 596 collocavimus.
2649 525 2777 595 Ubi
2835 547 2999 596 cum
3049 526 3127 594 in

570 615 951 685 crastinum
1004 614 1256 684 mulier
1318 613 1660 704 quaedam
1720 614 1805 684 de
1854 615 2166 704 proximo
2208 613 2586 705 praediolo,
2621 613 2808 702 quod
2839 614 3126 684 Baldra-

566 703 786 775 destat
832 715 1303 793 nuncupatur,
1349 703 1686 774 daemone
1734 725 2074 793 possessa,
2130 724 2292 774 cum
2340 715 2606 773 caetero
2655 704 2913 793 populo
2947 701 3124 773 fuis·

568 804 670 862 set
697 793 1031 883 ingressa,
1070 793 1295 883 coepit
1324 814 1617 880 nequam
1656 793 1944 883 spiritus
1983 791 2297 874 fremere,
2332 814 2413 862 ac
2449 803 2857 882 prostratam
2891 792 2964 860 in
3001 813 3124 881 pa-

566 881 866 952 vimento
912 880 1262 962 collidere,
1317 903 1656 967 suamque
1705 881 2043 952 malitiam
2090 902 2322 950 coram
2350 881 2678 950 omnibus
2725 880 3125 950 confitendo

567 970 945 1060 publicare.
970 973 1277 1055 Cumque
1302 992 1341 1039 a
1365 969 1764 1060 presbytero
1796 993 1867 1041 se
1898 971 2322 1040 exorcizante
2354 968 2595 1039 fuisset
2628 969 2884 1039 interro
2936 984 3119 1051 atuS,

571 1059 729 1145 quis
768 1071 967 1139 esset,
1020 1057 1209 1128 unde
1248 1060 1564 1139 venisset,
1601 1060 1881 1145 quando
1920 1073 1983 1128 et
2016 1060 2241 1129 curin
2273 1080 2423 1127 eam
2453 1058 2816 1128 intrasset:
2853 1081 2887 1126 a
2976 1059 3126 1128 sin·—

572 1146 736 1237 gula
784 1147 1159 1237 respondit,
1208 1167 1417 1234 seque
1466 1169 1601 1217 non
1635 1148 1858 1220 solum
1913 1147 2344 1228 daemonem,
2399 1146 2514 1217 sed
2549 1146 2755 1215 etiam
2804 1148 3125 1217 omnium

572 1235 1352 1326 viventiumpessimum
1392 1257 1542 1306 esse
1576 1249 1860 1307 testatus
1883 1248 2007 1306 est.
2047 1241 2123 1306 Et
2154 1256 2315 1305 cum
2344 1235 2701 1326 presbyter
2731 1235 2817 1306 ab
2847 1257 2926 1304 eo
2957 1256 3126 1304 cau·
3155 1267 3164 1272 ·

575 1346 718 1395 sam
755 1336 982 1394 tantae
1012 1324 1356 1411 nequitiae
1388 1325 1809 1411 requisisset,
1867 1325 2116 1394 malam
2156 1324 2570 1394 voluntatem
2603 1324 2784 1393 hanc
2834 1325 2966 1395 sibi
3001 1325 3126 1393 tri-

572 1413 809 1483 buisse
839 1411 1202 1483 fatebatur.
1244 1418 1509 1483 Rursus
1538 1435 1698 1483 cum
1733 1415 1820 1484 ab
1867 1434 1947 1484 eo
1978 1427 2356 1500 quaereret,
2394 1413 2450 1481 si
2483 1434 2792 1499 unquam
2827 1413 2894 1481 in
2932 1413 3125 1482 coelo

572 1501 851 1571 fuisset:
885 1501 953 1569 in
986 1500 1174 1570 coelo
1204 1523 1276 1571 se
1300 1500 1536 1583 fuisse,
1574 1514 1639 1571 et
1670 1502 1834 1572 inde
1856 1515 2133 1592 propter
2172 1501 2568 1591 superbiam
2602 1501 2942 1591 dejectum
2974 1522 3126 1572 esse

574 1589 933 1661 co‘nfessus
972 1602 1095 1659 est.
1152 1589 1277 1660 Ubi
1327 1612 1482 1659 vero
1530 1591 1616 1660 ad
1667 1590 1737 1659 id
1789 1604 2065 1660 ventum
2119 1603 2244 1671 est,
2313 1603 2390 1660 ut
2435 1611 2591 1659 eum
2645 1590 3120 1680 interrogaret,

577 1680 634 1751 si
667 1677 961 1766 nomina,
986 1691 1369 1768 martyrum
1406 1692 1657 1758 nosset,
1694 1701 1990 1767 quorum
2029 1678 2359 1765 reliquiae
2396 1678 2616 1767 pridie
2653 1678 2879 1749 eidem
2909 1678 3126 1748 eccle·

577 1768 719 1837 siae
779 1766 1009 1836 illatae
1065 1780 1249 1848 sunt,
1303 1767 1693 1850 Notissima,
1763 1768 2010 1855 inquit,
2068 1768 2241 1837 mihi
2291 1779 2453 1838 sunt
2498 1789 2739 1837 eorum
2792 1768 3119 1837 nomina:

574 1855 739 1943 quia
785 1854 1067 1942 quando
1102 1855 1287 1945 passi
1337 1869 1521 1937 sunt,
1580 1878 1904 1946 praesens
1944 1855 2278 1937 astabam,
2324 1878 2403 1925 ac
2452 1855 2537 1925 de
2583 1878 2822 1926 eorum
2868 1857 3125 1945 sempi-

576 1958 768 2014 terna
804 1943 1021 2034 gloria
1064 1943 1326 2034 ingenti
1375 1944 1743 2046 torquebar
1789 1945 2074 2014 invidia.
2130 1950 2313 2027 Quos
2360 1944 2565 2014 etiam
2598 1944 2956 2014 hicmodo
3007 1967 3128 2035 pa—

577 2033 706 2102 tior
751 2031 1256 2113 infestissimOS,
1311 2047 1626 2104 cruciant
1671 2034 1856 2103 enim
1892 2055 2001 2103 me
2051 2046 2387 2103 tormento
2436 2033 2853 2115 incredibili,
2918 2047 3125 2121 atque

576 2121 868 2191 invitum
923 2120 1007 2191 de
1053 2122 1183 2191 hoc
1230 2143 1410 2203 vase,
1472 2123 1541 2191 in
1599 2145 1738 2209 quo
1804 2122 1925 2191 diu
1977 2122 2354 2202 latitabam,
2423 2122 2608 2190 exire
2664 2121 3118 2210 compellunt.

577 2209 698 2278 Cui
740 2209 1116 2299 presbyter,
1156 2215 1321 2280 Cum
1373 2211 1640 2293 exieris,
1696 2212 1944 2299 inquit,
1997 2232 2135 2297 quo
2184 2215 2623 2301 perrecturus
2656 2213 2771 2280 es?
2802 2215 2966 2300 Eg0‚
2999 2211 3116 2291 ait,

577 2298 647 2366 in
690 2298 869 2368 viam
923 2299 1291 2388 pessimam
1330 2311 1792 2389 perrecturuS,
1846 2312 1910 2370 et
1963 2299 2379 2390 longinquas
2427 2298 2870 2386 desertasque
2903 2299 3128 2390 regio-

577 2407 701 2456 nes
753 2387 1094 2477 petiturus
1134 2409 1317 2456 sum.
1372 2393 1527 2457 Post
1575 2388 1744 2457 haec
1793 2410 1954 2458 cum
1997 2402 2061 2457 et
2094 2389 2525 2457 occasionem
2576 2400 2641 2455 et
2681 2387 2966 2457 modum
3022 2389 3126 2457 in-

577 2476 954 2566 gressionis
1004 2497 1169 2548 suae
1200 2475 1487 2563 jubente
1535 2477 1932 2567 presbytero
1966 2477 2416 2567 exposuisset,
2458 2497 2831 2548 conversus
2870 2475 2958 2547 ad
2990 2475 3129 2547 foe·

576 2565 864 2646 minam,
920 2571 1081 2656 Ego,
1136 2566 1384 2653 inquit,
1431 2564 1667 2636 infelix
1703 2565 1978 2646 mulier,
2035 2579 2402 2654 antequam
2467 2587 2698 2635 exeam
2730 2620 2745 2646 ‚
2794 2587 2951 2635 ossa
3011 2581 3127 2637 tua

575 2654 901 2724 collidam
965 2668 1168 2740 atque
1215 2653 1673 2744 confringam,
1731 2668 1791 2724 te
1841 2676 1927 2724 ue
1975 2654 2268 2724 debilem
2322 2678 2402 2724 ac
2453 2667 2724 2725 nostrae
2781 2655 3128 2739 societatis

576 2764 949 2812 memorem
996 2741 1406 2830 relinquam.
1453 2748 1721 2813 Etcum
1762 2744 1808 2812 il
1843 2766 1882 2812 a
1919 2743 2100 2813 velut
2133 2743 2558 2813 infirmitatis
2607 2763 2771 2812 suae
2812 2745 3121 2823 conscia,

575 2830 913 2920 coepisset
950 2852 1114 2901 voce
1161 2830 1463 2921 supplici
1512 2845 1718 2919 atque
1765 2832 2116 2903 submissa
2150 2836 2557 2901 Sanctorum
2598 2830 2940 2900 auxilium
2991 2832 3124 2899 im-

577 2918 872 3007 plorare,
928 2918 1044 2988 ille
1092 2919 1323 2989 statim
1354 2942 1473 3021 per
1501 2943 1578 2990 os
1613 2921 1836 3021 ipsius
1884 2943 2045 2990 cum
2087 2920 2351 3011 ingenti
2378 2920 2775 2990 austeritate
2820 2920 3126 2990 fremens

576 3018 641 3075 et
681 3006 1130 3096 increpitans
1187 3008 1374 3095 loqu1
1415 3010 1666 3079 volenti
1715 3009 2065 3078 silentium
2102 3009 2486 3098 imperavit.

665 3096 702 3181 ξ
753 3100 906 3168 24.
958 3100 1116 3165 Erat
1162 3097 1350 3165 enim
1400 3097 1624 3177 nobiS,
1681 3098 1800 3184 qui
1844 3111 2235 3184 praesentes
2282 3119 2583 3176 eramus,
2624 3095 2710 3165 ad
2748 3096 3123 3167 videndum

518 3194 533 3209 ·
579 3183 775 3252 valde
810 3183 1150 3267 mirabile,
1203 3185 1387 3272 quod
1438 3186 1555 3255 ille
1591 3186 1883 3276 spiritus
1918 3185 2328 3255 immundus
2363 3206 2482 3275 per
2514 3206 2591 3255 os
2619 3186 2929 3275 ejusdem
2969 3207 3127 3254 mu-

578 3272 906 3342 lierculae
954 3285 1089 3343 tam
1122 3273 1393 3345 diverso
1426 3274 1631 3344 modo
1666 3273 2096 3360 loquebatur,
2132 3286 2199 3343 et
2230 3296 2416 3343 nunc
2450 3272 2899 3354 masculinae,
2934 3296 3125 3344 nunc

575 3359 990 3432 foemininae
1019 3363 1204 3433 vocis
1227 3362 1624 3450 qualitatem
1654 3363 1755 3432 sic
1788 3363 1875 3431 ad
1912 3383 2164 3453 purum
2215 3363 2663 3451 exprimebat.
2701 3376 2777 3431 ut
2812 3385 2950 3432 non
2982 3384 3127 3433 una

577 3450 697 3519 sed
746 3449 925 3520 duae
972 3452 1043 3520 in
1091 3472 1171 3521 ea
1202 3452 1450 3521 acriter
1481 3450 1909 3531 altercantes,
1964 3472 2173 3539 seque
2220 3451 2605 3521 adinvicem
2648 3451 2983 3522 conviciis
3033 3451 3132 3521 la-

576 3552 919 3610 cessentes
959 3562 1294 3630 personae
1339 3561 1489 3611 esse
1529 3539 1945 3610 viderentur.
1983 3545 2060 3610 Et
2100 3561 2356 3620 revera,
2391 3539 2572 3609 duae
2596 3554 2815 3621 erant,
2856 3540 3132 3611 diversa

576 3628 754 3697 inter
803 3649 875 3699 se
943 3629 1289 3698 voluntate
1353 3627 1785 3698 diffidentes:
1839 3627 2201 3699 daemonis
2246 3650 2412 3705 una.
2481 3650 2874 3718 possessum
2950 3651 2989 3697 a
3055 3652 3180 3710 se,

542 3738 829 3805 -corpus
877 3717 1203 3788 collidere
1242 3715 1628 3806 cupientis:
1676 3717 1988 3786 mulieris
2027 3718 2263 3797 altera,
2321 3717 2677 3805 hosteque
2736 3718 3122 3797 tenebatur,

574 3804 854 3875 liberari
920 3804 1400 3875 desiderantis.
1455 3810 1641 3887 Quae
1689 3804 2048 3876 diversitas
2097 3805 2527 3876 voluntatum
2590 3829 2670 3875 ex
2717 3806 3131 3895 disparitate

574 3916 816 3964 vocum
860 3916 940 3964 ac
989 3892 1560 3963 dissimilitudine
1587 3894 1977 3985 verborum,
2012 3915 2192 3983 quae
2233 3894 2409 3964 inter
2438 3916 2510 3963 se
2537 3894 2921 3984 jactabant,
2958 3898 3131 3966 satis

570 3983 754 4052 clare
788 3996 994 4069 atque
1027 3995 1259 4071 aperte
1294 3995 1554 4070 poterat
1601 3982 1918 4073 intelligi.
1974 3984 2322 4073 Completo
2359 3983 2377 4051 i
2434 3984 2573 4053 itur
2609 3984 2811 4073 Juxta
2836 4004 3131 4054 consue·

570 4070 885 4140 tudinem
939 4069 1244 4158 mysterii
1294 4070 1607 4140 coelestis
1655 4070 1903 4149 officio,
1959 4072 2295 4158 nobisque
2327 4095 2367 4141 a
2466 4072 2775 4142 curanda
2836 4093 3134 4172 corpora

569 4159 656 4228 de
734 4156 1023 4227 basilica
1088 4158 1627 4249 egredientibus,
1674 4160 2023 4248 jussimus
2070 4160 2442 4229 foeminam
2494 4181 2655 4230 cum
2715 4161 3134 4232 custodlbus

568 4245 860 4326 ibidem,
919 4246 1137 4317 donec
1171 4260 1689 4330 reverteremur,
1741 4248 2069 4339 opperiri,
2137 4248 2466 4318 fiduciam
2527 4250 2881 4328 habentes,
2941 4252 3132 4336 quod

574 4357 699 4425 per
748 4335 1066 4405 virtutem
1131 4335 1378 4406 Christi
1435 4351 1501 4406 et
1551 4336 1792 4405 merita
1844 4350 2227 4426 martyrum
2280 4359 2569 4407 suorum
2612 4336 2921 4428 perfidus
2970 4360 3134 4426 pos-

578 4446 806 4497 sessor
832 4424 985 4514 ejus
1016 4424 1150 4495 cito
1200 4424 1369 4496 foret
1415 4424 1750 4508 exitumS‚
1788 4447 2010 4512 neque
2044 4447 2167 4495 nos
2199 4448 2355 4516 spes
2385 4439 2615 4496 nostra
2663 4425 2922 4496 fefellit.
2961 4430 3135 4496 Nam
