3357 4995
255 324 483 392 JUNII
534 324 618 389 25
961 339 1040 386 ns
1087 339 1142 386 s.
1196 337 1507 387 rnaaom
1555 338 1723 387 vmc.
1777 338 1853 386 nr
1899 338 2088 386 nar.
2589 323 2718 390 535

258 421 603 512 sepultuS,
669 429 735 490 et
786 418 1245 490 saevientibus
1301 420 1758 491 Barbarorum
1806 417 2034 499 hellis,
2087 418 2344 506 quibus
2391 432 2627 491 vexata
2682 421 2808 492 diu

257 509 485 580 fuerat
533 507 752 590 Italia,
806 507 1222 595 frequentari
1252 529 1330 576 ex
1360 528 1549 578 more
1594 529 1666 578 se
1719 507 1990 577 ulcrum
2023 528 2158 578 non
2197 520 2476 598 poterat,
2516 532 2600 579 ne
2634 510 2805 581 tanti

262 597 607 690 praesulis
679 596 1022 666 veneratio
1090 595 1423 686 paulatim
1496 595 1664 667 obso
1694 608 1950 667 esceret
1979 651 1995 677 ,
2047 596 2282 666 divina
2331 598 2798 688 providentia,

261 709 441 776 quae
474 688 544 756 in
595 685 851 757 sanctis
898 685 1046 755 suis
1091 684 1464 755 clarescere
1513 708 1651 755 non
1703 685 1976 767 desinit,
2033 685 2205 756 miro
2252 686 2550 773 quodam
2605 688 2809 759 modo

260 799 501 847 cavere
549 774 783 846 voluit.
842 779 1157 844 Praeerat
1193 773 1521 844 ecclesiae
1570 774 1890 868 Regiensi
1955 774 2127 844 vitae
2186 796 2266 844 ac
2325 797 2599 846 morum
2647 799 2810 847 san-

262 865 493 936 ctitate
531 862 944 934 venerabilis
977 863 1381 953 EpiscopuS,
1447 863 1726 934 nomine
1775 863 2089 933 Thomas:
2144 863 2264 950 qui
2313 863 2572 955 dignus
2624 865 2804 935 beati

265 953 579 1044 Prosperi
624 973 1005 1032 successor,
1059 952 1151 1020 ita
1185 973 1461 1043 gregem
1495 952 1629 1022 sibi
1654 951 2106 1022 commissum
2159 953 2457 1043 regebat,
2495 964 2571 1022 ut
2605 953 2810 1024 verbo

263 1056 330 1112 et
373 1041 684 1133 exemplo
716 1042 987 1112 cunctis
1022 1052 1198 1110 recte
1234 1040 1508 1109 vivendi
1539 1062 1783 1111 norma
1828 1054 2026 1113 esset.
2066 1040 2190 1110 Hic
2235 1040 2514 1131 vigiliis,
2551 1042 2807 1113 oratio-

265 1131 496 1212 nibus,
524 1129 835 1222 jejuniis,
867 1128 1341 1218 eleemosynis,
1375 1141 1441 1200 et
1473 1130 1759 1200 caeteris
1788 1150 1964 1216 quae
2012 1129 2413 1219 Episcopale
2455 1129 2810 1223 fastigium

263 1218 527 1300 decent,
580 1218 858 1289 assidue
889 1230 1033 1288 erat
1078 1218 1406 1289 intentus.
1462 1222 1527 1287 Is
1574 1217 1746 1288 dum
1793 1240 1873 1287 ex
1909 1239 2094 1287 more
2140 1232 2364 1288 oraret
2410 1219 2480 1288 in
2518 1220 2797 1311 templo,

263 1309 539 1379 subitus
585 1307 783 1377 illurn
826 1328 1031 1397 sopor
1073 1307 1322 1377 invasit
1358 1330 1372 1375 :
1424 1306 1807 1395 quiescenti
1858 1306 2097 1377 beatus
2143 1310 2437 1398 Prosper
2482 1309 2807 1409 apparuit

265 1409 562 1488 augusta
609 1396 860 1486 specie,
904 1394 1201 1466 candida
1253 1394 1540 1467 indutus
1587 1394 1784 1476 stolA,
1830 1408 1895 1465 et
1927 1394 2300 1465 venerabili
2346 1397 2596 1466 canitie
2642 1418 2803 1468 con-

262 1486 589 1576 spicuus:
628 1486 749 1573 qui
795 1485 858 1554 ei
903 1483 1273 1566 mandavit,
1327 1497 1406 1555 ut
1455 1506 1734 1575 parvam
1776 1483 2161 1565 ecclesiam,
2207 1506 2416 1570 quam
2466 1485 2795 1567 diximus,

263 1574 333 1642 in
375 1596 513 1662 qua
560 1594 813 1663 corpus
861 1594 1065 1643 suum
1101 1595 1345 1663 parum
1398 1572 1718 1643 decenter
1761 1572 2178 1661 quiescebat,
2222 1574 2700 1664 amplificaret,
2741 1586 2806 1644 et

265 1662 334 1731 in
371 1684 450 1732 ea
499 1662 727 1732 locum
776 1672 1136 1744 extrueret,
1189 1661 1312 1731 ubi
1343 1683 1471 1731 sua
1517 1660 1845 1751 deinceps
1876 1682 2032 1733 ossa
2065 1661 2420 1734 decentius
2453 1685 2808 1734 servaren-

266 1764 402 1831 tur,
440 1750 725 1832 addens,
765 1771 850 1820 ne
897 1749 1199 1819 differret
1229 1749 1631 1820 mandatum
1665 1751 1932 1837 exequi.
1979 1750 2218 1820 Divino
2251 1751 2520 1822 monitu
2569 1774 2810 1843 exper-

261 1839 567 1929 gefactus
608 1839 852 1930 Episco
903 1847 1010 1922 'us‚
1050 1837 1435 1909 sacerdotes
1479 1839 1709 1909 statim
1750 1847 1912 1909 suos
1956 1852 2021 1908 et
2072 1838 2405 1929 populum
2449 1840 2534 1910 ad
2578 1864 2652 1913 se
2686 1863 2803 1911 vo-

262 1929 463 2008 cavit,
499 1926 760 2015 etquid
793 1860 925 1997 sissi
956 1926 1356 1997 mandatum
1406 1926 1909 2017 foretaperuit:
1944 1939 2009 1997 et
2057 1949 2143 1996 ne
2189 1926 2406 1997 divini
2460 1931 2805 2021 praecepti

263 2039 511 2107 parum
542 2016 840 2107 diligens
870 2030 1191 2086 executor
1236 2016 1451 2086 videri
1499 2028 1749 2105 posset,
1781 2037 1956 2106 opus
2004 2016 2330 2087 continuo
2377 2030 2477 2088 est
2524 2041 2806 2110 aggres-

263 2126 409 2175 sus.
446 2109 764 2175 Extructa
814 2105 1025 2195 igitur
1056 2105 1245 2186 aede,
1300 2128 1378 2174 ac
1430 2116 1830 2195 praeparato
1889 2105 2254 2195 magnifice
2286 2105 2434 2176 loco
2473 2108 2543 2175 in
2596 2128 2804 2196 quem

268 2215 501 2263 sacrae
550 2193 1084 2264 transferrentur
1130 2192 1252 2263 reli
1306 2193 1485 2274 uiae,
1522 2194 1910 2264 convocatis
1958 2193 2436 2285 religiosorum
2485 2195 2803 2266 omnium

265 2280 597 2371 collegiis,
644 2296 710 2352 et
758 2281 1014 2372 populo
1082 2283 1204 2369 qui
1292 2303 1585 2370 requens
1640 2282 1994 2363 confluxit,
2048 2281 2447 2372 sepulcrum
2499 2296 2691 2354 vetus
2730 2284 2802 2353 in

262 2390 401 2457 quo
447 2392 665 2458 usque
710 2370 796 2440 ad
848 2371 997 2441 Luit
1052 2370 1249 2440 randi
1297 2370 2143 2461 Longobardorum'Regis
2183 2382 2492 2460 tempora
2518 2373 2798 2459 quieve-

262 2469 441 2542 rant,
476 2471 789 2550 apertum
822 2471 945 2542 est,
1033 2482 1069 2529 e
1114 2481 1251 2548 quo
1302 2472 1487 2530 tanta
1533 2459 1846 2531 coelestis
1893 2460 2269 2552 fragrantia
2299 2459 2517 2532 effusa
2562 2474 2687 2544 est,
2725 2472 2803 2532 ut

263 2547 459 2617 nulla
505 2549 568 2617 ei
614 2560 921 2618 aromata
966 2550 1355 2640 comparari
1389 2561 1685 2640 possent.
1725 2553 1825 2619 Ita
1860 2548 2147 2637 eductae,
2184 2570 2418 2619 sacrae
2449 2550 2804 2638 Reliquiae

263 2659 423 2706 cum
475 2637 735 2728 ingenti
782 2637 1096 2708 omnium
1135 2637 1389 2728 plausu
1433 2651 1638 2725 atque
1687 2635 1964 2719 laetitia,
2012 2638 2455 2710 manantibus
2502 2639 2803 2711 ubertim

264 2747 427 2817 prae
474 2726 689 2797 nimio
722 2726 975 2817 gaudio
1024 2748 1146 2817 per
1176 2748 1295 2796 ora
1327 2739 1737 2797 cunctorum
1788 2726 2138 2816 lacrymiS,
2192 2749 2368 2797 nova
2416 2729 2485 2798 in
2517 2750 2678 2799 arca
2728 2728 2804 2798 in

264 2813 463 2884 altari
516 2815 824 2906 principe
869 2814 1198 2885 ecclesiae
1245 2814 1634 2886 Monastcrii
1692 2818 1758 2885 S.
1801 2816 2490 2906 Prosperi·reposuit‚
2558 2838 2670 2887 ma
2723 2838 2812 2887 na

265 2902 574 2974 adhibita
621 2904 1072 2974 solemnitate.
1114 2903 1242 2974 Ubi
1290 2903 1466 2973 mira
1511 2902 2030 2993 quamplurima
2078 2904 2447 2976 antedictis
2480 2927 2616 2976 non
2715 2906 2809 2976 is-

264 2992 542 3073 similia,
592 2992 852 3065 meritis
901 2998 967 3062 S.
1020 2992 1438 3064 confessoris
1494 2992 1603 3063 sui
1651 2997 1873 3075 DeuS,
1929 2994 2243 3064 omnium
2291 3014 2453 3064 cum
2524 3007 2809 3085 stupore

263 3091 584 3171 operatus
619 3091 742 3152 est.

960 3279 1208 3358 vrrA
1262 3279 1397 3358 ET
1453 3278 2105 3361 MARTYRIUM

698 3464 1156 3566 SANCTAE
1248 3462 1838 3567 FEBRONlAE
1914 3464 2364 3625 VlRGlNlS

808 3690 925 3738 PER
970 3688 1338 3737 ‘mmmmm
1388 3688 1936 3737 sancrluomaum
1974 3688 2255 3738 SCRIPTA.

908 3831 1198 3880 nABsswn
1245 3830 1312 3881 m
1359 3830 1630 3880 stnoNss
1675 3832 2146 3880 RTAPHRASTE.

950 3987 1162 4044 Passa
1190 3986 1372 4044 circa
1399 3988 1548 4045 808.
1579 4013 1655 4025 -
1680 3987 1786 4043 Ex
1808 3985 2100 4043 Oriente.

358 4146 395 4230 ἕ
439 4150 515 4217 1.
567 4150 715 4230 Quo
763 4158 1068 4238 tempore
1113 4145 1574 4217 Diocletianus
1620 4145 1951 4216 Romanis
1991 4145 2393 4237 imperabat,
2446 4145 2695 4216 accidit
2725 4158 2805 4216 ut

272 4232 631 4304 Anthimus
677 4240 955 4307 Praeses
1008 4235 1247 4306 morbo
1300 4233 1663 4317 laboraret,
1715 4244 1782 4304 et
1827 4233 1899 4303 in
1948 4234 2122 4305 lecto
2144 4232 2423 4323 jaceret.
2479 4232 2800 4304 Selenum

273 4319 485 4412 igitur
521 4321 797 4395 fratrem
831 4325 914 4394 ad
949 4345 1022 4395 se
1053 4327 1488 4405 accersitum,
1527 4322 1637 4393 his
1684 4323 1912 4395 verbis
1959 4322 2207 4393 affatus
2250 4334 2387 4393 est:
2427 4345 2464 4389 «
2497 4325 2659 4414 Ego,
2695 4321 2798 4390 mi

272 4407 519 4493 frater,
592 4431 674 4483 ex
746 4414 952 4486 rebus
1018 4413 1348 4486 humanis
1392 4411 1676 4495 excedo,
1752 4412 1982 4501 itaque
2043 4410 2525 4503 Lysimachum
2572 4409 2800 4479 filium
