3357 4995
647 329 776 396 426
1390 345 1468 391 ns
1517 344 1572 391 s.
1627 343 1954 391 rui-canna
2013 342 2266 390 vincum
2747 325 2969 390 JUNII
3017 325 3103 388 ⁴6

561 431 842 512 accessi,
895 431 1091 517 eique
1141 428 1523 500 molestiam
1561 450 1786 498 meam
1835 428 2070 497 dolore
2116 427 2521 518 compulsus
2567 426 2925 517 explicavi.
2976 426 3106 496 Illa

560 542 718 590 vero
767 519 940 588 mihi
990 518 1387 599 condolens,
1425 518 1508 587 ad
1560 517 1901 587 orandum
1932 517 2299 586 Dominum
2338 517 2638 597 secessit,
2695 516 3109 602 rediensque

560 630 718 679 cum
771 630 1026 709 magna
1076 607 1333 677 fiducia
1373 607 1544 676 dixit
1580 630 1594 673 ε
1649 612 2004 676 Revertere
2037 604 2133 673 fili
2171 606 2240 674 in
2274 605 2501 675 locum
2552 618 2773 687 tuum,
2818 618 2884 674 et
2915 604 3109 674 labo-

560 720 704 767 rem
755 697 1065 767 debitum
1117 696 1447 766 curandis
1508 695 1880 764 animabus
1945 694 2288 794 impende.
2344 694 2570 763 Aderit
2620 693 2737 763 tibi
2800 694 3111 763 Christus

561 798 901 888 protector
945 799 1011 855 et
1056 785 1335 866 doctor,
1387 798 1452 854 et
1508 785 1578 853 in
1627 783 2107 853 auscultandis
2167 781 2714 854 confessionibus
2770 805 2809 850 a
2848 782 3112 873 jaculis

557 876 826 945 inimici
878 897 1131 965 magna
1181 875 1242 943 vi
1280 888 1340 944 te
1389 873 1707 954 servabit,
1760 885 1825 941 et
1875 873 1941 941 in
1994 871 2265 941 defectu
2311 872 2659 952 scientiae,
2714 892 2923 959 quem
2973 870 3113 940 for-

560 964 811 1044 midaS,
869 963 1073 1033 addet
1112 963 1514 1054 ampliorem
1553 962 1872 1051 gratiam.
1928 961 2067 1030 Etsi
2116 975 2341 1030 autem
2376 983 2501 1051 ego
2526 960 2612 1029 de
2643 961 2904 1050 meipso
2939 960 3112 1030 haec

560 1075 696 1122 non
747 1054 897 1122 sine
945 1055 1194 1123 rubore
1243 1053 1480 1131 refer0,
1536 1062 1763 1118 tamen
1816 1072 1958 1119 rem
2058 1062 2273 1118 estam
2309 1050 2374 1117 in
2420 1049 2664 1118 Christi
2699 1053 2774 1118 et·
2812 1049 3108 1118 ancillae

560 1144 710 1230 ejus
742 1142 1015 1211 laudeni
1067 1139 1644 1210 commemorabo.
1699 1139 1792 1207 Ab
1833 1138 1951 1207 illo
2049 1139 2141 1218 ie,
2196 1138 2509 1225 quandiu
2555 1160 2635 1207 eo
2684 1138 2909 1207 officio
2947 1137 3107 1207 fun-

560 1244 713 1299 ctus
763 1254 945 1311 sum,
999 1249 1222 1316 usque
1270 1230 1339 1297 in
1375 1249 1721 1317 praesenS,
1772 1227 2054 1314 quando
2085 1227 2228 1315 jam
2278 1227 2827 1297 decimussextus
2875 1227 3106 1316 agitur

561 1342 814 1400 annus,
855 1319 1089 1388 beatae
1142 1316 1499 1408 Lutgardis
1530 1316 1960 1406 prophetiam
1991 1317 2060 1384 in
2098 1338 2205 1385 me
2246 1316 2753 1386 veracissimam
2787 1328 3105 1406 expertus

562 1430 744 1477 sum.
786 1414 862 1476 Et
911 1407 1068 1475 licet
1097 1407 1182 1476 iis
1223 1406 1671 1494 temporibus,
1712 1406 1970 1491 quibus
1998 1426 2133 1474 non
2182 1427 2367 1473 eram
2409 1417 2789 1494 occupatus
2819 1404 3105 1473 audien-

563 1496 671 1564 dis
719 1495 1294 1575 confessionibus,
1348 1496 1587 1563 crebro
1626 1506 1690 1562 et
1739 1494 2019 1580 quidem
2072 1493 2588 1562 intolerabiliter
2636 1504 2912 1564 vexatus
2936 1493 3098 1573 sim,

565 1585 696 1655 sub
727 1585 899 1675 ipsis
931 1598 1155 1653 tamen
1207 1582 1760 1653 confessionibus
1788 1596 2046 1669 quanto
2096 1595 2258 1651 sunt
2295 1582 2599 1672 turpiora
2645 1603 2819 1669 quae
2852 1582 3096 1663 audi0,

564 1686 751 1743 tanto
801 1674 1035 1742 minus
1067 1695 1147 1741 ea
1193 1694 1382 1750 cum,
1439 1672 1812 1758 minusque
1852 1694 1962 1740 me
2009 1671 2339 1739 afficiunt.

655 1770 692 1843 ἓ
740 1767 907 1834 86.
955 1761 1310 1830 [Ιῑ”ειιιῐθιῃ
1344 1759 1763 1848 quibusdam
1810 1761 2126 1847 Aquiriae
2175 1758 2616 1840 monialibuS,
2648 1780 2823 1846 quae
2859 1757 3105 1827 fortas-

565 1852 663 1920 sis
714 1852 949 1920 minus
997 1850 1204 1940 digne
1250 1849 1333 1917 de
1381 1849 1502 1917 illa
1568 1849 1990 1927 sentiebant,
2046 1848 2409 1938 Lutgardis
2468 1849 2786 1917 meritum
2841 1848 3105 1916 innote-

566 1952 806 2019 sceret,
860 1939 1133 2028 insigne
1178 1938 1306 2007 hoc
1358 1937 1774 2006 miraculum
1815 1938 2089 2017 accidit,
2142 1936 2323 2022 quod
2380 1958 2564 2005 nunc
2613 1958 3101 2005 commemoro.

565 2034 1017 2097 Consueverat
1065 2027 1178 2095 illa
1231 2027 1528 2116 singulis
1580 2026 1827 2095 diebus
1879 2027 2250 2095 Dominicis
2305 2047 2556 2114 corpus
2597 2025 2843 2093 Christi
2887 2026 3106 2115 perci·

564 2139 748 2207 pere.
804 2123 1109 2202 Cumque
1155 2129 1429 2185 euntem
1481 2114 1564 2183 ad
1615 2114 1826 2183 altare
1869 2136 2068 2184 nemo
2119 2113 2274 2182 licet
2310 2113 2607 2183 debilem
2660 2126 3100 2194 sustentaret,

560 2205 868 2293 quidam,
903 2206 1160 2291 quibus
1209 2205 1275 2272 id
1312 2204 1537 2272 videre
1567 2225 1969 2272 concessum
2005 2217 2128 2282 est,
2169 2204 2534 2293 perspicue
2583 2203 2901 2272 viderunt
2931 2202 3106 2271 duos

563 2294 844 2384 angelos
894 2293 1192 2362 mediam
1237 2294 1383 2380 jam
1436 2305 1685 2371 tenere,
1733 2306 1798 2361 et
1836 2291 2175 2361 deducere
2230 2290 2316 2359 ad
2376 2291 2613 2360 altare.
2665 2291 2845 2360 Alias
2901 2292 3107 2360 etiam

568 2382 1128 2452 manifestissime
1165 2383 1312 2452 visa
1358 2394 1459 2450 est
1488 2380 1885 2450 beatissima
1925 2382 2034 2449 Dei
2081 2381 2381 2449 Genitrix
2429 2393 2493 2449 et
2543 2386 2606 2449 S.
2643 2381 2955 2449 Joannes
2985 2385 3105 2448 Ba-

563 2473 769 2562 ptista
808 2492 955 2541 eam
992 2471 1291 2541 officiose
1322 2471 1658 2541 comitari.
1695 2470 1990 2539 Afflictos
2020 2482 2084 2539 et
2126 2480 2412 2540 tentatos
2444 2470 2617 2539 mira
2666 2468 3106 2539 solicitudine

561 2562 902 2631 consolari
949 2572 1014 2630 et
1052 2561 1463 2630 confirmare
1512 2561 1894 2629 nitebatur:
1948 2572 2012 2627 et
2047 2581 2278 2628 revera
2329 2558 2577 2627 miram
2628 2558 2756 2627 hac
2793 2561 2859 2627 in
2917 2571 3105 2649 parte

567 2651 859 2741 gratiam
908 2655 1083 2720 Deus
1135 2651 1196 2718 ei
1246 2650 1536 2739 largitus
1582 2662 1748 2726 erat,
1808 2662 1884 2717 ut
1931 2647 2167 2716 nullus
2215 2649 2300 2716 ab
2347 2670 2427 2715 ea
2479 2648 2580 2715 vel
2633 2648 2950 2728 afflictus,
3004 2646 3106 2716 vel

568 2741 935 2808 tentatione
986 2739 1323 2826 pulsatu5‚
1364 2739 1623 2824 absque
1671 2737 2054 2805 levamento
2093 2736 2492 2805 discederet.

665 2832 701 2915 ξ
751 2832 900 2900 82.
955 2828 1147 2896 Venit
1197 2826 1613 2913 quandoque
1675 2826 1760 2894 ad
1815 2825 2307 2895 monasterium
2371 2826 2523 2914 ejus
2581 2824 2870 2905 mulier,
2933 2846 3110 2912 quae

565 2940 840 2986 omnem
906 2915 1148 2987 salutis
1195 2929 1258 2984 et
1307 2916 1542 2984 veniae
1590 2935 1781 3003 spem
1887 2936 2120 2983 rorsus
2177 2913 2540 3001 abjecerat.
2598 2919 2986 3004 Ingressam
3036 2913 3110 2980 in

564 3005 891 3091 colloquii
933 3004 1185 3077 locum.
1241 3006 1573 3095 rogabant
1604 3003 1837 3072 monia
1867 3026 1961 3082 ες,
1998 3015 2074 3071 ut
2119 3003 2655 3072 consolationem
2684 3002 3107 3081 admitteret,

563 3107 627 3162 et
677 3116 866 3184 spem
921 3115 1116 3195 suagn
1155 3093 1223 3160 in
1263 3098 1392 3162 Deo
1424 3092 1809 3162 collocaret.
1866 3092 1991 3162 Illa
2023 3114 2179 3160 vero
2231 3091 2402 3160 nihil
2439 3103 2621 3162 mota
2668 3114 2904 3161 earum
2958 3111 3112 3159 ver·

565 3183 697 3263 bis,
752 3183 985 3271 fugere
1057 3182 1421 3250 nitebatur.
1479 3180 1605 3250 Sed
1676 3182 1738 3248 vi
1790 3194 2117 3250 retentam
2168 3180 2498 3257 orabant,
2576 3193 2652 3249 ut
2702 3178 3114 3271 Lutgardem

566 3282 990 3359 expectaret:
1045 3292 1220 3356 quae
1281 3271 1407 3339 etsi
1466 3269 1637 3338 nihil
1690 3270 1774 3337 ad
1839 3269 2375 3339 consolationem
2449 3270 2675 3338 dicere
2721 3270 2782 3338 ei
2834 3281 3110 3359 posset,

564 3361 823 3460 quippe
870 3359 1072 3448 cujus
1121 3381 1505 3429 sermonem
1564 3359 1715 3448 ipsa
1774 3380 1908 3428 non
1960 3358 2412 3448 intelligeret.
2468 3371 2533 3427 at
2595 3370 2818 3427 oraret
2865 3357 3115 3427 saltem

570 3455 936 3518 Dominum
985 3469 1104 3537 pro
1165 3449 1339 3539 ipsa.
1405 3453 1559 3516 Erat
1616 3447 1802 3516 enim
1845 3447 2144 3515 foemina
2209 3446 2326 3516 illa
2395 3469 2678 3537 prorsus
2728 3445 3109 3526 Gallicana,

566 3536 916 3607 Teutonici
950 3536 1295 3605 idiomatis
1335 3538 1599 3628 ignara.
1644 3535 1953 3604 Adducta
1981 3536 2291 3605 celeriter
2329 3535 2710 3625 Lutgardis,
2752 3535 2833 3604 ad
2888 3556 3113 3603 remo-

566 3629 803 3695 tiorem
860 3625 1088 3695 locum
1124 3647 1281 3694 cum
1319 3648 1398 3694 ea
1431 3626 1731 3694 secessit.
1789 3625 2010 3694 Sensit
2043 3625 2230 3693 enim
2280 3626 2348 3692 in
2402 3625 2673 3713 spiritu,
2738 3623 3115 3692 foeminam

564 3716 747 3784 ultra
799 3715 1078 3784 modum
1140 3714 1487 3784 afflictam.
1544 3714 1776 3783 Mirari
1824 3736 1981 3783 vero
2028 3735 2268 3782 omnes
2323 3726 2386 3781 et
2434 3712 2655 3783 ridere
2703 3724 3103 3802 coeperunt,

564 3826 700 3890 quo
751 3816 949 3893 pacto
999 3826 1068 3871 se
1118 3804 1409 3872 invicem
1485 3801 1952 3871 intellecturae
2001 3815 2270 3881 essent,
2335 3824 2495 3870 cum
2568 3802 2780 3871 altera
2829 3800 3119 3871 alterius

567 3893 879 3983 linguam
918 3892 1230 3961 nesciret.
1277 3898 1444 3961 Cum
1484 3913 1646 3980 ergo
1681 3890 1824 3959 illic
1873 3890 1998 3961 diu
2049 3891 2300 3980 pariter
2348 3890 2840 3970 consedissent,
2877 3911 3117 3958 surre-

564 3982 661 4050 xit
710 3980 959 4049 mulier
988 3981 1070 4049 ad
1114 3981 1588 4137 plenissimam
1635 3982 1781 4070 spei
1819 3979 2147 4049 fiduciam
2190 3992 2500 4048 revocata
2535 4004 2548 4046 :
2601 3992 2665 4047 et
2708 4000 2978 4048 reversa
3024 3977 3118 4046 ad

565 4071 958 4138 communis
1005 4069 1327 4156 coloquii
1373 4070 1623 4149 locum,
1677 4068 1849 4138 dixit
1900 4067 2368 4138 monialibus:
2435 4073 2569 4137 Cur
2618 4067 2886 4137 dixistis
2933 4067 3120 4137 hanc

567 4158 1074 4228 sanctissimam
1124 4159 1493 4228 foeminam
1527 4179 1674 4228 esse
1715 4159 2176 4235 Teutonicam‚
2212 4179 2418 4243 quam
2471 4179 2595 4244 ego
2644 4178 2929 4247 prorsus
2957 4155 3120 4224 Gal-

567 4246 768 4317 licam
818 4248 1156 4336 cognovi?
1203 4253 1427 4333 Neque
1474 4260 1576 4315 est
1623 4246 1755 4316 sub
1803 4246 1991 4314 coelo
2040 4244 2184 4313 ulla
2246 4245 2427 4325 alia,
2483 4267 2659 4332 quae
2711 4267 2818 4313 me
2886 4244 3121 4315 verbis

570 4338 715 4406 suis
755 4336 836 4403 ad
892 4358 1081 4426 spem
1135 4337 1370 4403 veniae
1398 4335 1721 4404 reducere
1771 4336 2122 4424 potuisset.
2166 4333 2389 4403 Refert
2437 4334 2643 4405 frater
2692 4333 3114 4413 Bernardus,

569 4447 641 4494 se
713 4425 962 4494 vidisse
1028 4423 1439 4512 Lutgardem
1517 4437 1580 4492 et
1652 4423 1877 4491 virum
1940 4422 2393 4492 venerabilem
2454 4446 2533 4492 ac
2609 4428 2737 4492 Deo
2815 4422 3118 4512 dignum
