3357 4995
266 355 303 416 J
316 354 484 418 UNII
533 355 613 417 24
959 372 1037 417 mv.
1084 372 1457 419 ΝΑΤινιΤΑτΕ
1507 374 1561 419 5.
1616 374 1881 420 somnis
1931 375 2107 419 nArr.
2597 359 2723 420 525

264 457 610 526 veteribus
658 455 922 525 videbis
970 478 1118 526 esse
1168 458 1659 547 praepositum,
1717 458 1816 526 vel
1869 471 2288 545 aequatum:
2330 469 2558 527 tamen
2604 481 2813 548 super

267 546 501 614 omnia
541 546 943 615 benedictus
997 549 1170 615 Deus
1221 547 1276 614 ⁴³.

353 635 389 720 ξ
428 639 571 707 15.
612 635 929 703 Decimus
960 633 1178 702 honor
1210 648 1333 714 est,
1375 636 1657 704 assertio
1693 636 1931 704 matris
1965 635 2327 704 Ecclesiae.
2369 636 2646 705 Texitur
2692 658 2813 705 ora

266 721 658 811 chlamydis
690 778 704 804 ‚
744 735 1319 813 unguentumque
1362 723 1722 813 profusum
1774 725 1839 792 in
1892 746 1968 792 ca
2027 725 2155 805 ite,
2214 736 2587 793 extremam
2636 747 2808 811 quo-

268 832 402 897 que
451 811 835 882 vestimenti
885 811 1231 881 fimbriam
1284 812 1707 881 inundanter
1754 812 1951 882 infun
2009 813 2079 881 it.
2153 812 2279 881 Illa
2329 815 2514 881 enim
2571 825 2808 893 mater,

268 912 333 967 et
384 900 710 989 magistra
760 900 1073 969 omnium
1126 901 1586 971 Ecclesiarum
1637 900 1940 971 Ecclesia
1999 907 2331 982 Romana,
2386 902 2498 970 cui
2550 901 2810 971 dictum

268 1001 409 1057 est:
464 994 602 1080 Ego
650 1011 774 1078 pro
824 1001 886 1057 te
926 989 1201 1077 rogavi,
1240 1003 1317 1058 ut
1353 1012 1486 1059 non
1524 989 1797 1058 deficiat
1831 989 2000 1058 fides
2032 1003 2186 1058 tua:
2225 991 2293 1058 in
2330 990 2587 1059 honore
2610 991 2813 1058 Joan-

270 1077 380 1145 nis
429 1079 765 1167 Baptistae
816 1090 968 1167 post
1026 1077 1392 1148 Salvatoris
1432 1101 1681 1147 nomen
1725 1091 2124 1147 consecrata
2185 1092 2320 1158 est,
2375 1092 2440 1148 et
2490 1079 2804 1169 signata:

266 1167 568 1256 Dignum
621 1188 919 1253 namque
966 1179 1131 1240 erat,
1186 1181 1261 1236 ut
1315 1168 1722 1236 sententiam
1775 1191 1806 1236 s
1860 1167 2013 1236 onsi
2070 1188 2362 1257 sponsae
2411 1182 2811 1253 sequeretur

263 1256 660 1332 auctoritaS,
700 1268 764 1324 et
796 1254 1220 1343 singularem
1270 1257 1571 1325 amicum
1606 1257 1755 1343 ejus
1790 1257 1808 1323 i
1844 1254 1955 1325 luc
1990 1255 2411 1344 proveheret,
2449 1256 2570 1325 ubi
2621 1257 2809 1346 prin-

263 1344 574 1433 cipatum
630 1345 780 1499 ipsa
826 1344 1247 1411 conscendit.
1302 1345 1552 1414 Electio
1606 1344 2062 1434 proculdubio
2112 1343 2515 1432 singulariS‚
2572 1345 2639 1412 in
2695 1345 2819 1412 illa

262 1435 420 1522 ipsa
454 1434 626 1501 urbe
694 1454 987 1500 oannem
1022 1433 1396 1522 primatum
1435 1433 1776 1502 Ecclesiae
1807 1433 2190 1512 vendicare,
2228 1455 2434 1519 quam
2474 1433 2612 1501 duo
2645 1434 2816 1502 coeli

265 1521 648 1590 luminaria
677 1533 890 1589 morte
917 1520 1302 1590 clarissima
1334 1535 1848 1591 consecrarunt.
1884 1520 2322 1610 Crucifigitur
2349 1527 2605 1601 PetruS,
2643 1529 2816 1591 Pau-

268 1610 383 1680 lus
415 1611 891 1688 obtruncatur,
934 1609 1235 1699 dignitas
1284 1624 1588 1679 remanet
1619 1610 2078 1680 Praecursori.
2136 1615 2566 1700 Purpuratur
2601 1616 2816 1680 Roma

269 1696 721 1768 multitudine
771 1709 1195 1785 martyrum,
1251 1710 1521 1785 totaque
1571 1699 1965 1769 sublimitas
2015 1699 2209 1768 beato
2251 1699 2645 1769 refunditur
2695 1704 2817 1768 Pa-

268 1787 631 1857 triarchae.
687 1788 983 1856 ²loannes
1032 1787 1289 1872 ubique
1333 1789 1551 1876 major
1591 1789 1660 1855 in
1696 1788 2021 1856 omnibus
2072 1788 2472 1877 singulariS,
2532 1789 2817 1858 mirabi—

269 1876 355 1945 lis
406 1898 615 1965 super
662 1897 924 1944 omnes.
964 1876 1130 1957 Quis
1170 1876 1268 1944 sic
1318 1875 1613 1965 gloriose
1645 1876 2112 1946 annunciatus
2158 1879 2305 1945 est?
2334 1878 2501 1959 Quis
2544 1877 2634 1946 ita
2665 1899 2820 1967 spe-

270 1965 539 2033 cialiter
599 1965 667 2032 in
721 1965 961 2033 matris
1023 1978 1214 2033 utero
1286 1965 1545 2054 Spiritu
1596 1970 1841 2034 Sancto
1904 1965 2156 2055 legitur
2203 1963 2418 2036 fuisse
2466 1966 2820 2056 repletus?

272 2058 488 2135 Quem
548 2054 811 2144 legistis
860 2053 1038 2121 intra
1090 2053 1326 2121 matris
1376 2067 1649 2123 uterum
1701 2053 2084 2122 exultasse?
2131 2054 2341 2142 Cujus
2392 2054 2818 2124 nativitatem

268 2142 540 2212 vidistis
593 2142 937 2211 celebrare
986 2142 1356 2213 Ecclesiam
1409 2143 1574 2212 Dei?
1624 2143 1791 2224 Quis
1839 2144 1937 2211 sic
1987 2164 2159 2232 puer
2206 2144 2513 2211 eremum
2557 2166 2819 2212 concu-

271 2231 491 2320 pivit?
538 2232 706 2313 Quis
747 2232 840 2299 ita
889 2230 1139 2319 legitur
1187 2231 1579 2300 sublimiter
1609 2231 2295 2313 conversatus?Quis
2325 2230 2815 2320 poenitentiam

268 2331 337 2387 et
384 2340 675 2409 regnum
726 2318 1072 2388 coelorum
1118 2320 1386 2409 primus
1415 2319 1952 2402 ostendit'PQuis
1987 2319 2350 2408 baptizavit
2384 2324 2633 2409 Regem
2671 2320 2818 2410 glo-

269 2407 461 2475 riae?
499 2409 618 2477 Cui
662 2430 734 2478 se
776 2408 1078 2500 primum
1113 2409 1408 2477 Trinitas
1440 2408 1799 2477 revelavit?
1839 2408 1958 2477 Cui
1991 2407 2120 2476 tale
2154 2407 2624 2478 testimonium
2664 2431 2820 2500 per-

273 2496 502 2566 hibuit
552 2502 774 2566 Deus‘?
833 2502 1047 2580 Quem
1115 2497 1212 2566 sic
1271 2497 1629 2568 honoravit
1677 2497 2037 2568 Ecclesia?

360 2589 398 2673 ἓ
444 2590 595 2659 16.
652 2586 955 2655 Forsitan
992 2586 1165 2654 mihi
1194 2586 1507 2676 disponis
1539 2608 1910 2677 opponere,
1940 2586 2107 2673 quia
2138 2586 2235 2655 sic
2266 2586 2396 2656 ista
2426 2587 2629 2657 habet
2659 2609 2816 2678 pro-

322 2675 449 2755 ria,
494 2688 571 2744 ut
614 2686 877 2743 caetera
919 2686 1316 2744 sanctorum
1359 2676 1763 2759 communia
1813 2697 1948 2743 non
1997 2675 2311 2765 attingat.
2372 2677 2544 2744 Audi
2605 2698 2812 2765 ergo:

307 2784 571 2832 oannes
592 2763 986 2833 Patriarcha
1016 2764 1229 2832 immo
1250 2764 1801 2833 Patriarcharum
1819 2764 1982 2833 finis
2003 2777 2068 2834 et
2085 2777 2315 2854 caput.
2342 2765 2371 2831 J
2381 2786 2509 2834 oan
2521 2787 2641 2834 nes
2660 2771 2821 2833 Pro—

270 2852 500 2942 pheta,
551 2854 765 2922 immo
797 2852 954 2941 plus
983 2874 1192 2939 quam
1232 2855 1588 2943 Propheta,
1628 2854 1794 2940 quia
1826 2875 2033 2940 quem
2070 2853 2455 2921 venientem
2500 2854 2813 2933 nunciat,

273 2941 345 3009 di
402 2942 492 3011 ito
531 2941 977 3010 demonstrat.
1013 2940 1309 3011 Joannes
1343 2942 1641 3032 Angelus
1667 2997 1683 3023 ,
1721 2942 1840 3013 sed
1882 2954 1949 3010 et
1979 2942 2157 3010 inter
2203 2942 2493 3031 Angelos
2523 2943 2813 3022 electuS‚

275 3034 357 3097 Sa
395 3042 620 3099 vatore
651 3042 958 3111 testante,
989 3031 1109 3117 qui
1139 3030 1341 3099 dicit:
1383 3036 1551 3100 Ecce
1585 3031 1781 3100 mitto
1812 3028 2149 3120 Angelum
2180 3051 2438 3111 meum,
2469 3032 2591 3117 qui
2624 3052 2821 3121 prae-

322 3119 548 3189 arabit
576 3119 755 3187 viam
784 3130 941 3187 ante
972 3118 1216 3187 faciem
1254 3141 1502 3188 meam.
1541 3119 1839 3189 Joannes
1878 3118 2265 3209 ApostoluS,
2302 3119 2421 3189 sed
2449 3132 2514 3188 et
2542 3125 2822 3210 Aposto-

299 3229 498 3276 orum
594 3207 835 3287 rimus,
870 3220 934 3276 et
983 3208 1329 3298 princep5‚
1362 3209 1523 3296 quia
1551 3207 1684 3277 fuit
1717 3208 1922 3277 homo
1966 3207 2222 3277 missus
2251 3230 2290 3276 a
2322 3212 2478 3277 Deo,
2513 3208 2817 3279 Joannes

270 3230 728 3387 Evangelista,
770 3296 886 3366 sed
931 3308 996 3364 et
1036 3296 1385 3386 Evangelii
1420 3297 1690 3387 primus
1732 3298 2009 3377 incisor,
2050 3296 2461 3385 praedicans
2511 3303 2818 3387 Evange-

270 3381 444 3453 lium
475 3386 695 3475 regni.
730 3384 1026 3455 Joannes
1058 3385 1272 3476 virgo,
1310 3386 1525 3455 immo
1551 3386 1966 3477 virginitatis
2002 3386 2296 3474 insigne,
2333 3386 2706 3476 pudicitiae
2734 3386 2819 3455 ti-

271 3472 484 3555 tulus,
522 3474 855 3544 castitatis
892 3473 1311 3563 exemplum.
1354 3476 1664 3544 Joannes
1709 3488 1990 3563 martyr,
2024 3473 2139 3542 sed
2179 3487 2243 3543 et
2292 3488 2678 3565 martyrum
2721 3474 2824 3543 lu-

270 3581 455 3641 men,
516 3564 696 3632 inter
743 3562 1189 3641 nativitatem,
1245 3575 1671 3650 mortemque
1720 3563 1970 3632 Christi
2009 3563 2554 3633 constantissimi
2605 3564 2824 3632 forma

272 3652 614 3737 martyrii.
670 3657 1022 3720 Praeterea
1068 3653 1233 3738 quia
1284 3673 1412 3721 vox
1459 3652 1828 3721 clamantis
1883 3653 1953 3719 in
2005 3651 2312 3733 desert0,
2366 3653 2530 3739 quia
2575 3658 2825 3723 Praeco

270 3739 490 3819 Verbi,
552 3740 735 3826 quod
765 3740 1032 3809 Judicis
1079 3746 1516 3812 Praecursor.
1570 3739 1753 3811 Illud
1805 3762 2079 3827 quoque
2127 3740 2467 3828 relinquO,
2508 3742 2674 3829 quia
2704 3763 2826 3810 us-

272 3844 404 3909 que
450 3830 541 3897 ad
590 3830 920 3899 Joannem
974 3829 1079 3897 lex
1118 3842 1185 3897 et
1238 3830 1638 3918 Prophetae,
1706 3831 1873 3916 quia
1918 3830 2217 3899 Joannes
2266 3830 2414 3919 ipse
2463 3843 2566 3900 est
2617 3829 2821 3911 Elias,

275 3917 456 3996 quod
496 3919 780 3988 lucerna
830 3919 917 3988 sit
956 3917 1207 3987 ardens
1253 3932 1318 3988 et
1358 3918 1623 3997 lucens,
1662 3918 1850 4005 quod
1891 3918 2159 3989 amicus
2214 3919 2485 4009 Sponsi,
2538 3941 2830 4010 sponsae

330 4020 741 4106 raeparator.
784 4006 1065 4076 Silentio
1107 4020 1402 4087 transe0‚
1441 4006 1627 4095 quod
1660 4008 1760 4076 sic
1809 4028 2053 4075 novem
2095 4007 2512 4098 Angelorum
2563 4008 2831 4078 ordini-

332 4108 410 4157 us
449 4108 748 4167 insertus
785 4108 909 4175 est,
966 4109 1040 4165 ut
1079 4097 1286 4165 etiam
1336 4096 1422 4165 ad
1476 4097 1808 4187 Seraphin
1853 4096 2124 4186 apicem
2176 4097 2652 4168 transferatur.
2711 4102 2834 4166 Ve-

285 4192 433 4243 rum
477 4181 605 4253 hoc
654 4185 823 4255 adeo
875 4184 1199 4255 laboriosi
1248 4185 1476 4274 operis
1510 4197 1634 4266 est,
1668 4197 1746 4254 ut
1772 4205 2021 4256 sensus
2049 4186 2264 4255 nostri
2297 4198 2669 4278 paupertas
2696 4208 2830 4254 non

288 4262 602 4369 sufficiat.
659 4274 1017 4343 Sufficiant
1066 4274 1235 4343 haec
1282 4273 1367 4342 ad
1421 4295 1787 4364 praesenS‚
1840 4295 2017 4361 quae
2065 4274 2250 4345 dicta
2291 4288 2454 4348 sunt
2500 4276 2584 4345 de
2634 4275 2835 4344 laude

285 4346 565 4427 Joanms
612 4361 697 4429 ad
748 4362 1036 4452 gloriam
1092 4362 1592 4453 Redemptoris.

338 4471 363 4497 ¹*
392 4474 622 4526 Primam:
645 4485 687 4524 Β.
705 4485 775 4525 Jo.
795 4486 1036 4535 Baptistae
1056 4483 1181 4527 inter
1202 4486 1420 4529 sanctos.
