3357 4995
192 349 359 417 wrm
401 351 440 417 2
848 366 928 414 ns
974 365 1169 414 vam
1218 364 1613 414 inconnexis.
1667 363 2068 413 manemus
2516 348 2599 414 37

254 450 391 546 §a
443 447 571 520 Sed
622 447 948 518 extabant
994 445 1116 516 alii
1166 445 1515 537 imparati,
1554 445 2005 526 inexercitati,
2045 456 2111 515 et
2155 445 2390 516 animo
2439 444 2681 529 fract0‚

191 556 279 623 qm
322 559 537 608 acrem
604 535 1007 607 certaminis
1067 535 1405 636 impetum
1470 534 1645 605 ferre
1695 555 1832 604 non
1883 547 2244 624 poterant:
2303 555 2383 604 ex
2429 535 2691 622 quibus

190 625 404 697 circiter
432 628 675 697 decem
717 645 1032 705 numer0,
1070 624 1329 693 animis
1361 625 1608 715 ignave
1638 636 1705 694 et
1740 622 2168 692 muliebriter
2206 623 2684 695 conciderunt.

188 714 281 795 Qui
330 714 630 804 profecto
698 735 836 783 non
906 714 1110 783 modo
1172 734 1507 804 magnum
1557 711 1866 783 dolorem
1927 711 2276 781 mentibus
2326 713 2581 783 nostris
2626 724 2692 782 et

183 801 546 875 immensam
621 803 1061 873 acerbitatem
1132 802 1544 872 inurebant:
1608 823 1844 873 verum
1902 800 2106 871 etiam
2174 799 2518 882 aliorum,
2567 803 2690 888 qui

179 889 465 962 hactenus
530 914 673 961 non
730 890 1522 982 comprehendebantur,
1559 891 1822 978 quique
1870 890 2295 978 martyribus
2352 888 2557 959 etiam
2617 891 2690 958 in

174 981 578 1052 acerbissimo
625 982 968 1071 quusque
1062 979 1290 1050 eneris
1336 980 1652 1050 cruciatu
1682 979 2080 1069 jacentibus
2114 990 2385 1079 praesto
2417 1000 2691 1068 semper

170 1068 453 1148 aderant,
509 1083 577 1140 et
621 1091 741 1140 eos
799 1091 934 1139 non
981 1090 1022 1139 a
1052 1068 1356 1157 iquando
1403 1068 1708 1139 desertos
1752 1089 1903 1137 esse
1952 1089 2137 1159 passi
2185 1066 2481 1148 fuerant,
2546 1067 2690 1137 ala-

168 1157 439 1229 critatem
490 1160 771 1249 penitus
805 1158 1232 1245 retuderunt.
1270 1161 1524 1228 Omnes
1558 1157 1773 1248 igitur
1802 1156 1872 1225 id
1910 1156 2237 1247 temporis
2271 1168 2554 1246 propter
2585 1156 2691 1225 in-

166 1260 395 1317 certum
441 1246 903 1319 confessionis
948 1257 1297 1327 eventum,
1347 1267 1625 1315 eramus
1682 1245 1872 1337 gravi
1923 1256 2113 1315 metu
2161 1244 2489 1335 perculsi,
2550 1266 2688 1316 non

167 1333 372 1425 plagas
414 1336 705 1423 quidem
750 1348 818 1407 et
864 1334 1236 1425 supplicia,
1289 1356 1466 1422 quae
1512 1334 1654 1404 illis
1708 1346 1857 1424 post
1900 1334 2407 1423 infligerentur,
2462 1334 2681 1412 veriti,

165 1423 263 1491 sed
315 1424 601 1516 ancipiti
650 1424 1101 1497 confessionis
1146 1423 1333 1494 exitu
1383 1432 1609 1494 mente
1658 1422 1995 1513 praeviso.
2054 1440 2472 1513 magnopere
2519 1423 2691 1492 exti-

165 1528 532 1594 mescenteS,
590 1534 676 1583 ne
720 1513 878 1600 quis
908 1535 1075 1604 prae
1107 1512 1443 1603 languida
1481 1512 1698 1582 animi
1746 1510 2155 1582 infractione
2190 1532 2478 1603 prorsus
2526 1533 2688 1581 suc-

163 1601 502 1673 cumberet.
556 1602 873 1685 Quotidie
903 1614 1159 1683 tamen,
1244 1602 1320 1671 ui
1351 1602 1549 1691 digni
1580 1602 1835 1670 corona
1866 1600 2179 1691 martyrii
2220 1599 2681 1681 habebantur,

162 1688 233 1757 ad
277 1690 545 1761 illorum
610 1712 980 1761 numerum
1034 1623 1548 1780 supplendum,
1601 1689 1925 1780 prehensi
1972 1700 2214 1770 erant,
2266 1691 2683 1777 usqueade0‚

163 1790 227 1847 ut
264 1800 337 1849 ex
381 1781 661 1850 duabus
694 1780 885 1850 hisce
916 1778 1242 1849 Ecclesiis
1288 1800 1530 1850 omnes
1579 1778 1680 1869 pii
1718 1790 1784 1849 et
1831 1778 2125 1850 studiosi
2178 1777 2306 1846 viri
2353 1780 2689 1868 (quorum

163 1866 380 1966 virtute
414 1881 482 1938 et
521 1868 838 1939 doctrina
872 1868 1221 1959 imprimis
1255 1879 1475 1940 status
1500 1866 1785 1938 illarum
1819 1867 1947 1937 rite
1976 1867 2458 1938 administrari
2491 1866 2694 1955 solet)

161 1969 656 2027 eximerentur>

230 2046 265 2130 ἓ
307 2051 385 2119 4.
439 2046 740 2129 Quidam
790 2047 998 2116 etiam
1038 2045 1332 2126 Ethnici,
1384 2057 1781 2117 nostrorum
1815 2045 2016 2123 servi,
2056 2066 2199 2116 una
2228 2043 2689 2134 capiebantur

163 2130 526 2220 (siquidem
579 2138 857 2205 Praeses
916 2155 1158 2204 omnes
1206 2156 1332 2204 nos
1380 2135 1641 2225 passim
1691 2133 1998 2223 perquiri
2046 2132 2520 2225 praeceperat)
2565 2133 2689 2219 qui

165 2231 496 2303 tormenta,
548 2244 731 2310 quae
785 2235 1058 2294 sanctos
1089 2222 1379 2293 tolerare
1417 2224 1814 2304 cernebant,
1854 2222 2404 2302 reformidanteS,
2451 2235 2695 2291 contra

168 2328 311 2389 nos,
350 2312 695 2382 militibus
743 2324 1022 2383 satanae
1080 2312 1395 2403 impulsu
1449 2311 1607 2381 illos
1658 2312 1746 2381 ad
1799 2312 1927 2381 hoc
1974 2311 2159 2380 idem
2207 2311 2686 2391 incitantibus,

164 2396 546 2487 Thyestaeas
574 2422 847 2481 coenaS,
882 2411 948 2470 et
978 2400 1281 2470 incestus
1312 2399 1714 2491 Oedipodis,
1754 2399 1925 2471 salso
1958 2401 2332 2469 commenti
2364 2411 2529 2470 sunt
2555 2399 2684 2489 (a),

165 2499 219 2586 et
258 2487 407 2570 alia,
445 2512 627 2577 quae
675 2489 875 2560 nobis
924 2511 1050 2558 nec
1096 2488 1350 2576 eloqui,
1391 2511 1518 2560 nec
1568 2490 1871 2581 cogitare
1901 2489 2200 2577 ’quidem
2250 2487 2354 2559 fas
2400 2510 2552 2559 esse
2571 2489 2692 2578 ju-

166 2572 453 2646 dicatur:
520 2580 692 2666 quin
753 2578 885 2648 tale
948 2578 1221 2648 facinus
1268 2577 1643 2666 aliquando
1707 2579 1885 2648 inter
1937 2578 2257 2648 homines
2303 2576 2694 2647 admissum

165 2660 372 2744 fuisse,
417 2689 503 2737 ne
551 2666 740 2737 credi
787 2666 1069 2754 quidem
1121 2668 1625 2757 propemodum
1661 2667 1884 2737 debet.
1925 2670 2115 2749 Quae
2162 2687 2331 2735 sane
2378 2687 2540 2734 cum
2590 2686 2696 2733 es-

166 2766 292 2823 sent
332 2754 514 2825 sama
566 2770 635 2826 et
680 2777 997 2825 sermone
1045 2755 1408 2825 hominum
1462 2755 1720 2845 passim
1770 2755 2131 2845 dissipata,
2184 2775 2452 2833 omnes,
2509 2752 2697 2823 velut

170 2839 477 2924 immanes
525 2844 823 2926 belluae,
876 2855 1116 2914 contra
1166 2865 1290 2913 nos
1349 2842 1574 2914 furere
1620 2855 2036 2934 coeperunt:
2081 2843 2178 2912 ita
2226 2843 2286 2912 si
2332 2842 2455 2930 qui
2495 2857 2697 2912 antea

170 2945 413 3020 propter
474 2933 1061 3004 necessitudinem
1124 2932 1470 3002 moderate
1529 2954 1601 3001 se
1656 2953 1821 3022 erga
1870 2953 2015 3032 nos·
2045 2933 2427 3022 gessissent
2461 2988 2476 3013 ,
2531 2943 2697 3001 tunc
2805 2977 2816 2982 -

170 3017 344 3115 veluti
371 3022 566 3092 rabie
596 3022 897 3109 quadam
933 3022 1222 3103 incitati,
1261 3021 1589 3091 dentibus
1618 3020 1957 3101 frendere,
1999 3021 2697 3110 insanirequeprope

171 3106 560 3202 yiderentur:
616 3123 822 3198 atque
857 3110 924 3180 id
958 3110 1152 3191 adeo,
1207 3109 1392 3199 quod
1442 3133 1483 3180 a
1531 3109 1820 3180 Domino
1857 3121 2090 3180 nostro
2126 3109 2687 3199 praedicebatur,

169 3213 224 3260 in
262 3218 334 3266 eo
375 3212 558 3270 esset
605 3199 996 3290 impletum,
1031 3211 1307 3289 tempus
1354 3212 1750 3279 venturum,
1805 3200 1875 3267 in
1929 3220 2067 3286 quo
2108 3199 2365 3280 omniS,
2404 3197 2530 3285 qui
2582 3219 2701 3269 vos

170 3285 503 3369 occiderit,
565 3287 907 3359 videbitur
952 3288 1365 3375 obsequium
1416 3300 1764 3380 praestare
1815 3293 1969 3358 Deo.
2044 3287 2240 3357 Unde
2288 3287 2374 3357 de
2426 3299 2697 3357 caetero

171 3375 359 3445 sancti
394 3387 734 3466 martyres
785 3376 1051 3465 majora
1098 3375 1440 3465 quaedam
1482 3377 1987 3457 cruciamenta,
2041 3397 2253 3464 quam
2307 3397 2489 3463 quae
2540 3397 2699 3466 pos-

170 3467 631 3536 suntoratione
681 3465 1010 3556 explicari
1047 3465 1313 3555 (idque,
1358 3478 1598 3536 satana
1640 3466 1711 3534 in
1746 3464 1922 3534 illud
1957 3486 2080 3555 pro
2111 3464 2383 3535 viribus
2418 3464 2698 3533 incum-

171 3543 378 3633 bente,
427 3567 506 3625 ut
553 3554 818 3642 aliquid
886 3555 1037 3625 blas
1091 3554 1362 3624 herniae
1423 3565 1665 3625 contra
1738 3553 2086 3624 Christum
2153 3575 2235 3623 ex
2282 3574 2527 3623 eorum
2580 3574 2700 3622 ore

173 3635 485 3732 educeret)
529 3644 817 3715 sufferre
863 3664 1030 3734 coge
1083 3655 1310 3713 antur.
1792 3641 1814 3668 ⁶

206 3728 271 3822 ,ἓ
309 3733 390 3801 ὅ.
429 3735 654 3820 Supra
688 3731 971 3803 modurn
1024 3731 1238 3821 igitur
1269 3731 1520 3802 lethale
1554 3729 2028 3802 multitudinis
2083 3731 2471 3810 universae,
2507 3733 2704 3799 Prae·

176 3813 315 3889 sidis
356 3832 421 3890 et
459 3818 834 3891 satellitum
864 3820 1105 3890 odium
1140 3820 1209 3889 in
1249 3819 1653 3900 diaconum,
1693 3820 1977 3889 nomine
2005 3824 2364 3901 Sanctum,
2400 3819 2704 3888 Viennae

180 3919 596 3995 prognatum,
645 3921 711 3980 et
754 3908 827 3978 in
879 3913 1224 3980 Maturum
1290 3909 1497 3978 etiam
1529 3963 1545 3987 ,
1602 3928 1843 3978 recens
1903 3907 2191 3996 quidem
2243 3908 2696 3999 baptizatum,

178 3991 269 4058 Sed
294 4017 696 4084 generosum
723 4009 950 4068 tamen
984 3997 1232 4068 Christi
1267 3995 1625 4084 athletam,
1669 3995 1989 4066 efferbuit
2019 4020 2032 4065 :
2071 3997 2141 4065 in
2174 3997 2472 4066 Attalum
2499 4018 2704 4087 porro

180 4097 390 4162 genere
442 4090 943 4176 Pergamenum
980 4140 996 4168 ,
1067 4085 1468 4156 columnam
1534 4096 1600 4156 et
1666 4085 2224 4157 stabilimentum
2290 4085 2703 4157 continuum

217 4252 265 4297 ta)
290 4258 629 4302 Accmbsntur
655 4259 911 4302 christiani
939 4269 967 4300 s
994 4260 1280 4308 Gentilibus,
1304 4257 1441 4310 qussi
1470 4269 1612 4301 carne
1631 4260 1841 4302 humans
1857 4262 2185 4304 vescerentur:
2216 4270 2334 4311 quse
2357 4262 2585 4313 Truyesteae
2604 4270 2707 4301 coe·

181 4309 244 4344 Μ
266 4317 479 4354 vocantur
510 4325 536 4353 s
564 4311 778 4355 convivio
806 4314 999 4363 Thyesti
1028 4324 1056 4354 a
1082 4313 1229 4355 tratre
1254 4312 1394 4354 Atreo
1427 4315 1720 4363 praeparato,
1747 4316 1798 4355 in
1831 4324 1925 4364 quo
1953 4314 2104 4363 ipsius
2123 4315 2344 4363 Thyestis
2362 4315 2450 4354 flul
2469 4315 2519 4354 111
2539 4315 2698 4354 cibum

183 4363 347 4407 ‘miti
364 4370 553 4407 sunt—
576 4366 760 4418 Oedipus
778 4371 977 4409 matrem
997 4376 1131 4408 susm
1152 4375 1346 4407 uxorem
1365 4365 1558 4408 duxisse
1579 4369 1769 4410 dicitur.
1788 4368 2159 4417 suspicabantur
2178 4375 2336 4408 autem
2355 4369 2555 4417 gentiles
2579 4370 2704 4417 ejus·

183 4413 277 4454 nodi
301 4417 531 4465 spurcitiis
561 4421 856 4462 Christisnos
883 4421 1069 4462 deditos
1097 4431 1216 4467 esse,
1235 4421 1294 4460 ob
1313 4421 1624 4469 quorumdsm
1644 4420 1995 4465 haereticorum
2014 4422 2350 4472 impudicitias,
2371 4420 2453 4470 qui
2478 4419 2707 4461 Christis·

182 4469 318 4510 uorum
334 4475 487 4515 umen
508 4484 681 4516 nomen
699 4474 791 4516 sibi
811 4474 1094 4525 magabant
1114 4474 1203 4524 (Ex
1223 4472 1499 4522 Ruinam-tio).
