3357 4995
726 326 853 388 556
1387 343 1463 387 nr.
1511 342 1566 387 s.
1620 341 1861 387 qumo
1910 341 2164 387 uuam.
2219 338 2416 386 muse.
2824 321 3052 384 JUNII
3103 322 3192 385 25

632 445 855 509 usque
932 423 1203 491 Maximi
1278 422 1622 500 caruisse,
1703 442 1782 489 eo
1855 421 2134 489 demum
2186 419 2688 489 deduceremur
2755 431 2836 487 ut
2914 439 3192 508 negan-

633 512 802 581 dum
853 524 1280 601 putaremus,
1335 533 1398 576 v.
1450 532 1583 600 gr.,
1620 522 1779 578 ante
1824 509 2200 590 Aurelium,
2234 507 2456 576 ullum
2496 505 2710 577 fuisse
2759 507 3196 596 Episcopum

634 600 1348 690 Carthaginiensium;
1404 599 1473 666 in
1523 619 1689 688 agro
1739 620 2039 684 namque
2086 595 2634 686 Carthaginiensi
2679 595 2917 686 plures
2965 595 3195 666 fuisse

633 690 756 775 qui
806 689 1149 758 idolorum
1203 687 1689 777 superstitione
1725 699 2138 766 tenerentur,
2178 687 2346 755 dum
2383 684 2702 754 Aurelius
2748 683 2853 752 illi
2906 706 3190 774 praees-

633 791 733 846 set
781 777 1165 856 Ecclesiae‚
1222 775 1540 865 pluribus
1586 788 1854 844 constat
1924 775 2413 845 monumentis.
2487 773 2677 854 Quod
2730 795 2895 863 ergo
2943 775 3192 842 Tauri·

634 889 880 935 nenses
906 887 1156 955 magno
1191 886 1502 942 numero,
1545 877 1697 953 post
1732 863 2036 932 medium
2071 865 2274 933 etiam
2310 861 2622 932 seculum
2677 885 2762 943 ιν,
2793 862 3005 933 idolis
3036 863 3190 932 cul-

634 970 776 1024 tum
831 954 1315 1030 adhibuerint,
1372 955 1539 1022 tanti
1592 974 1725 1022 non
1777 967 1877 1022 est
1933 967 2011 1021 ut
2057 951 2569 1042 conjiciendum
2621 952 2708 1021 sit
2759 953 3191 1042 Episcopatu

634 1045 701 1112 in
754 1067 829 1112 ea
879 1044 1076 1120 urbe,
1117 1043 1186 1110 in
1222 1063 1359 1128 qua
1406 1041 1620 1127 aliqui
1671 1055 1898 1111 essent
1947 1042 2363 1120 Christiani,
2420 1040 2712 1138 potitum
2777 1039 2993 1108 fuisse
3064 1063 3188 1110 ne-

634 1133 917 1201 minem.
974 1137 1137 1200 Nam
1190 1130 1362 1199 alias
1410 1131 1571 1199 item
1632 1130 1842 1198 fuisse
1894 1133 2212 1199 novimus
2262 1131 2331 1197 in
2395 1129 2589 1206 Asia,
2648 1129 2716 1195 in
2780 1128 3004 1198 Africa
3039 1185 3054 1204 ,
3113 1131 3184 1197 in

634 1222 825 1290 Italia
893 1221 1199 1289 civitates
1264 1241 1439 1305 quae
1498 1219 1871 1308 Episcopos
1934 1219 2328 1289 habuerunt
2392 1218 2517 1285 etsi
2581 1216 2878 1286 ethnicis
2932 1218 3184 1286 incolis

631 1310 1089 1388 abundarent,
1142 1329 1438 1394 quorum
1492 1330 1652 1396 pars
1702 1312 2027 1376 Senatum
2059 1309 2573 1383 constituerent,
2619 1307 2878 1392 quique
2916 1307 3185 1396 templa

633 1399 975 1466 idolorum
1030 1398 1420 1468 retinerent:
1474 1418 1634 1465 cum
1724 1396 2070 1464 raesertim
2109 1419 2188 1465 ea
2228 1396 2435 1466 fuerit
2469 1393 2803 1483 Majorum
2849 1395 3026 1464 ratio
3061 1396 3184 1482 qui

629 1486 940 1574 exempla
975 1484 1448 1574 Apostolorum
1484 1485 1680 1553 imita
1732 1499 1958 1564 antur,
1999 1500 2074 1554 ut
2124 1486 2209 1552 iis
2247 1486 2451 1553 etiam
2504 1482 2802 1552 urbibus
2853 1484 3178 1574 Episcopi

629 1575 961 1643 darentur
1011 1575 1078 1641 in
1129 1574 1387 1659 quibus
1433 1574 1543 1642 vix
1614 1574 1828 1660 aliqui
1894 1596 2042 1642 esse
2100 1575 2485 1663 coepissent
2546 1571 2665 1656 qui
2721 1572 3182 1642 christianam

629 1664 925 1732 colerent
993 1662 1414 1751 religionem.
1494 1663 2177 1732 Neocaesariensibus
2249 1662 2436 1731 Ponti
2511 1660 2966 1741 Christianis,
3026 1663 3184 1730 licet

630 1775 762 1820 non
810 1752 1045 1840 plures
1078 1773 1285 1837 quam
1336 1751 1822 1839 septemdecim
1876 1766 2124 1828 essent,
2180 1752 2470 1821 Antistes
2520 1749 2724 1818 datus
2772 1763 2874 1818 est
2922 1755 3182 1841 Grego-

627 1843 774 1910 rius
824 1840 1422 1930 Thaumaturgus;
1474 1861 1611 1926 quo
1681 1841 1904 1929 magis
1953 1841 2497 1909 Taurinensibus
2548 1838 2612 1904 id
2666 1859 2805 1907 non
2877 1852 2978 1908 est
3030 1839 3180 1907 adi·

631 1929 959 1997 mendum
1018 1928 1253 2006 decus,
1306 1950 1603 2014 quorum
1660 1951 1989 2018 magnum
2045 1951 2452 2008 numerum,
2511 1927 3003 2017 Episcopatum
3060 1952 3180 1996 su-

628 2018 956 2117 scipiente
1007 2018 1335 2096 Maximo,
1410 2017 1623 2086 fuisse
1665 2018 2132 2088 Christianum
2184 2018 2420 2104 liquet,
2487 2038 2564 2085 ac
2621 2016 2731 2084 vix
2777 2017 3176 2087 ethnicismi

630 2106 958 2192 reliquiae
1006 2107 1075 2174 in
1135 2107 1328 2194 pagis
1368 2106 1630 2191 aliquot
1678 2120 2140 2195 superessent,
2195 2128 2329 2192 qua
2381 2106 2466 2175 de
2516 2126 2584 2173 re
2635 2104 2814 2174 infra
2853 2106 3174 2192 equidem

630 2195 1061 2264 videbimus?
1109 2193 1336 2275 Quid?
1366 2195 1424 2262 si
1468 2195 1803 2263 Maximus
1858 2196 2061 2275 idem,
2117 2195 2369 2264 Homil.
2427 2218 2553 2274 xvi,
2610 2216 2676 2281 p.
2713 2195 2860 2269 45³2
2902 2195 3173 2283 Episco—

631 2306 750 2374 pos
799 2304 1270 2373 praecessores
1303 2305 1465 2352 suos
1498 2284 1802 2352 indicare
1839 2285 2196 2353 videatur?
2231 2289 2394 2352 Nam
2435 2290 2660 2353 Patres
2697 2283 2955 2352 ibidem
2989 2305 3172 2352 com·

629 2386 959 2442 memorat
1007 2374 1128 2459 qui
1174 2375 1707 2460 praecessissent,
1747 2373 2286 2460 eorumdemque
2321 2379 2594 2441 Patrum
2649 2376 2790 2440 allo
2843 2376 2982 2450 uia,
3020 2373 3168 2459 qui-

625 2461 757 2532 bus
806 2461 1103 2532 instituti
1134 2459 1449 2539 fuissent,
1488 2461 2032 2530 Taurinensibus
2068 2462 2235 2551 ipsis
2270 2463 2357 2532 ab
2390 2485 2460 2531 se
2487 2464 2762 2553 repetz'a
2822 2461 3163 2549 παιδίω).

629 2552 755 2620 Sed
802 2551 999 2640 plura
1051 2551 1135 2618 de
1184 2550 1588 2636 antiquitate
1638 2552 2084 2621 Taurinensis
2119 2552 2313 2620 Sedis
2409 2554 2681 2638 ersequi
2735 2551 3053 2639 prohibet
3083 2549 3172 2617 se·

628 2640 906 2709 stinatio
961 2663 1098 2725 qua
1169 2640 1473 2717 virtutes
1548 2653 1760 2727 gesta,
1818 2640 2250 2729 sapientiam.
2313 2642 2775 2728 eoquentiam
2831 2646 2896 2708 S.
2955 2640 3169 2707 Patris

630 2730 899 2798 Maximi
949 2729 1149 2817 gestit
1197 2750 1422 2796 sermo
1469 2751 1547 2795 ex
1596 2728 2050 2817 ejusdemmet
2112 2729 2568 2798 Homiliarum
2613 2729 3062 2819 ¹argumentis
3110 2740 3169 2793 et

629 2818 853 2887 verbis
904 2818 1313 2907 perspicere.

715 2912 751 2993 ξ
798 2911 889 2977 a.
964 2912 1027 2973 Is
1076 2918 1152 2974 ut
1202 2927 1459 2974 munus
1509 2906 1813 2994 suscepit
1863 2906 2348 2994 Episcopatus,
2405 2908 2630 2975 studia
2681 2927 2999 2993 quaeque
3050 2926 3172 2972 sua

629 2994 711 3062 ad
766 2995 1035 3083 plebem
1089 2996 1154 3062 in
1209 3017 1277 3061 re
1325 2994 1677 3063 doctrinae
1737 2994 1946 3079 inque
1995 2993 2367 3083 disciplina
2419 3017 2689 3065 morum
2743 3007 2922 3062 recte
2975 2994 3170 3062 insti·

630 3082 950 3151 tuendam
1003 3081 1313 3151 contulit.
1371 3088 1606 3169 Itaque
1670 3083 2224 3171 superstitionem
2277 3084 2333 3151 si
2383 3106 2517 3169 qua
2571 3084 2836 3169 reliqua
2906 3083 2975 3148 in
3032 3084 3173 3150 suis

628 3172 869 3240 ovibus
918 3183 1116 3251 esset,
1174 3172 1475 3259 primurn
1523 3193 1602 3239 ex
1651 3170 1907 3240 animis
1933 3171 2217 3239 evellere
2249 3175 2534 3241 curavit.
2574 3178 2800 3254 Quare
2827 3193 2987 3239 cum
3027 3193 3172 3239 esse

627 3281 863 3328 earum
919 3259 1148 3348 plures
1209 3259 1848 3339 animadvertisset,
1903 3282 2080 3345 quae
2146 3260 2290 3328 suis
2358 3262 2784 3330 clamoribus
2832 3259 3172 3328 deficienti

631 3354 861 3417 Lunae
910 3348 1308 3436 adjumento
1358 3370 1429 3416 se
1478 3347 1618 3417 fore
1667 3350 2196 3425 arbitrarentur,
2250 3371 2366 3417 eas
2415 3352 2710 3439 graviter
2762 3351 3169 3437 increpans:

631 3460 665 3502 «
700 3436 973 3516 Videtis,
1030 3437 1251 3522 inquit
1296 3437 1574 3524 (Homil.
1631 3460 1687 3515 e,
1719 3463 1792 3527 p.
1834 3439 2014 3525 333),
2052 3438 2330 3515 fratres,
2367 3438 2548 3525 quod
2597 3461 2748 3507 mea
2783 3460 2918 3506 non
2959 3450 3173 3505 cessat

630 3525 987 3594 humilitas
1048 3526 1237 3593 omni
1303 3526 1485 3593 circa
1561 3548 1676 3596 vos
1726 3526 2190 3595 sollicitudine
2239 3527 2591 3606 laborare,
2648 3541 2712 3596 et
2761 3526 2846 3595 ad
2901 3526 3168 3615 frugem

629 3615 879 3682 bonam
934 3637 1049 3683 vos
1100 3627 1231 3682 tota
1282 3612 1715 3683 festinatione
1760 3629 2171 3684 convertere.
2230 3616 2354 3684 Sed
2406 3629 2663 3703 quanto
2728 3615 2890 3704 plus
2941 3615 3172 3684 laboro

631 3703 1027 3783 vobiscum,
1084 3716 1269 3771 tanto
1317 3701 1619 3792 amplius
1681 3702 2068 3773 confundor
2121 3705 2184 3772 in
2239 3705 2449 3773 vobis
2507 3710 2674 3773 Cum
2742 3704 2932 3774 enim
2987 3703 3174 3771 video

632 3804 723 3860 tot
770 3791 1425 3860 commonitionibus
1476 3792 1645 3860 meis
1697 3792 1968 3861 nullum
2025 3814 2139 3861 vos
2189 3794 2438 3863 habere
2500 3792 2931 3882 profectum;
2987 3792 3176 3861 labor

628 3901 826 3950 meus
869 3880 1009 3968 jam
1062 3902 1197 3949 non
1240 3879 1682 3969 gratulationi
1732 3893 1833 3949 est
1881 3881 1996 3950 sed
2058 3882 2316 3951 rubori.
2373 3887 2541 3951 Ecce
2587 3903 2714 3971 ego
2768 3902 2977 3969 pasco
3026 3903 3171 3971 gre-

628 3989 782 4057 gem
832 3969 1103 4045 Christi,
1156 3981 1217 4036 et
1267 3969 1496 4059 gregis
1546 3969 1845 4038 fructum
1898 3973 2300 4056 extorquere
2338 3993 2471 4040 non
2504 3969 2713 4039 valeo.
2751 3969 2959 4039 Nulla
2990 3971 3169 4038 enim

629 4077 736 4125 me
799 4056 958 4124 fidei
1021 4057 1172 4145 ejus
1232 4056 1524 4126 dulcedo
1590 4058 1948 4137 laetificat;
2012 4058 2129 4128 sed
2191 4059 2532 4147 quidquid
2608 4080 2687 4127 ex
2732 4080 2813 4127 eo
2867 4060 3166 4147 profluit.

676 4235 703 4261 ⁸
732 4232 1041 4274 Homiliarum
1070 4236 1117 4273 et
1145 4235 1421 4276 Sermonum
1450 4236 1676 4275 ordinans
1709 4245 1932 4275 numerus
1965 4247 2016 4276 ac
2043 4234 2238 4286 paginae
2268 4246 2363 4285 quc
2381 4237 2477 4277 sint
2510 4245 2727 4286 quaeque
2747 4238 3053 4285 reperiunda.
3077 4236 3171 4279 Edi·

628 4288 742 4328 tlonl
764 4289 1017 4335 respondet
1042 4288 1276 4328 Romanae
1301 4290 1410 4328 anni
1436 4298 1747 4329 nocenxxxiv.

680 4339 748 4393 (a)
777 4339 928 4389 Magni
960 4340 1154 4391 insuper
1180 4342 1267 4382 hac
1296 4342 1353 4382 de
1379 4352 1430 4381 re
1461 4339 1681 4389 ponderis
1712 4343 2038 4391 argumentum
2065 4341 2349 4383 arbitramur
2377 4344 2614 4391 synodum
2644 4341 2844 4383 concilii
2881 4346 3078 4385 nomine
3104 4345 3172 4384 de-

624 4399 843 4439 coratam,
872 4397 1079 4435 coactam
1108 4393 1315 4440 'raurinh
1342 4405 1388 4434 iv
1416 4396 1623 4445 proxime
1656 4397 1857 4435 exeunte
1886 4396 2089 4442 sacculo,
2118 4398 2454 4446 Episcopi-,rum
2486 4397 2664 4437 Galliae
2694 4398 2823 4437 circs
2854 4399 3168 4447 quasdnmju·

624 4449 911 4490 risdicttonis
938 4449 1291 4489 Ecclesiasticae
1314 4446 1630 4496 quaestiones,
1652 4452 1701 4487 et
1726 4449 1775 4487 in
1798 4449 2041 4489 Itactnnos.
