3357 4995
159 340 381 406 JUNII
432 341 515 403 25
1001 359 1079 404 na
1127 360 1183 405 s.
1236 357 1594 405 ADALBEnTo
1642 360 1865 405 ιΕνιτΑ
2484 344 2611 408 573

161 437 592 508 infidelitatis
634 438 918 507 nexibus
946 460 1109 528 prae
1155 439 1439 508 caeteris
1482 440 1788 508 tenacius
1815 439 2130 521 irretitOS,
2163 441 2421 531 quippe
2454 442 2573 529 qui
2612 442 2701 511 ob

163 525 583 597 ferocitatem
613 548 809 597 suam
844 527 1066 595 Divini
1092 527 1280 597 verbi
1313 527 1769 618 praeconibus
1801 526 2132 598 hactenus
2162 551 2336 628 pene
2368 530 2700 599 inaccessi

160 628 542 695 manerent,
593 616 794 705 plane
843 616 1138 686 instituit
1186 615 1269 685 ad
1330 639 1444 687 eos
1503 617 1983 707 commigrare,
2036 616 2418 705 periculum
2483 619 2700 688 factu-

161 726 305 782 rus,
362 727 528 774 num
580 728 752 791 quos
798 727 877 774 ex
927 704 1087 785 illis,
1140 705 1389 775 Christi
1438 718 1847 795 cooperante
1895 705 2137 805 gratia,
2190 727 2269 774 ex
2337 706 2503 777 siliis
2552 729 2699 797 per-

158 790 443 862 ditionis
486 807 714 884 posset
765 794 1153 883 adoptionis
1186 806 1251 862 et
1287 794 1788 864 conciliationis
1833 793 2014 863 filios
2052 794 2340 864 efficere.
2396 801 2700 883 Cumque

159 880 231 948 in
284 881 462 951 hanc
510 883 990 975 cogitationem
1027 896 1092 952 et
1124 904 1362 951 curam
1400 895 1579 953 totus
1614 883 2067 970 incumberet,
2107 883 2340 953 divino
2388 885 2695 966 oraculo,

159 992 251 1038 ne
298 992 445 1040 eam
499 972 582 1041 ad
634 973 947 1042 effectum
998 972 1424 1063 perduceret,
1480 969 1865 1041 retardatus
1913 983 2035 1042 est.
2101 977 2336 1060 Itaque
2385 973 2485 1042 vir
2541 995 2702 1042 san-

159 1070 337 1141 ctuS,
374 1084 531 1130 cum
571 1083 792 1148 neque
827 1059 1045 1142 vellet,
1085 1082 1304 1147 neque
1337 1074 1564 1150 posset
1595 1060 1869 1129 divinae
1897 1060 2316 1130 ordinationi
2350 1062 2693 1143 reluctari,

158 1147 335 1217 alios
375 1150 711 1236 quosdam
748 1148 1020 1238 delegit,
1057 1171 1231 1236 quos
1278 1172 1403 1220 suo
1456 1149 1603 1219 Ioco
1638 1150 1968 1230 mitteret,
2014 1162 2079 1219 et
2132 1150 2512 1221 sanctitatis
2559 1173 2701 1220 me-

159 1237 315 1305 ritis
360 1254 425 1308 et
472 1239 880 1308 eruditionis
926 1238 1231 1308 efficacia
1281 1250 1506 1308 tantae
1558 1238 1656 1307 rei
1708 1238 2012 1308 idoneos.
2048 1243 2124 1308 Et
2158 1239 2379 1329 primo
2419 1239 2699 1326 quidem

164 1324 361 1395 misit
416 1328 842 1419 wigbertum
906 1327 976 1409 *,
1031 1328 1510 1416 integerrimae
1575 1328 2114 1397 conversationis
2177 1329 2696 1418 presbyterum:

154 1414 283 1501 qui
336 1415 456 1486 diu
509 1417 947 1502 multumque
995 1439 1155 1486 cum
1205 1417 1547 1487 obstinata
1595 1417 1928 1487 barbarae
1998 1416 2222 1507 gentis
2270 1415 2525 1486 duritia
2561 1415 2703 1485 col-

155 1503 491 1587 luctatus,
531 1528 689 1575 cum
727 1504 981 1574 videret
1021 1527 1156 1576 non
1195 1528 1392 1596 posse
1448 1528 1596 1575 eam
1649 1528 1689 1575 a
1738 1528 1863 1575 sua
1915 1505 2203 1596 perfidia
2238 1506 2562 1587 revocari,
2600 1506 2704 1574 in-

159 1591 335 1661 fecto
387 1596 658 1684 negotio
688 1607 788 1663 est
822 1616 1156 1664 reversus.
1197 1596 1396 1681 Atqui
1425 1595 1528 1662 vir
1556 1595 2147 1685 prudentissimus
2177 1617 2310 1664 non
2348 1595 2698 1685 ignorans,

162 1680 246 1750 de
285 1683 399 1750 Dei
434 1683 908 1753 misericordia
935 1705 1313 1769 numquam
1346 1684 1886 1773 desperandum,
1926 1684 2099 1753 alios
2130 1684 2549 1773 subrogavit,
2584 1682 2706 1771 qui

160 1768 335 1840 illud
380 1772 909 1861 praedicationis
957 1771 1262 1842 officium
1306 1772 1678 1862 explerent,
1735 1772 2252 1843 Willibrordum
2307 1773 2373 1807 *⁸
2432 1777 2705 1873 Aposto-

166 1858 337 1927 licae
377 1861 637 1961 gratiae
674 1861 1175 1950 presbyterum,
1214 1883 1535 1948 eumque,
1574 1861 1659 1930 de
1696 1884 1832 1948 quo
1863 1862 2187 1943 diximus,
2234 1861 2702 1933 clarissimum

164 1947 415 2019 Christi
455 1949 912 2019 confessorem
960 1949 1443 2020 Adalbertum:
1484 1950 1831 2041 adjunctis
1863 1951 1946 2021 iis
1981 1951 2213 2020 decem
2250 1951 2430 2031 aliis,
2465 1950 2705 2020 eodem

166 2035 325 2105 fidei
376 2039 601 2108 calore
648 2038 1111 2108 ferventibus:
1165 2061 1245 2107 ex
1276 2039 1533 2125 quibus
1581 2038 1901 2108 nonnulli
1942 2052 2094 2129 post
2130 2039 2550 2141 multiplices
2589 2061 2705 2108 su·

166 2127 381 2215 scepti
425 2127 681 2197 laboris
730 2149 1007 2219 agones,
1057 2128 1368 2218 martyrii
1464 2127 1720 2198 almam
1763 2128 1991 2220 adepti
2027 2142 2210 2210 sunt,
2266 2128 2384 2199 alii
2425 2129 2492 2197 in
2540 2150 2707 2217 pon-

166 2212 383 2283 tifices
435 2217 761 2316 promoti,
802 2239 961 2286 cum
1007 2217 1354 2307 praeclare
1395 2217 1412 2284 i
1451 2217 1514 2287 lo
1578 2239 1863 2287 munere
1922 2216 2260 2308 perfuncti
2316 2231 2565 2298 essent,
2633 2215 2705 2284 in

164 2323 330 2389 pace
375 2317 808 2391 quieverunt.

249 2393 285 2477 ἓ
341 2397 434 2465 3.
494 2394 551 2463 Ii
597 2416 759 2484 ergo
823 2393 1244 2464 Christianae
1305 2394 1660 2484 religionis
1731 2408 2264 2485 propagatoreS,
2325 2416 2704 2482 sacraeque

158 2477 321 2549 fidei
365 2496 932 2574 propugnatoreS,
989 2495 1125 2552 tam
1152 2483 1360 2572 jussu
1402 2483 1639 2585 patris,
1680 2506 1884 2571 quam
1924 2507 2051 2555 sua
2092 2484 2438 2555 voluntate
2477 2494 2540 2553 et
2590 2482 2705 2552 de-

160 2567 565 2641 liberatione
631 2572 711 2641 ad
785 2578 962 2642 Evan
1018 2570 1131 2641 elii
1182 2572 1628 2672 praedicandi
1677 2595 1853 2663 opus
1903 2573 2291 2653 inhiantes,
2358 2572 2707 2663 superatis

164 2659 395 2751 pelagi
493 2661 807 2743 ericuliS,
860 2684 979 2732 coe
1010 2662 1137 2732 esti
1188 2661 1326 2733 illis
1368 2661 1589 2752 gratia
1638 2662 2012 2752 aspirante,
2065 2673 2374 2753 optatum
2434 2673 2707 2751 portum

162 2750 428 2837 gratula
483 2750 654 2820 undi
705 2752 1009 2841 attigere.
1068 2755 1237 2820 Tum
1294 2773 1454 2820 vero
1502 2752 1567 2820 in
1620 2763 1870 2821 terram
1925 2752 2228 2842 egressi,
2312 2751 2709 2820 strenuissi-

164 2859 355 2907 mum
392 2844 805 2909 Francorum
845 2840 1229 2930 principem
1266 2839 1587 2931 Pipinum
1623 2839 1982 2910 adierunt:
2022 2863 2062 2910 a
2093 2862 2230 2927 quo
2276 2860 2438 2909 cum
2488 2839 2711 2909 multa

162 2928 537 2997 reverentia
585 2929 909 3019 suscepti,
963 2941 1027 2997 et
1076 2951 1197 3018 per
1236 2950 1439 2998 omne
1491 2940 1785 3018 tempuS,
1831 2951 1969 3016 quo
2018 2928 2205 3018 apud
2258 2928 2457 2997 illum
2509 2949 2710 2997 man-

165 3036 334 3098 sere,
387 3016 894 3088 humanissime
949 3029 1013 3086 et
1059 3017 1561 3087 officiosissime
1611 3018 1879 3088 tractati
1934 3030 2120 3088 sunt.
2173 3023 2379 3087 Porro
2435 3016 2556 3085 ubi
2596 3039 2710 3087 co-

166 3106 395 3192 gnovit
440 3106 775 3177 adventus
824 3105 1105 3176 illorum
1153 3128 1437 3176 causam
1487 3118 1550 3175 et
1601 3106 1794 3197 pium
1833 3107 2051 3178 animi
2090 3106 2546 3198 propositum,
2582 3106 2709 3175 mi·

164 3192 251 3261 sit
284 3193 442 3265 illos
499 3196 566 3263 in
620 3195 951 3276 Frisiam,
1011 3217 1218 3281 quam
1273 3216 1494 3287 nuper
1549 3196 1955 3285 subegerat,
2007 3208 2085 3266 ut
2147 3218 2273 3267 suo
2324 3195 2709 3265 ministerio

164 3296 430 3435 gentem
491 3283 685 3353 illam
753 3284 1016 3354 Christo
1080 3283 1612 3365 lucrifacerent,
1670 3285 1893 3375 ipsius
1950 3285 2291 3377 principis
2339 3282 2710 3374 praesidiis

192 3370 390 3451 ultos,
442 3384 508 3442 et
554 3373 955 3444 auctoritate
1004 3372 1329 3442 munitos.
1378 3378 1687 3461 Cumque
1728 3373 1986 3465 egregii
2035 3373 2137 3442 illi
2188 3372 2706 3444 rationabilium

168 3461 511 3531 novalium
568 3461 886 3535 cultores.
930 3462 1138 3562 jactis
1201 3462 1611 3543 seminibuS,
1665 3484 1702 3531 e
1751 3485 1877 3533 suo
1925 3461 2159 3532 labore
2208 3461 2516 3532 viderent
2561 3460 2708 3532 fru-

213 3571 327 3618 um
376 3551 800 3621 incrementa
845 3562 1175 3631 existere,
1248 3551 1759 3622 communicato
1807 3551 1987 3621 inter
2033 3573 2106 3621 se
2152 3550 2489 3632 consilio,
2543 3572 2708 3621 cum

215 3656 341 3707 ona
389 3639 585 3709 venia
632 3640 971 3731 Principis
1019 3639 1270 3741 Pipini,
1324 3652 1643 3711 sanctum
1678 3639 2200 3711 Willibrordum
2252 3640 2532 3711 mittunt
2570 3644 2705 3710 Ro-

171 3738 370 3809 mam,
405 3751 444 3799 a
474 3730 792 3800 Praesule
820 3728 1203 3820 Apostolico
1233 3729 1302 3797 in
1334 3728 1748 3819 Episcopum
1786 3729 2354 3819 promovendum.
2392 3728 2516 3799 Ille
2549 3750 2707 3798 vero

172 3830 249 3880 ea
283 3815 609 3907 dignitate
656 3830 974 3900 ornatus,
1008 3817 1094 3888 ad
1136 3830 1456 3910 coeptum
1507 3818 1683 3888 redit
1730 3840 1930 3909 opuS,
1970 3818 2344 3906 sedemque
2386 3816 2708 3910 Episcopi

177 3903 349 3994 apud
397 3907 776 3997 Trajectum
829 3919 1135 3978 castrum
1176 3906 1475 3977 obtinet:
1523 3908 1728 3977 cu’us
1776 3928 1954 3996 quae
1984 3905 2193 3979 fuerit
2218 3908 2380 3989 vita,
2410 3906 2533 3996 qui
2552 3907 2706 3997 ejus

177 4006 244 4053 ln
275 3995 726 4076 praedicando
765 3996 880 4066 Dei
926 3997 1133 4066 verbo
1182 3997 1469 4067 sudores
1501 4007 1567 4067 et
1624 3996 1893 4079 aboreS,
1930 3996 2187 4086 quibus
2220 3996 2546 4067 claruerit
2574 3996 2707 4065 mi-

179 4078 444 4164 raculis,
483 4083 542 4152 si
590 4084 747 4172 quis
800 4106 1001 4156 nosse
1050 4084 1231 4167 velit,
1284 4097 1507 4176 potest
1551 4106 1633 4156 ex
1681 4084 1860 4157 libro
1907 4098 2260 4187 gestorum
2302 4086 2452 4177 ejus
2510 4085 2707 4156 lucu-

180 4160 387 4237 lenter
433 4173 681 4265 scripto
712 4229 727 4255 ,
798 4173 1204 4265 perdiscere.
1259 4178 1391 4246 Nos
1488 4197 1660 4245 auca
1710 4176 1879 4246 haec
1927 4198 1997 4245 in
2050 4176 2519 4247 testimonium
2568 4173 2705 4244 vir-

183 4260 397 4324 tutum
437 4262 853 4335 sanctissimi
887 4263 1100 4354 patris
1131 4264 1348 4335 nostri
1376 4269 1423 4334 Α
1475 4264 1721 4336 alberti
1763 4287 2304 4337 commemorare
2328 4264 2697 4347 voluimus,

233 4413 256 4433 2.

235 4416 415 4511 nngoel‘.)
428 4428 495 4513 *hl
507 4433 620 4526 1:33⁰,
638 4480 744 4521 vide
764 4483 810 4521 et
832 4481 1021 4522 Surium
1039 4491 1199 4525 mense
1221 4479 1389 4524 martio
1409 4492 1454 4532 p.
1478 4481 1541 4531 11,
1560 4482 1617 4524 de
1637 4482 1682 4524 S.
1707 4482 1967 4526 switberto.
