3357 4995
714 339 842 404 568
1381 355 1460 401 mr.
1506 354 1558 401 s.
1613 353 1857 401 qumo
1903 353 2160 401 numm.
2213 354 2411 402 Emsc.
2814 338 3035 402 JUNII
3090 340 3179 403 25

623 442 1109 511 annuntiabitis
1142 451 1326 508 etc...
1360 451 1437 507 ut
1473 459 1646 525 quos
1683 460 1841 508 cum
1877 437 2140 507 Christo
2172 439 2384 508 unius
2424 438 2768 527 passionis
2800 461 3013 509 causa
3054 440 3177 510 de·-

621 529 956 609 vinxerat,
996 529 1211 600 unius
1258 527 1464 597 etiam
1494 526 1622 595 loci
1658 526 1901 614 religio
1939 526 2403 617 copularet....
2427 557 2448 590 ο

708 620 745 705 ξ
795 623 938 690 21.
994 618 1227 687 Merito
1267 628 1621 706 propterea
1655 620 1720 684 S.
1778 615 2135 696 Maximus,
2173 616 2528 688 communi
2578 628 2883 687 veterum
2928 639 3175 687 recen-

623 707 1013 792 tiorumque
1073 705 1501 776 eruditorum
1566 703 1929 784 sententia,
1994 705 2064 772 in
2117 704 2410 774 dicendo
2457 704 2544 773 ad
2595 705 2932 796 populum
2989 706 3174 776 nulli

622 817 788 866 suae
821 794 1059 864 aetatis
1109 794 1456 864 secundus
1503 792 1783 873 dicitur,
1824 792 2000 862 etad
2043 791 2432 863 docendum
2482 815 2561 863 ex
2595 808 2899 883 tempore
2934 796 3170 884 perin-

624 884 881 974 signis;
936 882 1176 952 merito
1212 886 1276 951 S.
1334 887 1540 951 Mater
1579 881 1881 951 Ecclesia
1927 883 2076 972 eJus
2125 882 2403 971 scripta,
2443 882 2626 970 quod
2666 904 2979 953 summae
3041 907 3173 955 au—

624 971 954 1043 ctoritatis
978 984 1102 1049 est,
1143 973 1211 1040 in
1238 970 1575 1060 liturgicis
1604 970 1802 1040 libris
1840 970 2126 1060 legenda
2156 973 2478 1060 suscepit.
2517 976 2606 1053 Is,
2663 972 2902 1040 merito
2935 972 3168 1060 ajunt,

626 1060 845 1131 multa
876 1060 1187 1130 doctrina
1233 1073 1297 1129 et
1350 1060 1574 1128 nativa
1607 1059 1999 1145 eloquentia
2053 1059 2476 1149 praeclaruS,
2546 1060 2766 1149 copia,
2819 1060 3170 1162 elegantia

626 1163 692 1219 et
738 1149 1091 1230 suavitate,
1146 1149 1477 1218 lectorum
1525 1148 1795 1216 animos
1835 1160 2147 1236 occupat,
2197 1150 2689 1218 sententiarum
2731 1171 3055 1218 acumine
3105 1164 3171 1220 et

627 1238 957 1309 orationis
989 1238 1317 1327 gravitate
1366 1236 1718 1306 devinctos
1755 1247 1953 1306 tenet.
2002 1237 2264 1324 Ubique
2294 1237 2548 1306 divinis
2598 1237 2812 1308 literis
2854 1260 2974 1327 pro
3012 1239 3172 1308 fun·

627 1327 948 1396 damento
1010 1348 1204 1405 usuS‚
1258 1348 1373 1394 eas
1422 1324 1813 1411 frequenter
1861 1324 2138 1413 profert,
2194 1348 2231 1393 a
2288 1327 2553 1397 tissima
2600 1325 2880 1406 delibat,
2941 1339 3008 1396 et
3059 1329 3169 1398 in—

628 1417 909 1505 geniosa
926 1414 1246 1483 facilitate
1277 1413 1619 1503 explanat,
1647 1437 1727 1482 ac
1759 1414 1865 1483 vix
1897 1436 2206 1500 unquam
2258 1436 2458 1483 ocum
2496 1416 2886 1504 scripturae
2914 1415 3168 1507 allegat

674 1526 833 1573 uem
884 1525 1017 1572 non
1049 1503 1376 1571 continuo
1404 1501 1723 1581 declaret,
1760 1515 1836 1571 ut
1879 1525 2078 1572 verus
2117 1525 2365 1573 sensus
2395 1504 2631 1589 visque
2675 1504 3015 1592 probandi
3046 1528 3169 1594 pa-

626 1526 832 1671 ilefiat,
890 1614 976 1660 ne
1012 1590 1485 1661 tantummodo
1534 1612 1746 1660 sonus
1798 1591 1984 1660 verbi
2018 1591 2234 1660 divini
2263 1614 2465 1661 aures
2499 1591 2745 1682 pulset,
2780 1592 2897 1661 sed
2939 1596 3169 1688 magis

627 1683 898 1749 interna
946 1679 1255 1771 ejusdem
1308 1680 1523 1750 virtus
1553 1681 1821 1748 animos
1897 1691 2174 1750 enetret.
2223 1685 2286 1749 S.
2323 1680 2784 1771 Augustinum
2809 1693 2873 1750 et
2905 1687 2969 1750 S.
3009 1689 3168 1750 Am·

627 1769 936 1840 brosium
979 1768 1460 1838 celeberrimos
1509 1778 1673 1837 tunc
1725 1773 1852 1838 Ecc
1883 1768 2064 1838 esiae
2096 1769 2369 1838 Latinae
2423 1775 2734 1839 Doctores
2761 1781 2964 1856 atque
2997 1774 3165 1839 Ora-

628 1871 807 1927 tores
847 1858 1154 1927 imitatus
1186 1870 1308 1936 est,
1341 1856 1527 1926 unde
1574 1857 1743 1926 forte
1792 1857 2046 1927 factum
2086 1871 2188 1926 est
2221 1871 2296 1926 ut
2334 1870 2428 1928 tot
2476 1863 2541 1926 S.
2584 1858 2856 1927 Maximi
2891 1864 3166 1928 Sermo-

628 1968 751 2015 nes
782 1947 958 2016 inter
981 1967 1220 2015 eorum
1253 1950 1471 2033 Opera
1520 1945 1945 2045 irrepserint,
1975 1968 2150 2033 quos
2183 1946 2463 2016 demum
2494 1947 2732 2015 critica
2775 1949 3167 2018 accuratior

629 2047 864 2104 sancto
912 2035 1203 2106 Antistiti
1255 2047 1486 2104 nostro
1522 2035 1839 2114 restituit,
1876 2034 2040 2103 dum
2076 2035 2212 2104 alia
2237 2034 2457 2104 eidem
2509 2057 2866 2125 perperam
2906 2036 3167 2107 tributa

628 2123 728 2190 vel
794 2124 1076 2193 omnino
1125 2124 1356 2213 rejecit
1405 2123 1505 2190 vel
1576 2123 1752 2192 inter
1791 2122 2005 2193 dubia
2052 2123 2429 2193 collocavit.
2484 2122 2837 2195 Orationes
2889 2126 3162 2195 Maximi

628 2211 865 2281 breves
914 2224 1097 2292 sunt,
1144 2227 1207 2281 et
1253 2212 1372 2281 ubi
1415 2213 1802 2301 argumenti
1837 2212 2115 2282 ubertas
2162 2212 2230 2280 id
2271 2213 2537 2312 exigere
2569 2212 2949 2294 videbatur,
3007 2235 3163 2304 pro—

627 2301 811 2370 xima
858 2301 1003 2371 vice
1045 2300 1222 2370 idem
1254 2313 1657 2390 prosecutus
1686 2314 1807 2369 est.
1849 2300 2058 2369 Polite
2143 2314 2472 2370 eneratirn
2516 2300 2752 2382 fluide,
2787 2301 3158 2392 eleganter,

628 2390 929 2489 ingenue
954 2402 1019 2459 et
1052 2412 1331 2458 nervose
1361 2389 1668 2458 scribens
1689 2402 1754 2458 et
1787 2402 2057 2460 sanctae
2089 2324 2439 2459 doctrinae
2487 2412 2525 2457 a
2556 2390 2870 2459 Patribus
2902 2405 2965 2460 et
2992 2396 3165 2460 Con-

629 2477 809 2547 ciliis
872 2477 1157 2550 traditae
1203 2491 1592 2548 constanter
1656 2478 2045 2558 inhaerens,
2103 2492 2203 2548 est
2243 2484 2306 2548 S.
2361 2479 2805 2550 Taurinensis
2871 2480 3166 2551 Antistes

631 2568 840 2667 probe
890 2568 1372 2646 admirandus;
1425 2582 1489 2636 et
1547 2568 1600 2637 si
1643 2567 1921 2653 quando
1970 2568 2237 2637 videtur
2276 2569 2499 2637 verbis
2546 2568 2808 2638 effusus
2855 2571 2924 2636 in
2975 2570 3164 2638 idem

631 2668 878 2725 lterum
930 2658 1313 2742 iterumque
1370 2656 1612 2736 redire,
1653 2656 1722 2724 id
1766 2656 2122 2726 rudiorum
2171 2657 2425 2745 captui,
2493 2679 2791 2743 quorum
2843 2656 3164 2747 prosecti-

630 2745 762 2814 bus
810 2746 1119 2835 impense
1169 2749 1232 2812 S.
1298 2745 1538 2834 Episco
1594 2768 1675 2813 us
1744 2744 2100 2823 studebat,
2175 2758 2352 2814 certe
2400 2746 2761 2825 conduxit;
2814 2757 3160 2815 caeterum

630 2834 781 2922 ejus
828 2833 1034 2902 dictio
1066 2846 1166 2902 est
1214 2833 1469 2919 ubique
1566 2832 1786 2903 electu
1835 2834 2324 2904 sententiarum
2381 2835 2739 2903 instructa.

718 2924 755 3009 ξ
807 2926 964 2993 22.
1020 2928 1110 2991 Ex
1159 2921 1359 2990 dictis
1410 2921 1709 3011 profecto
1743 2935 1926 3022 patet
1972 2944 2177 3009 quam
2230 2922 2526 3013 diligens
2588 2923 2916 2992 Maximus
2954 2921 3169 2992 fuerit

633 3011 704 3077 in
740 3010 1160 3080 instituendo
1190 3009 1442 3101 populo
1483 3010 1852 3100 disciplina
1890 3032 2181 3079 morum.
2216 3012 2905 3081 Animadvertendum
2930 3024 3164 3085 autem

631 3099 702 3165 in
737 3099 985 3188 primis
1030 3099 1244 3179 duxit,
1304 3099 1773 3177 sacerdotum,
1808 3100 2297 3190 Episcoporum
2346 3101 2742 3189 praesertim
2784 3101 2849 3168 id
2905 3122 3170 3170 munus

630 3208 779 3258 esse
816 3188 1194 3276 proprium,
1242 3201 1314 3256 ut
1342 3188 1688 3257 veritatem
1789 3189 1966 3257 alam
2024 3187 2435 3279 praedicent,
2479 3212 2556 3258 ac
2606 3189 2664 3258 si
2711 3189 2877 3276 quid
2926 3188 3170 3259 inferri

630 3276 824 3365 pravi
871 3276 1333 3366 cognoverint,
1389 3276 1718 3366 reprehen
1774 3289 1892 3346 ant
1937 3298 2017 3345 ac
2055 3278 2322 3367 penitus
2353 3276 2562 3347 deleri
2612 3290 2874 3347 curent.
2912 3281 3172 3347 Caven-

632 3363 798 3432 dum
852 3386 1028 3445 vero,
1067 3364 1154 3433 iis
1181 3365 1302 3450 qui
1334 3378 1684 3453 praesunt,
1731 3366 2060 3456 majorem
2097 3366 2163 3434 in
2200 3365 2484 3437 modum
2514 3389 2684 3444 esse,
2728 3388 2812 3434 ne
2863 3366 3170 3436 nimium

631 3464 751 3521 aut
797 3453 1013 3522 severi
1053 3454 1190 3523 sint
1236 3467 1355 3522 aut
1405 3453 1863 3544 indulgentes.
1911 3455 2313 3544 Prophetam
2371 3457 2574 3525 etiam
2627 3456 2902 3544 petiisse
2964 3455 3170 3543 (vide

632 3541 883 3611 Homil.
923 3542 991 3610 in
1043 3547 1147 3610 Ps.
1196 3548 1344 3623 ⁴⁴8,
1385 3543 1565 3637 circa
1613 3544 1851 3612 versic.
1892 3545 2260 3612 Bonitatem
2294 3556 2356 3613 et
2405 3545 2831 3635 dz‘sczplt'nam
2865 3556 2925 3613 et
2956 3547 3169 3614 scien·

632 3631 796 3699 tiam
852 3632 1005 3700 doce
1060 3635 1208 3714 me)
1244 3653 1278 3697 «
1318 3643 1392 3699 ut
1442 3643 1670 3700 nosset
1723 3632 2015 3701 scienter
2048 3633 2525 3721 sapienterque
2571 3632 2996 3722 distinguere
3043 3634 3171 3719 qui

632 3718 771 3786 sint
818 3720 1093 3788 termini
1146 3720 1492 3800 bonitatis,
1547 3732 1610 3789 et
1659 3742 1864 3808 quam
1902 3720 2143 3789 debeat
2190 3720 2441 3789 habere
2491 3721 2834 3790 medicina
2883 3743 3168 3791 mensu—

630 3828 806 3885 ram,
847 3830 929 3877 ne
962 3808 1128 3877 forte
1162 3821 1281 3877 aut
1310 3809 1564 3878 nimiae
1614 3809 2040 3879 remissionis
2064 3809 2225 3880 vitio
2259 3809 2648 3878 inconsulta
2681 3808 3012 3889 foedetur,
3043 3822 3170 3879 aut

631 3894 1003 3986 disciplina
1050 3896 1288 3965 durior
1329 3898 1350 3965 i
1403 3918 1478 3965 sa
1526 3898 1633 3967 sui
1667 3898 2060 3967 austeritate
2088 3898 2556 3967 erubescat....
2589 3903 2759 3967 Eum
2792 3898 2914 3985 qui
2941 3899 3172 3968 bonus

630 4004 780 4053 esse
810 3985 1118 4074 peccanti
1146 3984 1323 4066 velit,
1414 3986 1664 4077 enigne
1695 3986 1975 4073 quidem
2024 3986 2277 4066 facere;
2312 4008 2348 4053 »
2380 3987 2496 4056 sed
2531 3998 2607 4055 ut
2641 3987 2893 4056 bonum
2934 4008 3168 4055 revera

633 4070 859 4154 faciat,
915 4076 1137 4163 rigore
1189 4074 1290 4143 uti
1339 4073 1584 4144 debere
1643 4074 2053 4165 disciplinae
2099 4097 2237 4164 quo
2272 4098 2309 4141 «
2342 4097 2469 4145 sua
2526 4074 2627 4143 illi
2681 4074 2991 4164 proficiat
3040 4075 3167 4144 bo-

633 4160 812 4232 nitas
867 4162 938 4231 in
992 4162 1323 4242 salutem;
1375 4165 1641 4254 alioqui
1685 4164 2143 4254 perniciosam
2199 4163 2301 4233 illi
2353 4185 2504 4232 eam
2552 4163 2928 4233 bonitatem
2976 4162 3161 4243 fore,

634 4270 810 4337 quae
883 4251 1226 4340 permittat
1280 4252 1501 4341 perire
1561 4264 1992 4342 peccantem,
2048 4273 2253 4339 quem
2315 4252 2334 4319 i
2389 4273 2465 4320 sa
2522 4264 2834 4340 potuerat
2896 4250 3170 4321 salvare

636 4350 1042 4409 correctum.
1096 4344 1387 4420 Rursus,
1438 4343 1682 4431 inquit,
1738 4342 1796 4410 si
1844 4341 2059 4411 nimio
2120 4340 2343 4432 discip
2373 4340 2529 4409 inae
2588 4340 2820 4430 vigore
2891 4339 3168 4410 nullam

638 4429 945 4499 sanantis
991 4426 1314 4499 bonitatis
1350 4428 1814 4519 praetenderis
1866 4428 2325 4510 medicinam;
2366 4428 2534 4498 dum
2584 4440 2910 4499 terrorem
2960 4441 3170 4499 tuum
