3357 4995
253 354 473 422 JUNII
521 356 607 420 26
830 371 910 418 ns
958 371 1050 419 ss.
1101 370 1368 431 somus,
1422 370 1624 419 rAuLo
1670 371 1748 418 nr
1795 368 2039 420 amic.
2090 373 2206 420 mr.
2585 358 2712 422 585

255 457 667 539 sacrificare,
710 468 777 526 et
808 455 1054 537 nollet,
1091 455 1391 527 fustibus
1441 478 1685 526 caesus
1719 469 1982 547 martyr
2002 457 2284 528 effectus
2328 468 2455 542 est,
2517 459 2804 548 eJusque

254 568 508 638 corpus
558 547 625 615 in
675 544 913 615 eadem
955 545 1128 615 urbe
1166 545 1532 615 Christiani
1581 544 1957 616 honorifice
2003 545 2440 617 tumularunt
2469 546 2527 617 ⁴.

341 638 380 724 ἓ
425 639 505 708 8.
560 640 767 705 Porro
813 656 970 705 vero
1016 633 1366 714 Julianus,
1424 646 1669 725 captus
1715 635 2092 725 cupiditate
2147 635 2481 726 sacrilega
2511 690 2530 719 ‚
2584 638 2804 706 avari-

257 726 388 796 tiae
455 746 622 795 suae
689 723 1034 813 Evangelii
1087 723 1504 792 sententiam
1555 725 2010 814 praetexebat.
2066 724 2449 795 Facultates
2494 726 2679 795 enim
2739 737 2805 796 et

252 812 671 916 patrimonia
733 812 1139 883 Christianis
1194 810 1513 882 auferens
1545 867 1560 892 ‚
1619 811 1942 882 dicebat:
1998 813 2310 883 Christus
2368 828 2589 884 vester
2634 814 2804 885 dicit

252 925 325 973 m
376 901 781 993 Evangelio:
836 904 967 986 Qui
1002 925 1133 971 non
1160 904 1515 971 renunciat
1560 902 1868 971 omnibus
1893 925 2070 993 quae
2094 903 2409 994 possidet,
2442 926 2574 973 non
2585 914 2804 996 potest

251 1014 437 1062 meus
482 1012 621 1061 esse
668 991 1063 1082 discipulus.
1117 990 1429 1060 Pervenit
1473 1003 1703 1059 autem
1754 989 1840 1059 ad
1883 1011 2070 1071 eum,
2127 990 2418 1061 Paulum
2470 1004 2544 1062 et
2588 997 2799 1061 Joan-

253 1101 412 1149 nem
477 1078 786 1167 quotidie
847 1079 1087 1150 turbas
1149 1078 1695 1150 Christianorum
1758 1100 2147 1170 pauperum
2212 1100 2517 1150 recreare
2584 1102 2664 1151 ex
2712 1081 2800 1150 iis

251 1168 504 1261 opibus
549 1189 725 1255 quas
772 1168 1235 1239 sacratissima
1280 1166 1470 1258 virgo
1501 1167 1747 1238 Christi
1778 1168 2168 1240 Constantia
2216 1167 2626 1256 reliquisset.
2661 1175 2797 1239 Ita-

252 1279 387 1345 que
435 1257 624 1326 misit
669 1255 757 1326 ad
797 1279 915 1327 eos
961 1256 1082 1344 qui
1129 1255 1438 1326 dicerent
1469 1256 1626 1326 illos
1672 1256 1921 1326 debere
1970 1257 2104 1348 ipsi
2149 1256 2546 1328 adhaerere.
2583 1263 2660 1328 At
2693 1258 2797 1327 illi

252 1345 806 1436 responderunt:
848 1370 877 1411 ι
913 1345 1242 1415 Homines
1291 1345 1658 1415 Christiani
1705 1368 1977 1416 sumus.
2030 1350 2375 1446 Augustae
2426 1347 2795 1417 memoriae

254 1435 743 1505 Constantinus
796 1448 862 1504 et
906 1436 1057 1523 ejus
1105 1433 1327 1504 liberi.
1381 1457 1541 1505 curn
1583 1439 1930 1526 Augustae
1963 1434 2323 1525 dignitatis
2372 1437 2637 1523 apicem
2687 1448 2798 1506 or-

257 1536 542 1604 narent,
594 1535 662 1594 et
709 1545 780 1593 se
827 1522 1074 1593 Christi
1125 1543 1356 1595 servos
1402 1522 1910 1614 gloriarentur,
1979 1545 2106 1593 nos
2169 1523 2452 1594 illorum
2504 1524 2795 1616 imperio

252 1611 792 1684 famulabamur.
846 1611 954 1681 Illi
1009 1612 1195 1681 enim
1253 1625 1496 1683 euntes
1546 1612 1614 1681 in
1665 1612 2054 1689 ecclesiam,
2113 1613 2337 1702 posito
2375 1613 2790 1695 diademate,

252 1700 339 1772 ad
379 1699 810 1772 adorandum
861 1705 1073 1771 Deum
1123 1700 1324 1791 proni
1372 1723 1445 1772 se
1492 1701 1848 1771 interram
1900 1701 2443 1791 prosternebant.
2488 1706 2567 1772 At
2606 1715 2792 1792 post-

254 1812 465 1878 quam
520 1789 828 1861 mundus
882 1789 1139 1880 dignus
1186 1810 1323 1860 non
1379 1787 1507 1859 fuit
1547 1789 1718 1860 tales
1764 1789 2017 1860 habere
2061 1794 2427 1881 AugustoS,
2500 1803 2567 1862 et
2620 1791 2794 1861 coeli

250 1899 368 1951 eos
407 1880 584 1949 inter
628 1877 920 1969 Angelos
965 1891 1441 1979 susceperunt,
1496 1878 1620 1948 tibi
1670 1900 1827 1949 vero
1874 1901 1915 1948 a
1963 1879 2356 1949 Constantio
2423 1880 2621 1970 regni
2682 1902 2793 1950 so-

257 1968 429 2038 lium
470 1966 827 2048 traditum,
865 1980 942 2037 tu
989 1967 1391 2058 religionem
1442 1967 1816 2039 virtutibus
1864 1966 2139 2058 plenam
2187 1967 2581 2051 deseruisti,
2625 1980 2691 2038 et
2715 1991 2795 2038 ea

253 2056 537 2127 sectaris
571 2077 747 2143 quae
791 2055 1092 2147 optimae
1130 2055 1309 2126 nosti
1342 2060 1475 2125 Deo
1524 2057 1812 2125 minime
1847 2056 2146 2147 probari.
2199 2062 2292 2126 Ea
2339 2057 2554 2147 igitur
2580 2062 2793 2128 causa

254 2156 318 2214 te
358 2143 657 2215 salutare
687 2144 1068 2227 noluimus,
1109 2145 1224 2214 sed
1254 2167 1295 2214 a
1342 2145 1659 2215 societate
1706 2145 1994 2235 Imperii
2025 2145 2125 2214 tui
2168 2167 2294 2216 nos
2321 2146 2598 2235 penitus
2623 2146 2792 2216 sub-

252 2233 605 2303 duximus.
661 2256 699 2300 »
745 2233 1071 2303 Julianus
1120 2255 1365 2304 rursus
1417 2233 1763 2303 mandavit
1810 2234 1947 2303 eis:
1978 2239 2116 2324 Ego
2145 2234 2350 2304 etiam
2380 2234 2787 2305 Clericatum

252 2321 326 2391 in
375 2322 678 2392 Ecclesia
735 2321 1030 2402 obtinui,
1092 2334 1160 2392 et
1205 2323 1265 2391 si
1309 2322 1708 2403 voluissem,
1768 2321 1853 2391 ad
1905 2323 2209 2413 primum
2251 2322 2593 2393 Ecclesiae
2687 2346 2793 2393 ra-

252 2410 422 2480 dum
474 2410 963 2503 pervenissem.
1038 2410 1165 2481 Sed
1237 2410 1685 2481 considerans
1735 2432 1988 2481 vanum
2037 2432 2225 2493 esse,
2279 2411 2536 2483 relictis
2583 2435 2654 2482 re
2706 2435 2792 2482 us

255 2499 664 2570 necessariis
694 2512 760 2570 et
787 2499 1110 2580 utilibus,
1151 2500 1467 2570 inertiam
1504 2500 1751 2571 sectari
1799 2512 1863 2569 et
1892 2501 2149 2582 ocium,
2203 2500 2289 2570 ad
2338 2501 2624 2571 bellicas
2673 2524 2789 2573 res

253 2589 564 2659 animum
615 2588 860 2680 appuli
896 2601 964 2659 et
999 2587 1138 2658 diis
1181 2589 1586 2672 sacrificavi,
1623 2610 1924 2677 quorum
1965 2587 2197 2660 favore
2251 2589 2336 2659 ad
2372 2591 2648 2681 imperii
2695 2590 2793 2660 fa-

254 2678 535 2769 stigium
590 2678 893 2769 perveni.
961 2676 1153 2747 Unde
1196 2678 1621 2778 perpendere
1653 2678 1920 2749 debetis
1949 2699 2248 2766 aequum
2302 2700 2437 2748 non
2491 2701 2664 2762 esse,
2717 2692 2796 2750 ut

253 2789 372 2839 vos
418 2768 488 2836 in
538 2766 703 2837 aula
740 2766 930 2858 regia
970 2766 1237 2848 nutriti,
1271 2766 1510 2837 desitis
1559 2767 1761 2838 lateri
1825 2787 2000 2848 mec,
2054 2767 2169 2836 sed
2239 2768 2468 2854 potius
2507 2768 2575 2837 id
2626 2790 2793 2839 con-

252 2878 521 2947 gruere,
559 2868 639 2926 ut
669 2856 932 2947 primos
978 2877 1095 2925 vos
1153 2855 1446 2926 habeam
1486 2857 1556 2925 in
1600 2856 1855 2948 palatio
1909 2877 2084 2926 meo.
2125 2855 2318 2938 Quod
2373 2858 2433 2926 si
2481 2868 2790 2927 contem-

254 2957 414 3038 ptus
461 2968 502 3015 a
548 2945 743 3015 vobis
790 2944 1031 3024 fuere,
1099 2965 1377 3014 necesse
1425 2945 1597 3014 mibi
1659 2945 1789 3015 erit
1847 2966 2048 3035 agere
2078 2999 2094 3026 ‚
2138 2955 2217 3014 ut
2254 2946 2603 3015 contemni
2653 2968 2787 3016 non

258 3034 541 3124 possim.
576 3033 837 3104 Paulus
866 3046 932 3103 et
958 3032 1256 3102 Joanncs
1284 3033 1642 3104 dixerunt:
1676 3057 1715 3101 «
1743 3039 1885 3104 Non
1918 3033 2044 3103 tibi
2082 3033 2260 3103 hanc
2290 3032 2586 3104 facimus
2611 3035 2794 3126 inju-

253 3121 474 3203 riam,
529 3135 608 3192 ut
660 3122 1241 3279 qualemcumque
1298 3121 1648 3193 bominem
1701 3123 1823 3193 tibi
1873 3120 2367 3213 praeferamus.
2424 3124 2790 3194 Dominum

254 3210 377 3281 tibi
405 3211 915 3302 anteponimuS,
957 3210 1079 3297 qui
1136 3211 1270 3281 ecit
1290 3210 1558 3281 coelum
1587 3223 1653 3282 et
1684 3224 1960 3292 terram,
2006 3232 2194 3281 mare
2243 3223 2310 3281 et
2337 3212 2573 3281 omnia
2612 3234 2791 3299 quae

253 3299 322 3369 in
371 3299 473 3370 eis
518 3313 703 3371 sunt.
757 3299 1025 3369 Idcirco
1069 3312 1299 3369 autem
1333 3313 1523 3370 tuam
1554 3300 1859 3371 hominis
1906 3299 2217 3370 mortalis
2264 3301 2643 3371 amicitiam
2671 3301 2787 3370 de—

252 3387 635 3469 clinamus,
692 3409 776 3459 ne
823 3388 895 3468 in
945 3387 1062 3457 Dei
1109 3388 1519 3460 immortalis
1575 3388 2014 3459 inimicitiam
2063 3389 2531 3459 incurramus.
2582 3394 2791 3462 Nosse

253 3475 471 3568 igitur
533 3488 596 3546 te
642 3476 961 3548 volumus
1010 3498 1389 3564 numquam
1453 3477 1538 3546 ad
1603 3490 1665 3547 te
1711 3476 2158 3548 salutandum
2206 3477 2309 3546 vel
2375 3477 2741 3548 colendum
2770 3533 2785 3561 ,

252 3587 421 3635 num
475 3586 640 3635 uam
680 3565 766 3635 ad
809 3564 1142 3656 palatium
1195 3578 1393 3636 tuum
1444 3588 1570 3635 nos
1606 3588 1757 3638 esse
1806 3578 2151 3636 venturos.
2197 3591 2225 3631 ι
2277 3565 2612 3637 Julianus
2681 3588 2787 3637 re-

251 3675 423 3745 spon
485 3654 573 3725 it:
625 3654 904 3725 Habetis
950 3675 990 3723 a
1039 3675 1147 3724 me
1193 3652 1430 3724 decem
1479 3654 1752 3726 dierum
1792 3654 2137 3737 inducias,
2191 3667 2269 3726 ut
2329 3654 2645 3725 animum
2681 3677 2791 3725 ve-

251 3755 485 3814 strum·
534 3754 1048 3835 componenteS‚
1101 3742 1531 3833 prudentiori
1601 3745 1712 3814 usi
1782 3742 2096 3825 consilio,
2167 3765 2304 3813 non
2362 3744 2617 3826 coacti,
2671 3743 2791 3815 sed

252 3830 433 3901 ultro
478 3832 566 3902 ad
617 3853 727 3902 me
772 3832 1004 3901 venire
1053 3832 1432 3902 maturetis.
1487 3832 1676 3915 Quod
1750 3833 1809 3903 si
1857 3831 1952 3902 ita
1999 3853 2135 3901 non
2186 3830 2506 3914 feceritiS,
2561 3845 2795 3923 postea

254 3919 357 3990 vel
405 3919 601 3991 inviti
633 3919 921 4000 iacietis,
962 3920 1144 4007 quod
1197 3932 1440 4010 sponte
1487 3942 1623 3990 non
1676 3919 1909 3991 vultis.
1966 3919 2222 3992 Paulus
2267 3933 2334 3992 et
2362 3921 2663 3992 Joannes
2687 3921 2796 3992 di-

253 4021 534 4080 xerunt:
578 4033 607 4075 ι
639 4009 792 4080 Jam
839 4008 998 4080 illos
1044 4008 1283 4078 decem
1330 4007 1776 4080 induciarum
1830 4008 1979 4079 dies
2033 4022 2198 4110 puta
2249 4009 2685 4110 praeteriisse
2731 4022 2798 4081 et

253 4095 439 4184 quod
486 4108 551 4167 te
613 4098 754 4169 illis
799 4096 1057 4188 elapsis
1109 4095 1452 4168 facturum
1518 4096 1842 4178 minaris,
1894 4095 2101 4168 hodie
2147 4098 2375 4170 facito.
2410 4099 2798 4170 »Julianus

254 4184 392 4255 ait:
444 4187 729 4269 PutatiS,
782 4184 966 4274 quod
1018 4197 1401 4276 martyrum
1462 4185 1611 4256 loco
1660 4207 1779 4256 vos
1826 4185 2196 4274 Christiani
2245 4188 2550 4260 habituri
2608 4188 2799 4259 sint'?

252 4277 333 4344 Et
376 4294 538 4345 cum
575 4273 706 4347 hoc
733 4275 1039 4358 dixisset,
1077 4274 1372 4345 surrexit
1397 4273 1640 4358 iratus,
1673 4274 1951 4346 dicens:
2004 4281 2163 4347 Post
2212 4277 2397 4348 diem
2444 4276 2790 4349 decimum

309 4490 337 4519 ⁸
366 4489 485 4531 Vide
511 4498 614 4541 ρος.
639 4492 854 4541 praeced.
884 4491 907 4542 3
934 4493 975 4538 ⁸,
1000 4494 1049 4533 et
1074 4490 1360 4534 marmot..
1387 4492 1481 4533 aul.
1508 4492 1552 4533 d.
1578 4500 1674 4535 xvt·
