<?xml version="1.0" encoding="UTF-8"?>
<!DOCTYPE html PUBLIC "-//W3C//DTD XHTML 1.0 Transitional//EN"
    "http://www.w3.org/TR/xhtml1/DTD/xhtml1-transitional.dtd">
<html xmlns="http://www.w3.org/1999/xhtml" xml:lang="en" lang="en">
 <head>
  <title>
</title>
<meta http-equiv="Content-Type" content="text/html;charset=utf-8" />
  <meta name='ocr-system' content='tesseract 3.04.00' />
  <meta name='ocr-capabilities' content='ocr_page ocr_carea ocr_par ocr_line ocrx_word'/>
</head>
<body>
  <div class='ocr_page' id='page_1' title='image "./historiaeseuvit02lippgoog_0161.png"; bbox 0 0 3357 4995; ppageno 0'>
   <div class='ocr_carea' id='block_1_1' title="bbox 206 322 2621 398">
    <p class='ocr_par' dir='ltr' id='par_1_1' title="bbox 206 322 2621 398">
     <span class='ocr_line' id='line_1_1' title="bbox 206 322 2621 398; baseline -0.002 -5"><span class='ocrx_word' id='word_1_1' title='bbox 206 327 388 393; x_wconf 76' lang='lat' dir='ltr'>JUNII</span> <span class='ocrx_word' id='word_1_2' title='bbox 435 327 475 391; x_wconf 87' lang='grc'>6</span> <span class='ocrx_word' id='word_1_3' title='bbox 870 341 949 398; x_wconf 72' lang='lat' dir='ltr'>nn</span> <span class='ocrx_word' id='word_1_4' title='bbox 996 341 1052 388; x_wconf 93' lang='lat' dir='ltr'>s.</span> <span class='ocrx_word' id='word_1_5' title='bbox 1106 337 1375 389; x_wconf 66' lang='lat' dir='ltr'>omnmo</span> <span class='ocrx_word' id='word_1_6' title='bbox 1414 336 1612 389; x_wconf 72' lang='lat' dir='ltr'>nmsc.</span> <span class='ocrx_word' id='word_1_7' title='bbox 1667 339 2003 388; x_wconf 60' lang='lat' dir='ltr'>msmrrmo</span> <span class='ocrx_word' id='word_1_8' title='bbox 2496 322 2621 387; x_wconf 77' lang='lat'>¹145</span> 
     </span>
    </p>
   </div>
   <div class='ocr_carea' id='block_1_2' title="bbox 129 423 2773 4514">
    <p class='ocr_par' dir='ltr' id='par_1_2' title="bbox 132 423 2728 2025">
     <span class='ocr_line' id='line_1_2' title="bbox 204 423 2710 520; baseline -0.002 -22"><span class='ocrx_word' id='word_1_9' title='bbox 204 429 475 520; x_wconf 84' lang='lat' dir='ltr'>jejuniis,</span> <span class='ocrx_word' id='word_1_10' title='bbox 525 426 928 517; x_wconf 82' lang='lat' dir='ltr'>diligentem</span> <span class='ocrx_word' id='word_1_11' title='bbox 984 426 1281 495; x_wconf 90' lang='lat' dir='ltr'>navabat</span> <span class='ocrx_word' id='word_1_12' title='bbox 1324 446 1605 515; x_wconf 82' lang='lat' dir='ltr'>operam</span> <span class='ocrx_word' id='word_1_13' title='bbox 1657 424 1874 495; x_wconf 86' lang='lat' dir='ltr'>sacris</span> <span class='ocrx_word' id='word_1_14' title='bbox 1921 423 2330 494; x_wconf 90' lang='lat' dir='ltr'>lectionibus</span> <span class='ocrx_word' id='word_1_15' title='bbox 2376 435 2443 494; x_wconf 91' lang='lat' dir='ltr'>et</span> <span class='ocrx_word' id='word_1_16' title='bbox 2491 424 2710 494; x_wconf 91' lang='lat' dir='ltr'>medi-</span> 
     </span>
     <span class='ocr_line' id='line_1_3' title="bbox 212 512 2715 597; baseline -0.002 -10"><span class='ocrx_word' id='word_1_17' title='bbox 212 517 569 597; x_wconf 85' lang='lat' dir='ltr'>tationibus,</span> <span class='ocrx_word' id='word_1_18' title='bbox 623 528 690 585; x_wconf 84' lang='lat' dir='ltr'>et</span> <span class='ocrx_word' id='word_1_19' title='bbox 737 526 812 584; x_wconf 91' lang='lat' dir='ltr'>ut</span> <span class='ocrx_word' id='word_1_20' title='bbox 848 536 1070 585; x_wconf 88' lang='lat' dir='ltr'>canon</span> <span class='ocrx_word' id='word_1_21' title='bbox 1103 515 1529 585; x_wconf 89' lang='lat' dir='ltr'>monasticus</span> <span class='ocrx_word' id='word_1_22' title='bbox 1554 512 1773 596; x_wconf 91' lang='lat' dir='ltr'>docet,</span> <span class='ocrx_word' id='word_1_23' title='bbox 1811 535 2046 583; x_wconf 89' lang='lat' dir='ltr'>verum</span> <span class='ocrx_word' id='word_1_24' title='bbox 2078 524 2145 582; x_wconf 93' lang='lat' dir='ltr'>et</span> <span class='ocrx_word' id='word_1_25' title='bbox 2172 526 2531 585; x_wconf 88' lang='lat' dir='ltr'>strenuum</span> <span class='ocrx_word' id='word_1_26' title='bbox 2566 535 2715 584; x_wconf 86' lang='lat' dir='ltr'>sese</span> 
     </span>
     <span class='ocr_line' id='line_1_4' title="bbox 212 601 2715 692; baseline -0.001 -18"><span class='ocrx_word' id='word_1_27' title='bbox 212 606 588 677; x_wconf 87' lang='lat' dir='ltr'>monachum</span> <span class='ocrx_word' id='word_1_28' title='bbox 639 604 1024 688; x_wconf 76' lang='lat' dir='ltr'>exhibebat.</span> <span class='ocrx_word' id='word_1_29' title='bbox 1083 603 1178 672; x_wconf 83' lang='lat' dir='ltr'>Ad</span> <span class='ocrx_word' id='word_1_30' title='bbox 1240 602 1471 673; x_wconf 89' lang='lat' dir='ltr'>divina</span> <span class='ocrx_word' id='word_1_31' title='bbox 1534 601 1950 673; x_wconf 89' lang='lat' dir='ltr'>celebranda</span> <span class='ocrx_word' id='word_1_32' title='bbox 2005 601 2230 671; x_wconf 85' lang='lat' dir='ltr'>officia</span> <span class='ocrx_word' id='word_1_33' title='bbox 2276 623 2518 673; x_wconf 90' lang='lat' dir='ltr'>omnes</span> <span class='ocrx_word' id='word_1_34' title='bbox 2567 602 2715 692; x_wconf 89' lang='lat' dir='ltr'>ipse</span> 
     </span>
     <span class='ocr_line' id='line_1_5' title="bbox 213 689 2714 785; baseline -0.002 -22"><span class='ocrx_word' id='word_1_35' title='bbox 213 696 410 785; x_wconf 83' lang='lat' dir='ltr'>templi</span> <span class='ocrx_word' id='word_1_36' title='bbox 457 695 779 784; x_wconf 89' lang='lat' dir='ltr'>ingressu</span> <span class='ocrx_word' id='word_1_37' title='bbox 805 691 1291 772; x_wconf 86' lang='lat' dir='ltr'>antevertebat,</span> <span class='ocrx_word' id='word_1_38' title='bbox 1347 704 1740 782; x_wconf 89' lang='lat' dir='ltr'>postremus</span> <span class='ocrx_word' id='word_1_39' title='bbox 1786 689 2099 761; x_wconf 89' lang='lat' dir='ltr'>omnium</span> <span class='ocrx_word' id='word_1_40' title='bbox 2137 713 2175 759; x_wconf 93' lang='lat' dir='ltr'>e</span> <span class='ocrx_word' id='word_1_41' title='bbox 2224 690 2479 781; x_wconf 91' lang='lat' dir='ltr'>templo</span> <span class='ocrx_word' id='word_1_42' title='bbox 2529 713 2714 760; x_wconf 91' lang='lat' dir='ltr'>rece-</span> 
     </span>
     <span class='ocr_line' id='line_1_6' title="bbox 209 778 2718 871; baseline -0 -20"><span class='ocrx_word' id='word_1_43' title='bbox 209 783 394 854; x_wconf 82' lang='lat' dir='ltr'><strong>debat.</strong></span> <span class='ocrx_word' id='word_1_44' title='bbox 437 787 652 871; x_wconf 80' lang='lat' dir='ltr'><strong>Atque</strong></span> <span class='ocrx_word' id='word_1_45' title='bbox 701 781 831 851; x_wconf 87' lang='lat' dir='ltr'>hac</span> <span class='ocrx_word' id='word_1_46' title='bbox 861 781 1144 850; x_wconf 85' lang='lat' dir='ltr'>-ratione</span> <span class='ocrx_word' id='word_1_47' title='bbox 1189 780 1360 850; x_wconf 89' lang='lat' dir='ltr'>adeo</span> <span class='ocrx_word' id='word_1_48' title='bbox 1407 792 1698 850; x_wconf 90' lang='lat' dir='ltr'>cunctos</span> <span class='ocrx_word' id='word_1_49' title='bbox 1744 780 1828 848; x_wconf 89' lang='lat' dir='ltr'>ad</span> <span class='ocrx_word' id='word_1_50' title='bbox 1885 779 2303 850; x_wconf 80' lang='lat' dir='ltr'><strong>monasticae</strong></span> <span class='ocrx_word' id='word_1_51' title='bbox 2363 778 2718 868; x_wconf 79' lang='lat' dir='ltr'>perfectio·</span> 
     </span>
     <span class='ocr_line' id='line_1_7' title="bbox 208 865 2712 964; baseline -0 -24"><span class='ocrx_word' id='word_1_52' title='bbox 208 874 295 942; x_wconf 88' lang='lat' dir='ltr'>nis</span> <span class='ocrx_word' id='word_1_53' title='bbox 323 871 731 964; x_wconf 87' lang='lat' dir='ltr'>provocabat</span> <span class='ocrx_word' id='word_1_54' title='bbox 758 865 1094 951; x_wconf 90' lang='lat' dir='ltr'>studium,</span> <span class='ocrx_word' id='word_1_55' title='bbox 1124 881 1203 938; x_wconf 89' lang='lat' dir='ltr'>ut</span> <span class='ocrx_word' id='word_1_56' title='bbox 1224 869 1639 960; x_wconf 81' lang='lat' dir='ltr'>InjuriosuS,</span> <span class='ocrx_word' id='word_1_57' title='bbox 1663 870 1817 959; x_wconf 76' lang='lat' dir='ltr'>eJus</span> <span class='ocrx_word' id='word_1_58' title='bbox 1844 868 2240 938; x_wconf 90' lang='lat' dir='ltr'>monasterii</span> <span class='ocrx_word' id='word_1_59' title='bbox 2275 881 2440 938; x_wconf 89' lang='lat' dir='ltr'>tunc</span> <span class='ocrx_word' id='word_1_60' title='bbox 2466 868 2712 950; x_wconf 84' lang='lat' dir='ltr'>Abbas,</span> 
     </span>
     <span class='ocr_line' id='line_1_8' title="bbox 205 957 2719 1048; baseline -0.002 -19"><span class='ocrx_word' id='word_1_61' title='bbox 205 962 289 1032; x_wconf 83' lang='lat' dir='ltr'>vir</span> <span class='ocrx_word' id='word_1_62' title='bbox 326 974 490 1034; x_wconf 80' lang='lat' dir='ltr'>sane</span> <span class='ocrx_word' id='word_1_63' title='bbox 517 959 770 1030; x_wconf 86' lang='lat' dir='ltr'>eximia</span> <span class='ocrx_word' id='word_1_64' title='bbox 818 970 965 1028; x_wconf 90' lang='lat' dir='ltr'>tum</span> <span class='ocrx_word' id='word_1_65' title='bbox 1017 958 1375 1029; x_wconf 84' lang='lat' dir='ltr'>sanctitate</span> <span class='ocrx_word' id='word_1_66' title='bbox 1406 972 1552 1027; x_wconf 90' lang='lat' dir='ltr'>tum</span> <span class='ocrx_word' id='word_1_67' title='bbox 1606 957 1997 1048; x_wconf 73' lang='lat' dir='ltr'>prudentia,</span> <span class='ocrx_word' id='word_1_68' title='bbox 2036 979 2196 1027; x_wconf 89' lang='lat' dir='ltr'>cum</span> <span class='ocrx_word' id='word_1_69' title='bbox 2235 957 2454 1027; x_wconf 92' lang='lat' dir='ltr'>multa</span> <span class='ocrx_word' id='word_1_70' title='bbox 2484 957 2719 1026; x_wconf 89' lang='lat' dir='ltr'>humi-</span> 
     </span>
     <span class='ocr_line' id='line_1_9' title="bbox 201 1045 2716 1138; baseline -0.001 -21"><span class='ocrx_word' id='word_1_71' title='bbox 201 1049 361 1121; x_wconf 89' lang='lat' dir='ltr'>litate</span> <span class='ocrx_word' id='word_1_72' title='bbox 404 1063 469 1120; x_wconf 90' lang='lat' dir='ltr'>et</span> <span class='ocrx_word' id='word_1_73' title='bbox 519 1047 852 1118; x_wconf 78' lang='lat' dir='ltr'>instantia</span> <span class='ocrx_word' id='word_1_74' title='bbox 901 1047 1396 1118; x_wconf 83' lang='lat' dir='ltr'>monasterium</span> <span class='ocrx_word' id='word_1_75' title='bbox 1424 1046 1598 1116; x_wconf 89' lang='lat' dir='ltr'>illud</span> <span class='ocrx_word' id='word_1_76' title='bbox 1637 1046 2018 1138; x_wconf 86' lang='lat' dir='ltr'>regendum</span> <span class='ocrx_word' id='word_1_77' title='bbox 2046 1046 2107 1115; x_wconf 93' lang='lat' dir='ltr'>ei</span> <span class='ocrx_word' id='word_1_78' title='bbox 2134 1045 2498 1116; x_wconf 86' lang='lat' dir='ltr'>obtulerit:</span> <span class='ocrx_word' id='word_1_79' title='bbox 2532 1046 2716 1132; x_wconf 89' lang='lat' dir='ltr'>quod</span> 
     </span>
     <span class='ocr_line' id='line_1_10' title="bbox 200 1134 2719 1224; baseline -0.001 -16"><span class='ocrx_word' id='word_1_80' title='bbox 200 1151 398 1208; x_wconf 87' lang='lat' dir='ltr'>tamen</span> <span class='ocrx_word' id='word_1_81' title='bbox 452 1137 558 1206; x_wconf 88' lang='lat' dir='ltr'>vir</span> <span class='ocrx_word' id='word_1_82' title='bbox 606 1150 890 1208; x_wconf 87' lang='lat' dir='ltr'>sanctus</span> <span class='ocrx_word' id='word_1_83' title='bbox 939 1134 1447 1207; x_wconf 80' lang='lat' dir='ltr'>modestissime</span> <span class='ocrx_word' id='word_1_84' title='bbox 1494 1135 1858 1206; x_wconf 90' lang='lat' dir='ltr'>recusavit.</span> <span class='ocrx_word' id='word_1_85' title='bbox 1898 1139 1975 1205; x_wconf 83' lang='lat' dir='ltr'>At</span> <span class='ocrx_word' id='word_1_86' title='bbox 2021 1146 2250 1204; x_wconf 78' lang='lat' dir='ltr'>tamen</span> <span class='ocrx_word' id='word_1_87' title='bbox 2296 1146 2451 1224; x_wconf 91' lang='lat' dir='ltr'>post</span> <span class='ocrx_word' id='word_1_88' title='bbox 2498 1156 2719 1206; x_wconf 89' lang='lat' dir='ltr'>annos</span> 
     </span>
     <span class='ocr_line' id='line_1_11' title="bbox 195 1222 2719 1316; baseline -0.002 -18"><span class='ocrx_word' id='word_1_89' title='bbox 195 1229 479 1316; x_wconf 91' lang='lat' dir='ltr'>quinque</span> <span class='ocrx_word' id='word_1_90' title='bbox 513 1224 855 1315; x_wconf 87' lang='lat' dir='ltr'>Injurioso</span> <span class='ocrx_word' id='word_1_91' title='bbox 886 1224 1140 1295; x_wconf 80' lang='lat' dir='ltr'>Abbate</span> <span class='ocrx_word' id='word_1_92' title='bbox 1170 1245 1327 1294; x_wconf 91' lang='lat' dir='ltr'>cum</span> <span class='ocrx_word' id='word_1_93' title='bbox 1382 1245 1635 1315; x_wconf 90' lang='lat' dir='ltr'>magna</span> <span class='ocrx_word' id='word_1_94' title='bbox 1674 1225 2076 1293; x_wconf 91' lang='lat' dir='ltr'>meritorum</span> <span class='ocrx_word' id='word_1_95' title='bbox 2127 1223 2325 1314; x_wconf 90' lang='lat' dir='ltr'>copia</span> <span class='ocrx_word' id='word_1_96' title='bbox 2355 1222 2438 1293; x_wconf 90' lang='lat' dir='ltr'>ad</span> <span class='ocrx_word' id='word_1_97' title='bbox 2492 1224 2719 1294; x_wconf 90' lang='lat' dir='ltr'>Domi-</span> 
     </span>
     <span class='ocr_line' id='line_1_12' title="bbox 199 1311 2719 1406; baseline -0.001 -23"><span class='ocrx_word' id='word_1_98' title='bbox 199 1338 346 1386; x_wconf 90' lang='lat' dir='ltr'>num</span> <span class='ocrx_word' id='word_1_99' title='bbox 397 1317 764 1406; x_wconf 85' lang='lat' dir='ltr'>migrante,</span> <span class='ocrx_word' id='word_1_100' title='bbox 816 1311 1238 1383; x_wconf 78' lang='lat' dir='ltr'>venerabiles</span> <span class='ocrx_word' id='word_1_101' title='bbox 1283 1311 1596 1400; x_wconf 88' lang='lat' dir='ltr'>ejusdem</span> <span class='ocrx_word' id='word_1_102' title='bbox 1645 1313 1960 1383; x_wconf 89' lang='lat' dir='ltr'>coenobii</span> <span class='ocrx_word' id='word_1_103' title='bbox 2013 1325 2239 1404; x_wconf 88' lang='lat' dir='ltr'>patres</span> <span class='ocrx_word' id='word_1_104' title='bbox 2286 1312 2485 1382; x_wconf 89' lang='lat' dir='ltr'>illum</span> <span class='ocrx_word' id='word_1_105' title='bbox 2541 1334 2719 1382; x_wconf 89' lang='lat' dir='ltr'>una-</span> 
     </span>
     <span class='ocr_line' id='line_1_13' title="bbox 198 1402 2722 1493; baseline -0.001 -19"><span class='ocrx_word' id='word_1_106' title='bbox 198 1405 454 1474; x_wconf 89' lang='lat' dir='ltr'>nimiter</span> <span class='ocrx_word' id='word_1_107' title='bbox 516 1402 872 1493; x_wconf 90' lang='lat' dir='ltr'>elegerunt</span> <span class='ocrx_word' id='word_1_108' title='bbox 911 1402 1045 1472; x_wconf 88' lang='lat' dir='ltr'>sibi</span> <span class='ocrx_word' id='word_1_109' title='bbox 1092 1402 1445 1483; x_wconf 82' lang='lat' dir='ltr'>Abbatem,</span> <span class='ocrx_word' id='word_1_110' title='bbox 1503 1402 1763 1489; x_wconf 90' lang='lat' dir='ltr'>quibus</span> <span class='ocrx_word' id='word_1_111' title='bbox 1810 1422 2013 1492; x_wconf 81' lang='lat' dir='ltr'>aegre</span> <span class='ocrx_word' id='word_1_112' title='bbox 2061 1402 2339 1471; x_wconf 89' lang='lat' dir='ltr'>tandem</span> <span class='ocrx_word' id='word_1_113' title='bbox 2390 1423 2722 1473; x_wconf 85' lang='lat' dir='ltr'>assensus</span> 
     </span>
     <span class='ocr_line' id='line_1_14' title="bbox 196 1489 2714 1580; baseline -0.001 -18"><span class='ocrx_word' id='word_1_114' title='bbox 196 1507 303 1563; x_wconf 91' lang='lat' dir='ltr'>est.</span> <span class='ocrx_word' id='word_1_115' title='bbox 344 1499 443 1564; x_wconf 90' lang='lat' dir='ltr'>Ita</span> <span class='ocrx_word' id='word_1_116' title='bbox 494 1491 822 1562; x_wconf 85' lang='lat' dir='ltr'>Claudius</span> <span class='ocrx_word' id='word_1_117' title='bbox 869 1503 1127 1576; x_wconf 88' lang='lat' dir='ltr'>quanto</span> <span class='ocrx_word' id='word_1_118' title='bbox 1168 1512 1240 1561; x_wconf 92' lang='lat' dir='ltr'>se</span> <span class='ocrx_word' id='word_1_119' title='bbox 1288 1489 1359 1558; x_wconf 94' lang='lat' dir='ltr'>in</span> <span class='ocrx_word' id='word_1_120' title='bbox 1409 1491 1539 1559; x_wconf 91' lang='lat' dir='ltr'>hoc</span> <span class='ocrx_word' id='word_1_121' title='bbox 1596 1489 1858 1560; x_wconf 90' lang='lat' dir='ltr'>mundo</span> <span class='ocrx_word' id='word_1_122' title='bbox 1913 1489 2069 1580; x_wconf 90' lang='lat' dir='ltr'>plus</span> <span class='ocrx_word' id='word_1_123' title='bbox 2125 1490 2428 1579; x_wconf 86' lang='lat' dir='ltr'>abjicere</span> <span class='ocrx_word' id='word_1_124' title='bbox 2478 1490 2714 1572; x_wconf 89' lang='lat' dir='ltr'>voluit,</span> 
     </span>
     <span class='ocr_line' id='line_1_15' title="bbox 196 1579 2714 1671; baseline -0.001 -20"><span class='ocrx_word' id='word_1_125' title='bbox 196 1580 800 1671; x_wconf 72' lang='lat' dir='ltr'>tanto-digniorem</span> <span class='ocrx_word' id='word_1_126' title='bbox 862 1600 935 1649; x_wconf 90' lang='lat' dir='ltr'>se</span> <span class='ocrx_word' id='word_1_127' title='bbox 981 1592 1047 1649; x_wconf 93' lang='lat' dir='ltr'>et</span> <span class='ocrx_word' id='word_1_128' title='bbox 1093 1579 1276 1669; x_wconf 91' lang='lat' dir='ltr'>apud</span> <span class='ocrx_word' id='word_1_129' title='bbox 1332 1584 1541 1648; x_wconf 85' lang='lat' dir='ltr'>Deum</span> <span class='ocrx_word' id='word_1_130' title='bbox 1606 1590 1672 1647; x_wconf 88' lang='lat' dir='ltr'>et</span> <span class='ocrx_word' id='word_1_131' title='bbox 1722 1579 2038 1649; x_wconf 88' lang='lat' dir='ltr'>homines</span> <span class='ocrx_word' id='word_1_132' title='bbox 2085 1580 2206 1665; x_wconf 90' lang='lat' dir='ltr'>qui</span> <span class='ocrx_word' id='word_1_133' title='bbox 2253 1579 2714 1659; x_wconf 81' lang='lat' dir='ltr'>exaltaretur,</span> 
     </span>
     <span class='ocr_line' id='line_1_16' title="bbox 195 1666 2725 1757; baseline -0.001 -18"><span class='ocrx_word' id='word_1_134' title='bbox 195 1671 416 1742; x_wconf 82' lang='lat' dir='ltr'>effecit.</span> <span class='ocrx_word' id='word_1_135' title='bbox 452 1668 651 1752; x_wconf 87' lang='lat' dir='ltr'>Quod</span> <span class='ocrx_word' id='word_1_136' title='bbox 683 1667 962 1756; x_wconf 89' lang='lat' dir='ltr'>quidem</span> <span class='ocrx_word' id='word_1_137' title='bbox 996 1689 1133 1737; x_wconf 87' lang='lat' dir='ltr'>non</span> <span class='ocrx_word' id='word_1_138' title='bbox 1173 1668 1435 1755; x_wconf 90' lang='lat' dir='ltr'>absque</span> <span class='ocrx_word' id='word_1_139' title='bbox 1463 1666 1700 1736; x_wconf 89' lang='lat' dir='ltr'>divina</span> <span class='ocrx_word' id='word_1_140' title='bbox 1748 1666 2263 1757; x_wconf 84' lang='lat' dir='ltr'>dispensatione</span> <span class='ocrx_word' id='word_1_141' title='bbox 2289 1669 2391 1737; x_wconf 87' lang='lat' dir='ltr'>&#39;ita</span> <span class='ocrx_word' id='word_1_142' title='bbox 2413 1669 2725 1737; x_wconf 88' lang='lat' dir='ltr'>evenisse</span> 
     </span>
     <span class='ocr_line' id='line_1_17' title="bbox 132 1755 2726 1848; baseline -0.002 -20"><span class='ocrx_word' id='word_1_143' title='bbox 132 1781 135 1786; x_wconf 77' lang='grc'><strong><em>’</em></strong></span> <span class='ocrx_word' id='word_1_144' title='bbox 195 1760 632 1838; x_wconf 80' lang='lat' dir='ltr'>existimatur,</span> <span class='ocrx_word' id='word_1_145' title='bbox 687 1769 764 1826; x_wconf 91' lang='lat' dir='ltr'>ut</span> <span class='ocrx_word' id='word_1_146' title='bbox 813 1756 960 1826; x_wconf 92' lang='lat' dir='ltr'>loco</span> <span class='ocrx_word' id='word_1_147' title='bbox 997 1755 1125 1836; x_wconf 89' lang='lat' dir='ltr'>illi,</span> <span class='ocrx_word' id='word_1_148' title='bbox 1163 1757 1235 1826; x_wconf 92' lang='lat' dir='ltr'>in</span> <span class='ocrx_word' id='word_1_149' title='bbox 1283 1777 1422 1843; x_wconf 89' lang='lat' dir='ltr'>quo</span> <span class='ocrx_word' id='word_1_150' title='bbox 1472 1755 1676 1825; x_wconf 89' lang='lat' dir='ltr'>multi</span> <span class='ocrx_word' id='word_1_151' title='bbox 1711 1756 2005 1826; x_wconf 86' lang='lat' dir='ltr'>floruere</span> <span class='ocrx_word' id='word_1_152' title='bbox 2036 1757 2396 1826; x_wconf 86' lang='lat' dir='ltr'>sanctitate</span> <span class='ocrx_word' id='word_1_153' title='bbox 2445 1757 2726 1848; x_wconf 87' lang='lat' dir='ltr'>conspi-</span> 
     </span>
     <span class='ocr_line' id='line_1_18' title="bbox 197 1843 2728 1936; baseline -0.001 -20"><span class='ocrx_word' id='word_1_154' title='bbox 197 1849 296 1918; x_wconf 87' lang='lat' dir='ltr'>cui</span> <span class='ocrx_word' id='word_1_155' title='bbox 340 1847 496 1928; x_wconf 85' lang='lat' dir='ltr'>viri,</span> <span class='ocrx_word' id='word_1_156' title='bbox 550 1846 757 1915; x_wconf 86' lang='lat' dir='ltr'>etiam</span> <span class='ocrx_word' id='word_1_157' title='bbox 798 1845 1285 1916; x_wconf 89' lang='lat' dir='ltr'>sanctissimus</span> <span class='ocrx_word' id='word_1_158' title='bbox 1331 1843 1906 1935; x_wconf 82' lang='lat' dir='ltr'>Archiepiscopus</span> <span class='ocrx_word' id='word_1_159' title='bbox 1960 1843 2482 1936; x_wconf 88' lang='lat' dir='ltr'>adjungeretur,</span> <span class='ocrx_word' id='word_1_160' title='bbox 2523 1859 2728 1933; x_wconf 88' lang='lat' dir='ltr'>atque</span> 
     </span>
     <span class='ocr_line' id='line_1_19' title="bbox 196 1932 1611 2025; baseline -0.001 -22"><span class='ocrx_word' id='word_1_161' title='bbox 196 1935 589 2006; x_wconf 81' lang='lat' dir='ltr'>indelocus</span> <span class='ocrx_word' id='word_1_162' title='bbox 637 1936 785 2025; x_wconf 90' lang='lat' dir='ltr'>ipse</span> <span class='ocrx_word' id='word_1_163' title='bbox 817 1933 1160 2024; x_wconf 90' lang='lat' dir='ltr'>insignior</span> <span class='ocrx_word' id='word_1_164' title='bbox 1189 1932 1611 2003; x_wconf 88' lang='lat' dir='ltr'>redderetur.</span> 
     </span>
    </p>

    <p class='ocr_par' dir='ltr' id='par_1_3' title="bbox 129 2017 2773 3973">
     <span class='ocr_line' id='line_1_20' title="bbox 269 2017 2728 2123; baseline -0.002 -26"><span class='ocrx_word' id='word_1_165' title='bbox 269 2027 303 2111; x_wconf 65' lang='grc' dir='ltr'>ἓ</span> <span class='ocrx_word' id='word_1_166' title='bbox 347 2031 440 2097; x_wconf 73' lang='grc'>6.</span> <span class='ocrx_word' id='word_1_167' title='bbox 502 2029 706 2094; x_wconf 91' lang='lat' dir='ltr'>Porro</span> <span class='ocrx_word' id='word_1_168' title='bbox 744 2034 974 2092; x_wconf 92' lang='lat' dir='ltr'>autem</span> <span class='ocrx_word' id='word_1_169' title='bbox 1023 2017 1416 2123; x_wconf 64' lang='lat' dir='ltr'>compffires</span> <span class='ocrx_word' id='word_1_170' title='bbox 1464 2023 1551 2093; x_wconf 87' lang='lat' dir='ltr'>ad</span> <span class='ocrx_word' id='word_1_171' title='bbox 1586 2023 1861 2092; x_wconf 90' lang='lat' dir='ltr'>beatum</span> <span class='ocrx_word' id='word_1_172' title='bbox 1899 2022 2121 2092; x_wconf 90' lang='lat' dir='ltr'>virum</span> <span class='ocrx_word' id='word_1_173' title='bbox 2157 2024 2550 2094; x_wconf 85' lang='lat' dir='ltr'>confluxere</span> <span class='ocrx_word' id='word_1_174' title='bbox 2585 2044 2728 2092; x_wconf 91' lang='lat' dir='ltr'>non</span> 
     </span>
     <span class='ocr_line' id='line_1_21' title="bbox 192 2109 2773 2200; baseline 0 -19"><span class='ocrx_word' id='word_1_175' title='bbox 192 2112 383 2182; x_wconf 91' lang='lat' dir='ltr'>modo</span> <span class='ocrx_word' id='word_1_176' title='bbox 427 2112 690 2194; x_wconf 88' lang='lat' dir='ltr'>clerici,</span> <span class='ocrx_word' id='word_1_177' title='bbox 755 2109 873 2182; x_wconf 90' lang='lat' dir='ltr'>sed</span> <span class='ocrx_word' id='word_1_178' title='bbox 921 2111 1126 2180; x_wconf 89' lang='lat' dir='ltr'>etiam</span> <span class='ocrx_word' id='word_1_179' title='bbox 1197 2111 1464 2181; x_wconf 85' lang='lat' dir='ltr'>nobiles</span> <span class='ocrx_word' id='word_1_180' title='bbox 1530 2122 1594 2181; x_wconf 92' lang='lat' dir='ltr'>et</span> <span class='ocrx_word' id='word_1_181' title='bbox 1650 2111 1855 2191; x_wconf 78' lang='lat' dir='ltr'>civeS,</span> <span class='ocrx_word' id='word_1_182' title='bbox 1913 2112 2293 2182; x_wconf 84' lang='lat' dir='ltr'>sanctitatis</span> <span class='ocrx_word' id='word_1_183' title='bbox 2340 2112 2490 2200; x_wconf 87' lang='lat' dir='ltr'>ejus</span> <span class='ocrx_word' id='word_1_184' title='bbox 2545 2109 2773 2182; x_wconf 68' lang='lat' dir='ltr'>fama.</span> 
     </span>
     <span class='ocr_line' id='line_1_22' title="bbox 191 2198 2729 2300; baseline -0 -31"><span class='ocrx_word' id='word_1_185' title='bbox 191 2201 411 2300; x_wconf 75' lang='lat' dir='ltr'>illecti,</span> <span class='ocrx_word' id='word_1_186' title='bbox 467 2203 806 2271; x_wconf 86' lang='lat' dir='ltr'>instanter</span> <span class='ocrx_word' id='word_1_187' title='bbox 835 2198 1067 2270; x_wconf 92' lang='lat' dir='ltr'>abillo</span> <span class='ocrx_word' id='word_1_188' title='bbox 1103 2199 1562 2270; x_wconf 90' lang='lat' dir='ltr'>monasticum</span> <span class='ocrx_word' id='word_1_189' title='bbox 1593 2200 1906 2269; x_wconf 89' lang='lat' dir='ltr'>habitum</span> <span class='ocrx_word' id='word_1_190' title='bbox 1939 2213 2351 2290; x_wconf 83' lang='lat' dir='ltr'>expetentes.</span> <span class='ocrx_word' id='word_1_191' title='bbox 2389 2205 2576 2283; x_wconf 88' lang='lat' dir='ltr'>Quos</span> <span class='ocrx_word' id='word_1_192' title='bbox 2609 2199 2729 2269; x_wconf 89' lang='lat' dir='ltr'>ille</span> 
     </span>
     <span class='ocr_line' id='line_1_23' title="bbox 192 2287 2724 2383; baseline -0 -25"><span class='ocrx_word' id='word_1_193' title='bbox 192 2291 941 2383; x_wconf 40' lang='lat' dir='ltr'>absque-personarum</span> <span class='ocrx_word' id='word_1_194' title='bbox 988 2310 1148 2358; x_wconf 89' lang='lat' dir='ltr'>acce</span> <span class='ocrx_word' id='word_1_195' title='bbox 1205 2290 1385 2358; x_wconf 88' lang='lat' dir='ltr'>tione</span> <span class='ocrx_word' id='word_1_196' title='bbox 1431 2287 1618 2358; x_wconf 90' lang='lat' dir='ltr'>haud</span> <span class='ocrx_word' id='word_1_197' title='bbox 1661 2287 2033 2359; x_wconf 87' lang='lat' dir='ltr'>difficulter</span> <span class='ocrx_word' id='word_1_198' title='bbox 2080 2288 2506 2369; x_wconf 87' lang='lat' dir='ltr'>admittebat,</span> <span class='ocrx_word' id='word_1_199' title='bbox 2543 2288 2724 2358; x_wconf 89' lang='lat' dir='ltr'>etad</span> 
     </span>
     <span class='ocr_line' id='line_1_24' title="bbox 192 2376 2726 2477; baseline 0 -29"><span class='ocrx_word' id='word_1_200' title='bbox 192 2378 621 2469; x_wconf 70' lang='lat' dir='ltr'>perfectionis</span> <span class='ocrx_word' id='word_1_201' title='bbox 684 2399 761 2447; x_wconf 90' lang='lat' dir='ltr'>ca</span> <span class='ocrx_word' id='word_1_202' title='bbox 814 2376 1103 2447; x_wconf 87' lang='lat' dir='ltr'>essenda</span> <span class='ocrx_word' id='word_1_203' title='bbox 1179 2377 1426 2468; x_wconf 83' lang='lat' dir='ltr'>astigia</span> <span class='ocrx_word' id='word_1_204' title='bbox 1473 2398 1915 2466; x_wconf 84' lang='lat' dir='ltr'>summopere</span> <span class='ocrx_word' id='word_1_205' title='bbox 1987 2378 2422 2477; x_wconf 83' lang='lat' dir='ltr'>provehebat.</span> <span class='ocrx_word' id='word_1_206' title='bbox 2480 2378 2726 2466; x_wconf 85' lang='lat' dir='ltr'>Cujus-</span> 
     </span>
     <span class='ocr_line' id='line_1_25' title="bbox 193 2464 2730 2557; baseline 0 -22"><span class='ocrx_word' id='word_1_207' title='bbox 193 2467 369 2538; x_wconf 89' lang='lat' dir='ltr'>modi</span> <span class='ocrx_word' id='word_1_208' title='bbox 416 2480 647 2538; x_wconf 88' lang='lat' dir='ltr'>autem</span> <span class='ocrx_word' id='word_1_209' title='bbox 709 2465 756 2537; x_wconf 89' lang='lat' dir='ltr'><strong>fi</strong></span> <span class='ocrx_word' id='word_1_210' title='bbox 791 2466 892 2536; x_wconf 92' lang='lat' dir='ltr'>ios</span> <span class='ocrx_word' id='word_1_211' title='bbox 947 2465 1291 2557; x_wconf 88' lang='lat' dir='ltr'>spiritales</span> <span class='ocrx_word' id='word_1_212' title='bbox 1347 2465 1490 2536; x_wconf 92' lang='lat' dir='ltr'>illic</span> <span class='ocrx_word' id='word_1_213' title='bbox 1536 2466 1920 2547; x_wconf 89' lang='lat' dir='ltr'>enutrierit,</span> <span class='ocrx_word' id='word_1_214' title='bbox 1992 2465 2062 2535; x_wconf 87' lang='lat' dir='ltr'>1d</span> <span class='ocrx_word' id='word_1_215' title='bbox 2107 2479 2412 2537; x_wconf 85' lang='lat' dir='ltr'>nostram</span> <span class='ocrx_word' id='word_1_216' title='bbox 2463 2464 2730 2536; x_wconf 86' lang='lat' dir='ltr'>excedit</span> 
     </span>
     <span class='ocr_line' id='line_1_26' title="bbox 193 2555 2726 2641; baseline -0.001 -16"><span class='ocrx_word' id='word_1_217' title='bbox 193 2556 458 2627; x_wconf 90' lang='lat' dir='ltr'>dicendi</span> <span class='ocrx_word' id='word_1_218' title='bbox 523 2555 955 2626; x_wconf 85' lang='lat' dir='ltr'>facultatem:</span> <span class='ocrx_word' id='word_1_219' title='bbox 1056 2568 1227 2626; x_wconf 89' lang='lat' dir='ltr'>otest</span> <span class='ocrx_word' id='word_1_220' title='bbox 1283 2567 1536 2637; x_wconf 88' lang='lat' dir='ltr'>autem,</span> <span class='ocrx_word' id='word_1_221' title='bbox 1597 2556 1917 2641; x_wconf 90' lang='lat' dir='ltr'>quisquis</span> <span class='ocrx_word' id='word_1_222' title='bbox 1981 2578 2140 2625; x_wconf 91' lang='lat' dir='ltr'>eum</span> <span class='ocrx_word' id='word_1_223' title='bbox 2203 2555 2439 2626; x_wconf 88' lang='lat' dir='ltr'>invisit</span> <span class='ocrx_word' id='word_1_224' title='bbox 2497 2555 2726 2625; x_wconf 90' lang='lat' dir='ltr'>locum</span> 
     </span>
     <span class='ocr_line' id='line_1_27' title="bbox 194 2578 2728 2733; baseline -0.001 -19"><span class='ocrx_word' id='word_1_225' title='bbox 194 2659 529 2727; x_wconf 89' lang='lat' dir='ltr'>sanctum,</span> <span class='ocrx_word' id='word_1_226' title='bbox 577 2644 776 2714; x_wconf 81' lang='lat' dir='ltr'>facile</span> <span class='ocrx_word' id='word_1_227' title='bbox 812 2642 883 2712; x_wconf 88' lang='lat' dir='ltr'>id</span> <span class='ocrx_word' id='word_1_228' title='bbox 923 2578 1080 2714; x_wconf 69' lang='lat' dir='ltr'>colli</span> <span class='ocrx_word' id='word_1_229' title='bbox 1132 2665 1245 2714; x_wconf 90' lang='lat' dir='ltr'>ere</span> <span class='ocrx_word' id='word_1_230' title='bbox 1286 2666 1368 2714; x_wconf 86' lang='lat' dir='ltr'>ex</span> <span class='ocrx_word' id='word_1_231' title='bbox 1416 2644 1862 2714; x_wconf 84' lang='lat' dir='ltr'>multitudine</span> <span class='ocrx_word' id='word_1_232' title='bbox 1909 2656 2305 2714; x_wconf 90' lang='lat' dir='ltr'>sanctorum</span> <span class='ocrx_word' id='word_1_233' title='bbox 2356 2665 2728 2733; x_wconf 90' lang='lat' dir='ltr'>corporum</span> 
     </span>
     <span class='ocr_line' id='line_1_28' title="bbox 194 2731 2732 2827; baseline -0.002 -22"><span class='ocrx_word' id='word_1_234' title='bbox 194 2755 357 2820; x_wconf 87' lang='lat' dir='ltr'>quae</span> <span class='ocrx_word' id='word_1_235' title='bbox 406 2734 555 2804; x_wconf 92' lang='lat' dir='ltr'>illic</span> <span class='ocrx_word' id='word_1_236' title='bbox 598 2732 1034 2827; x_wconf 11' lang='lat' dir='ltr'>‘venerationi</span> <span class='ocrx_word' id='word_1_237' title='bbox 1151 2733 1465 2821; x_wconf 82' lang='lat' dir='ltr'>abentur.</span> <span class='ocrx_word' id='word_1_238' title='bbox 1518 2732 1768 2803; x_wconf 89' lang='lat' dir='ltr'>Multas</span> <span class='ocrx_word' id='word_1_239' title='bbox 1822 2754 1980 2804; x_wconf 89' lang='lat' dir='ltr'>vero</span> <span class='ocrx_word' id='word_1_240' title='bbox 2045 2732 2251 2804; x_wconf 89' lang='lat' dir='ltr'>etiam</span> <span class='ocrx_word' id='word_1_241' title='bbox 2320 2731 2732 2824; x_wconf 87' lang='lat' dir='ltr'>temporales</span> 
     </span>
     <span class='ocr_line' id='line_1_29' title="bbox 196 2821 2735 2911; baseline -0.002 -18"><span class='ocrx_word' id='word_1_242' title='bbox 196 2824 680 2911; x_wconf 79' lang='lat' dir='ltr'>possessioneS,</span> <span class='ocrx_word' id='word_1_243' title='bbox 716 2821 976 2910; x_wconf 89' lang='lat' dir='ltr'>quibus</span> <span class='ocrx_word' id='word_1_244' title='bbox 1023 2821 1268 2893; x_wconf 87' lang='lat' dir='ltr'>famuli</span> <span class='ocrx_word' id='word_1_245' title='bbox 1330 2822 1446 2892; x_wconf 91' lang='lat' dir='ltr'>Dei</span> <span class='ocrx_word' id='word_1_246' title='bbox 1514 2834 2088 2902; x_wconf 89' lang='lat' dir='ltr'>sustentarentur,</span> <span class='ocrx_word' id='word_1_247' title='bbox 2142 2821 2445 2892; x_wconf 90' lang='lat' dir='ltr'>obtinuit</span> <span class='ocrx_word' id='word_1_248' title='bbox 2491 2842 2735 2892; x_wconf 91' lang='lat' dir='ltr'>conve-</span> 
     </span>
     <span class='ocr_line' id='line_1_30' title="bbox 197 2910 2738 3001; baseline -0 -22"><span class='ocrx_word' id='word_1_249' title='bbox 197 2912 448 2983; x_wconf 88' lang='lat' dir='ltr'>nienter</span> <span class='ocrx_word' id='word_1_250' title='bbox 499 2911 602 2980; x_wconf 77' lang='lat' dir='ltr'>illi</span> <span class='ocrx_word' id='word_1_251' title='bbox 651 2910 900 2982; x_wconf 86' lang='lat' dir='ltr'>Christi</span> <span class='ocrx_word' id='word_1_252' title='bbox 950 2910 1418 3001; x_wconf 87' lang='lat' dir='ltr'>promissioni,</span> <span class='ocrx_word' id='word_1_253' title='bbox 1460 2913 1687 2981; x_wconf 80' lang='lat' dir='ltr'>Omnis</span> <span class='ocrx_word' id='word_1_254' title='bbox 1733 2913 1857 3001; x_wconf 76' lang='lat' dir='ltr'>qui</span> <span class='ocrx_word' id='word_1_255' title='bbox 1899 2913 2033 2980; x_wconf 80' lang='lat' dir='ltr'>reli</span> <span class='ocrx_word' id='word_1_256' title='bbox 2075 2913 2253 2980; x_wconf 73' lang='lat' dir='ltr'>uerit</span> <span class='ocrx_word' id='word_1_257' title='bbox 2284 2912 2579 2991; x_wconf 80' lang='lat' dir='ltr'>domum,</span> <span class='ocrx_word' id='word_1_258' title='bbox 2611 2920 2738 2978; x_wconf 82' lang='lat' dir='ltr'>aut</span> 
     </span>
     <span class='ocr_line' id='line_1_31' title="bbox 200 2999 2738 3093; baseline -0 -25"><span class='ocrx_word' id='word_1_259' title='bbox 200 3023 380 3088; x_wconf 71' lang='lat' dir='ltr'>aqi-os</span> <span class='ocrx_word' id='word_1_260' title='bbox 423 3010 700 3093; x_wconf 84' lang='lat' dir='ltr'>propter</span> <span class='ocrx_word' id='word_1_261' title='bbox 745 3023 850 3070; x_wconf 87' lang='lat' dir='ltr'>me</span> <span class='ocrx_word' id='word_1_262' title='bbox 878 3054 894 3079; x_wconf 85' lang='lat'>,</span> <span class='ocrx_word' id='word_1_263' title='bbox 948 3011 1099 3080; x_wconf 69' lang='lat' dir='ltr'>etc„</span> <span class='ocrx_word' id='word_1_264' title='bbox 1151 3002 1540 3090; x_wconf 75' lang='lat' dir='ltr'>centuplum</span> <span class='ocrx_word' id='word_1_265' title='bbox 1595 3000 1901 3089; x_wconf 74' lang='lat' dir='ltr'>accipiet.</span> <span class='ocrx_word' id='word_1_266' title='bbox 1958 3004 2050 3068; x_wconf 91' lang='lat' dir='ltr'>Da</span> <span class='ocrx_word' id='word_1_267' title='bbox 2104 3011 2313 3068; x_wconf 90' lang='lat' dir='ltr'>antur</span> <span class='ocrx_word' id='word_1_268' title='bbox 2359 3000 2545 3068; x_wconf 92' lang='lat' dir='ltr'>enim</span> <span class='ocrx_word' id='word_1_269' title='bbox 2586 2999 2649 3067; x_wconf 93' lang='lat' dir='ltr'>ei</span> <span class='ocrx_word' id='word_1_270' title='bbox 2694 3019 2738 3067; x_wconf 85' lang='lat' dir='ltr'>a</span> 
     </span>
     <span class='ocr_line' id='line_1_32' title="bbox 196 3086 2736 3179; baseline -0 -23"><span class='ocrx_word' id='word_1_271' title='bbox 196 3086 508 3159; x_wconf 87' lang='lat' dir='ltr'>fidelibus</span> <span class='ocrx_word' id='word_1_272' title='bbox 572 3089 851 3179; x_wconf 88' lang='lat' dir='ltr'>regibus</span> <span class='ocrx_word' id='word_1_273' title='bbox 898 3101 963 3157; x_wconf 90' lang='lat' dir='ltr'>et</span> <span class='ocrx_word' id='word_1_274' title='bbox 1003 3088 1480 3179; x_wconf 89' lang='lat' dir='ltr'>principibus:</span> <span class='ocrx_word' id='word_1_275' title='bbox 1534 3088 1604 3157; x_wconf 91' lang='lat' dir='ltr'>in</span> <span class='ocrx_word' id='word_1_276' title='bbox 1665 3088 1924 3175; x_wconf 89' lang='lat' dir='ltr'>quibus</span> <span class='ocrx_word' id='word_1_277' title='bbox 1983 3087 2361 3159; x_wconf 84' lang='lat' dir='ltr'>Clodoveus</span> <span class='ocrx_word' id='word_1_278' title='bbox 2412 3111 2564 3167; x_wconf 81' lang='lat' dir='ltr'>rex,</span> <span class='ocrx_word' id='word_1_279' title='bbox 2611 3087 2736 3174; x_wconf 89' lang='lat' dir='ltr'>qui</span> 
     </span>
     <span class='ocr_line' id='line_1_33' title="bbox 129 3172 2735 3268; baseline -0.001 -21"><span class='ocrx_word' id='word_1_280' title='bbox 129 3172 141 3189; x_wconf 76' lang='lat'><em>⁶</em></span> <span class='ocrx_word' id='word_1_281' title='bbox 200 3189 329 3247; x_wconf 81' lang='lat' dir='ltr'>turn</span> <span class='ocrx_word' id='word_1_282' title='bbox 380 3177 710 3248; x_wconf 81' lang='lat' dir='ltr'>Franciae</span> <span class='ocrx_word' id='word_1_283' title='bbox 758 3177 1028 3247; x_wconf 90' lang='lat' dir='ltr'>tenebat</span> <span class='ocrx_word' id='word_1_284' title='bbox 1074 3176 1571 3268; x_wconf 87' lang='lat' dir='ltr'>gubernacula,</span> <span class='ocrx_word' id='word_1_285' title='bbox 1627 3177 2044 3247; x_wconf 89' lang='lat' dir='ltr'>monasterio</span> <span class='ocrx_word' id='word_1_286' title='bbox 2103 3178 2253 3266; x_wconf 90' lang='lat' dir='ltr'>ejus</span> <span class='ocrx_word' id='word_1_287' title='bbox 2288 3198 2562 3246; x_wconf 89' lang='lat' dir='ltr'>annuos</span> <span class='ocrx_word' id='word_1_288' title='bbox 2597 3175 2735 3244; x_wconf 79' lang='lat' dir='ltr'>lar-</span> 
     </span>
     <span class='ocr_line' id='line_1_34' title="bbox 201 3261 2733 3366; baseline -0 -32"><span class='ocrx_word' id='word_1_289' title='bbox 201 3265 366 3354; x_wconf 88' lang='lat' dir='ltr'>gitus</span> <span class='ocrx_word' id='word_1_290' title='bbox 414 3278 520 3336; x_wconf 89' lang='lat' dir='ltr'>est</span> <span class='ocrx_word' id='word_1_291' title='bbox 553 3265 819 3336; x_wconf 76' lang='lat' dir='ltr'>modios</span> <span class='ocrx_word' id='word_1_292' title='bbox 860 3266 1066 3335; x_wconf 85' lang='lat' dir='ltr'>tritici</span> <span class='ocrx_word' id='word_1_293' title='bbox 1113 3266 1644 3366; x_wconf 83' lang='lat' dir='ltr'>quinquaginta,</span> <span class='ocrx_word' id='word_1_294' title='bbox 1687 3277 1752 3336; x_wconf 91' lang='lat' dir='ltr'>et</span> <span class='ocrx_word' id='word_1_295' title='bbox 1799 3265 2038 3336; x_wconf 88' lang='lat' dir='ltr'>hordei</span> <span class='ocrx_word' id='word_1_296' title='bbox 2087 3261 2393 3346; x_wconf 92' lang='lat' dir='ltr'>totidem,</span> <span class='ocrx_word' id='word_1_297' title='bbox 2434 3265 2733 3350; x_wconf 89' lang='lat' dir='ltr'>itemque</span> 
     </span>
     <span class='ocr_line' id='line_1_35' title="bbox 199 3353 2735 3446; baseline -0 -23"><span class='ocrx_word' id='word_1_298' title='bbox 199 3354 692 3445; x_wconf 90' lang='lat' dir='ltr'>quinquaginta</span> <span class='ocrx_word' id='word_1_299' title='bbox 730 3354 1174 3425; x_wconf 81' lang='lat' dir='ltr'>denariorum</span> <span class='ocrx_word' id='word_1_300' title='bbox 1201 3367 1468 3446; x_wconf 81' lang='lat' dir='ltr'>argenti</span> <span class='ocrx_word' id='word_1_301' title='bbox 1503 3355 1717 3424; x_wconf 90' lang='lat' dir='ltr'>libras</span> <span class='ocrx_word' id='word_1_302' title='bbox 1749 3376 2043 3424; x_wconf 90' lang='lat' dir='ltr'>annuas.</span> <span class='ocrx_word' id='word_1_303' title='bbox 2082 3354 2512 3444; x_wconf 90' lang='lat' dir='ltr'>Pauperibus</span> <span class='ocrx_word' id='word_1_304' title='bbox 2544 3353 2735 3422; x_wconf 85' lang='lat' dir='ltr'>Chri-</span> 
     </span>
     <span class='ocr_line' id='line_1_36' title="bbox 199 3442 2733 3601; baseline 0 -91"><span class='ocrx_word' id='word_1_305' title='bbox 199 3442 278 3512; x_wconf 88' lang='lat' dir='ltr'>sti</span> <span class='ocrx_word' id='word_1_306' title='bbox 311 3443 412 3513; x_wconf 87' lang='lat' dir='ltr'>vir</span> <span class='ocrx_word' id='word_1_307' title='bbox 458 3444 725 3524; x_wconf 81' lang='lat' dir='ltr'>beatus,</span> <span class='ocrx_word' id='word_1_308' title='bbox 790 3444 1093 3601; x_wconf 42' lang='lat' dir='ltr'>itemque</span> <span class='ocrx_word' id='word_1_309' title='bbox 1137 3443 1786 3534; x_wconf 80' lang='lat' dir='ltr'>supervenientibus</span> <span class='ocrx_word' id='word_1_310' title='bbox 1832 3442 2227 3535; x_wconf 87' lang='lat' dir='ltr'>hospitibus</span> <span class='ocrx_word' id='word_1_311' title='bbox 2273 3464 2551 3513; x_wconf 90' lang='lat' dir='ltr'>omnem</span> <span class='ocrx_word' id='word_1_312' title='bbox 2602 3442 2733 3510; x_wconf 89' lang='lat' dir='ltr'>hu-</span> 
     </span>
     <span class='ocr_line' id='line_1_37' title="bbox 202 3529 2731 3622; baseline -0 -22"><span class='ocrx_word' id='word_1_313' title='bbox 202 3534 588 3602; x_wconf 88' lang='lat' dir='ltr'>manitatem</span> <span class='ocrx_word' id='word_1_314' title='bbox 640 3543 954 3622; x_wconf 81' lang='lat' dir='ltr'>praestan</span> <span class='ocrx_word' id='word_1_315' title='bbox 1012 3532 1071 3604; x_wconf 91' lang='lat' dir='ltr'>is</span> <span class='ocrx_word' id='word_1_316' title='bbox 1126 3531 1582 3622; x_wconf 89' lang='lat' dir='ltr'>eleemosynis</span> <span class='ocrx_word' id='word_1_317' title='bbox 1628 3532 1962 3602; x_wconf 81' lang='lat' dir='ltr'>exhibuit.</span> <span class='ocrx_word' id='word_1_318' title='bbox 2026 3535 2444 3603; x_wconf 81' lang='lat' dir='ltr'>ornamenta</span> <span class='ocrx_word' id='word_1_319' title='bbox 2512 3529 2731 3600; x_wconf 89' lang='lat' dir='ltr'>eccle-</span> 
     </span>
     <span class='ocr_line' id='line_1_38' title="bbox 202 3620 2738 3710; baseline 0 -23"><span class='ocrx_word' id='word_1_320' title='bbox 202 3620 352 3703; x_wconf 84' lang='lat' dir='ltr'>siae,</span> <span class='ocrx_word' id='word_1_321' title='bbox 388 3621 631 3702; x_wconf 81' lang='lat' dir='ltr'>libroS,</span> <span class='ocrx_word' id='word_1_322' title='bbox 674 3621 948 3702; x_wconf 79' lang='lat' dir='ltr'>caliceS,</span> <span class='ocrx_word' id='word_1_323' title='bbox 984 3642 1248 3703; x_wconf 64' lang='lat' dir='ltr'>cruces»,</span> <span class='ocrx_word' id='word_1_324' title='bbox 1292 3621 1710 3691; x_wconf 90' lang='lat' dir='ltr'>candelabra</span> <span class='ocrx_word' id='word_1_325' title='bbox 1742 3642 1952 3691; x_wconf 88' lang='lat' dir='ltr'>aurea</span> <span class='ocrx_word' id='word_1_326' title='bbox 1983 3634 2048 3691; x_wconf 86' lang='lat' dir='ltr'>et</span> <span class='ocrx_word' id='word_1_327' title='bbox 2077 3633 2422 3710; x_wconf 85' lang='lat' dir='ltr'>argentea,</span> <span class='ocrx_word' id='word_1_328' title='bbox 2468 3640 2738 3709; x_wconf 89' lang='lat' dir='ltr'>pannos</span> 
     </span>
     <span class='ocr_line' id='line_1_39' title="bbox 203 3708 2736 3810; baseline 0 -33"><span class='ocrx_word' id='word_1_329' title='bbox 203 3709 468 3791; x_wconf 78' lang='lat' dir='ltr'>sericos,</span> <span class='ocrx_word' id='word_1_330' title='bbox 520 3722 586 3779; x_wconf 91' lang='lat' dir='ltr'>et</span> <span class='ocrx_word' id='word_1_331' title='bbox 618 3708 755 3779; x_wconf 80' lang='lat' dir='ltr'>alia</span> <span class='ocrx_word' id='word_1_332' title='bbox 793 3710 880 3779; x_wconf 92' lang='lat' dir='ltr'>ad</span> <span class='ocrx_word' id='word_1_333' title='bbox 928 3709 1245 3780; x_wconf 90' lang='lat' dir='ltr'>divinum</span> <span class='ocrx_word' id='word_1_334' title='bbox 1293 3710 1563 3780; x_wconf 87' lang='lat' dir='ltr'>cultum</span> <span class='ocrx_word' id='word_1_335' title='bbox 1611 3709 2029 3800; x_wconf 88' lang='lat' dir='ltr'>pertinentia</span> <span class='ocrx_word' id='word_1_336' title='bbox 2073 3710 2348 3810; x_wconf 85' lang='lat' dir='ltr'>egregie</span> <span class='ocrx_word' id='word_1_337' title='bbox 2395 3730 2736 3799; x_wconf 90' lang='lat' dir='ltr'>augmen-</span> 
     </span>
     <span class='ocr_line' id='line_1_40' title="bbox 203 3796 2742 3889; baseline 0.002 -26"><span class='ocrx_word' id='word_1_338' title='bbox 203 3798 374 3879; x_wconf 88' lang='lat' dir='ltr'>tavit,</span> <span class='ocrx_word' id='word_1_339' title='bbox 414 3803 822 3869; x_wconf 89' lang='lat' dir='ltr'>Sanctorum</span> <span class='ocrx_word' id='word_1_340' title='bbox 879 3798 1208 3886; x_wconf 83' lang='lat' dir='ltr'>reliquias</span> <span class='ocrx_word' id='word_1_341' title='bbox 1262 3799 1335 3868; x_wconf 91' lang='lat' dir='ltr'>in</span> <span class='ocrx_word' id='word_1_342' title='bbox 1387 3799 1601 3869; x_wconf 87' lang='lat' dir='ltr'>thecis</span> <span class='ocrx_word' id='word_1_343' title='bbox 1650 3796 2170 3889; x_wconf 80' lang='lat' dir='ltr'>pretiosissimls</span> <span class='ocrx_word' id='word_1_344' title='bbox 2217 3810 2605 3868; x_wconf 86' lang='lat' dir='ltr'>reverenter</span> <span class='ocrx_word' id='word_1_345' title='bbox 2637 3819 2742 3867; x_wconf 89' lang='lat' dir='ltr'>re-</span> 
     </span>
     <span class='ocr_line' id='line_1_41' title="bbox 203 3885 2674 3973; baseline 0 -18"><span class='ocrx_word' id='word_1_346' title='bbox 203 3888 442 3973; x_wconf 87' lang='lat' dir='ltr'>posuit,</span> <span class='ocrx_word' id='word_1_347' title='bbox 480 3886 877 3959; x_wconf 88' lang='lat' dir='ltr'>monasterii</span> <span class='ocrx_word' id='word_1_348' title='bbox 923 3886 1166 3958; x_wconf 89' lang='lat' dir='ltr'>domos</span> <span class='ocrx_word' id='word_1_349' title='bbox 1195 3899 1262 3958; x_wconf 90' lang='lat' dir='ltr'>et</span> <span class='ocrx_word' id='word_1_350' title='bbox 1293 3900 1678 3959; x_wconf 88' lang='lat' dir='ltr'>structuras</span> <span class='ocrx_word' id='word_1_351' title='bbox 1712 3888 1808 3958; x_wconf 86' lang='lat' dir='ltr'>ita</span> <span class='ocrx_word' id='word_1_352' title='bbox 1845 3900 1922 3957; x_wconf 90' lang='lat' dir='ltr'>ut</span> <span class='ocrx_word' id='word_1_353' title='bbox 1967 3885 2203 3959; x_wconf 87' lang='lat' dir='ltr'>decuit</span> <span class='ocrx_word' id='word_1_354' title='bbox 2240 3886 2674 3961; x_wconf 86' lang='lat' dir='ltr'>instauravit.</span> 
     </span>
    </p>

    <p class='ocr_par' dir='ltr' id='par_1_4' title="bbox 196 3975 2754 4514">
     <span class='ocr_line' id='line_1_42' title="bbox 280 3975 2744 4066; baseline -0.001 -20"><span class='ocrx_word' id='word_1_355' title='bbox 280 3977 315 4063; x_wconf 68' lang='grc' dir='ltr'>ἓ</span> <span class='ocrx_word' id='word_1_356' title='bbox 359 3979 439 4046; x_wconf 65' lang='lat'>³2.</span> <span class='ocrx_word' id='word_1_357' title='bbox 491 3980 683 4045; x_wconf 82' lang='lat' dir='ltr'>Anno</span> <span class='ocrx_word' id='word_1_358' title='bbox 741 3986 972 4047; x_wconf 90' lang='lat' dir='ltr'>autem</span> <span class='ocrx_word' id='word_1_359' title='bbox 1025 3989 1271 4063; x_wconf 87' lang='lat' dir='ltr'>quarto</span> <span class='ocrx_word' id='word_1_360' title='bbox 1334 3975 1748 4047; x_wconf 72' lang='lat' dir='ltr'>childeberti</span> <span class='ocrx_word' id='word_1_361' title='bbox 1809 3975 1992 4066; x_wconf 89' lang='lat' dir='ltr'>regis</span> <span class='ocrx_word' id='word_1_362' title='bbox 2049 3981 2519 4056; x_wconf 87' lang='lat' dir='ltr'>Francorum,</span> <span class='ocrx_word' id='word_1_363' title='bbox 2579 3996 2744 4045; x_wconf 88' lang='lat' dir='ltr'>cum</span> 
     </span>
     <span class='ocr_line' id='line_1_43' title="bbox 196 4052 2752 4157; baseline 0 -27"><span class='ocrx_word' id='word_1_364' title='bbox 196 4059 330 4149; x_wconf 87' lang='lat' dir='ltr'>jam</span> <span class='ocrx_word' id='word_1_365' title='bbox 381 4052 710 4135; x_wconf 62' lang='lat' dir='ltr'>Cla⁸udius</span> <span class='ocrx_word' id='word_1_366' title='bbox 757 4075 950 4155; x_wconf 90' lang='lat' dir='ltr'>pater</span> <span class='ocrx_word' id='word_1_367' title='bbox 994 4064 1480 4136; x_wconf 87' lang='lat' dir='ltr'>sanctissimus</span> <span class='ocrx_word' id='word_1_368' title='bbox 1512 4065 1720 4135; x_wconf 90' lang='lat' dir='ltr'>annis</span> <span class='ocrx_word' id='word_1_369' title='bbox 1756 4063 2270 4157; x_wconf 84' lang='lat' dir='ltr'>quinquaginta</span> <span class='ocrx_word' id='word_1_370' title='bbox 2305 4065 2521 4135; x_wconf 86' lang='lat' dir='ltr'>servis</span> <span class='ocrx_word' id='word_1_371' title='bbox 2556 4063 2752 4135; x_wconf 87' lang='lat' dir='ltr'>Chri-</span> 
     </span>
     <span class='ocr_line' id='line_1_44' title="bbox 203 4151 2749 4244; baseline 0.002 -26"><span class='ocrx_word' id='word_1_372' title='bbox 203 4152 277 4219; x_wconf 85' lang='lat' dir='ltr'>sti</span> <span class='ocrx_word' id='word_1_373' title='bbox 327 4151 398 4220; x_wconf 92' lang='lat' dir='ltr'>in</span> <span class='ocrx_word' id='word_1_374' title='bbox 448 4152 577 4223; x_wconf 92' lang='lat' dir='ltr'>hoc</span> <span class='ocrx_word' id='word_1_375' title='bbox 645 4154 1060 4224; x_wconf 84' lang='lat' dir='ltr'>monasterio</span> <span class='ocrx_word' id='word_1_376' title='bbox 1127 4176 1290 4224; x_wconf 90' lang='lat' dir='ltr'>cum</span> <span class='ocrx_word' id='word_1_377' title='bbox 1340 4152 1559 4225; x_wconf 89' lang='lat' dir='ltr'>multa</span> <span class='ocrx_word' id='word_1_378' title='bbox 1607 4153 1814 4224; x_wconf 90' lang='lat' dir='ltr'>laude</span> <span class='ocrx_word' id='word_1_379' title='bbox 1863 4152 2300 4244; x_wconf 89' lang='lat' dir='ltr'>praefuisset,</span> <span class='ocrx_word' id='word_1_380' title='bbox 2355 4174 2562 4227; x_wconf 81' lang='lat' dir='ltr'>senex</span> <span class='ocrx_word' id='word_1_381' title='bbox 2620 4151 2749 4222; x_wconf 89' lang='lat' dir='ltr'>ad-</span> 
     </span>
     <span class='ocr_line' id='line_1_45' title="bbox 205 4239 2743 4333; baseline 0.002 -27"><span class='ocrx_word' id='word_1_382' title='bbox 205 4239 481 4311; x_wconf 85' lang='lat' dir='ltr'>modum</span> <span class='ocrx_word' id='word_1_383' title='bbox 511 4254 580 4312; x_wconf 92' lang='lat' dir='ltr'>et</span> <span class='ocrx_word' id='word_1_384' title='bbox 627 4240 873 4332; x_wconf 80' lang='lat' dir='ltr'>plenus</span> <span class='ocrx_word' id='word_1_385' title='bbox 933 4241 1229 4328; x_wconf 88' lang='lat' dir='ltr'>dierum,</span> <span class='ocrx_word' id='word_1_386' title='bbox 1286 4243 1442 4315; x_wconf 88' lang='lat' dir='ltr'>totis</span> <span class='ocrx_word' id='word_1_387' title='bbox 1500 4242 1884 4315; x_wconf 90' lang='lat' dir='ltr'>visceribus</span> <span class='ocrx_word' id='word_1_388' title='bbox 1931 4243 2300 4313; x_wconf 87' lang='lat' dir='ltr'>Dominum</span> <span class='ocrx_word' id='word_1_389' title='bbox 2343 4242 2743 4333; x_wconf 86' lang='lat' dir='ltr'>suspirans,</span> 
     </span>
     <span class='ocr_line' id='line_1_46' title="bbox 207 4324 2747 4434; baseline 0.001 -38"><span class='ocrx_word' id='word_1_390' title='bbox 207 4324 329 4425; x_wconf 82' lang='lat' dir='ltr'>levi</span> <span class='ocrx_word' id='word_1_391' title='bbox 373 4329 676 4416; x_wconf 88' lang='lat' dir='ltr'>quodam</span> <span class='ocrx_word' id='word_1_392' title='bbox 727 4331 964 4402; x_wconf 89' lang='lat' dir='ltr'>morbo</span> <span class='ocrx_word' id='word_1_393' title='bbox 996 4343 1353 4434; x_wconf 87' lang='lat' dir='ltr'>correptus</span> <span class='ocrx_word' id='word_1_394' title='bbox 1385 4342 1509 4404; x_wconf 89' lang='lat' dir='ltr'>est.</span> <span class='ocrx_word' id='word_1_395' title='bbox 1548 4330 1787 4402; x_wconf 91' lang='lat' dir='ltr'>Sciens</span> <span class='ocrx_word' id='word_1_396' title='bbox 1833 4353 1998 4423; x_wconf 93' lang='lat' dir='ltr'>ergo</span> <span class='ocrx_word' id='word_1_397' title='bbox 2028 4332 2258 4403; x_wconf 90' lang='lat' dir='ltr'>obitus</span> <span class='ocrx_word' id='word_1_398' title='bbox 2306 4332 2415 4402; x_wconf 90' lang='lat' dir='ltr'>sui</span> <span class='ocrx_word' id='word_1_399' title='bbox 2466 4344 2747 4419; x_wconf 90' lang='lat' dir='ltr'>tempus</span> 
     </span>
     <span class='ocr_line' id='line_1_47' title="bbox 209 4418 2754 4514; baseline 0.001 -31"><span class='ocrx_word' id='word_1_400' title='bbox 209 4418 588 4501; x_wconf 82' lang='lat' dir='ltr'>imminere,</span> <span class='ocrx_word' id='word_1_401' title='bbox 641 4418 836 4491; x_wconf 88' lang='lat' dir='ltr'>tertio</span> <span class='ocrx_word' id='word_1_402' title='bbox 884 4419 998 4491; x_wconf 91' lang='lat' dir='ltr'>die</span> <span class='ocrx_word' id='word_1_403' title='bbox 1033 4422 1250 4514; x_wconf 81' lang='lat' dir='ltr'>jussit</span> <span class='ocrx_word' id='word_1_404' title='bbox 1295 4420 1671 4494; x_wconf 88' lang='lat' dir='ltr'>convocari</span> <span class='ocrx_word' id='word_1_405' title='bbox 1724 4419 1973 4494; x_wconf 84' lang='lat' dir='ltr'>fratres</span> <span class='ocrx_word' id='word_1_406' title='bbox 2020 4442 2262 4495; x_wconf 87' lang='lat' dir='ltr'>omnes</span> <span class='ocrx_word' id='word_1_407' title='bbox 2307 4419 2754 4498; x_wconf 85' lang='lat' dir='ltr'>monasterii,</span> 
     </span>
    </p>
   </div>
   <div class='ocr_carea' id='block_1_3' title="bbox 365 4524 2603 4592">
    <p class='ocr_par' dir='ltr' id='par_1_5' title="bbox 365 4524 2603 4592">
     <span class='ocr_line' id='line_1_48' title="bbox 365 4524 2603 4592; baseline 0.004 -12"><span class='ocrx_word' id='word_1_408' title='bbox 365 4524 608 4585; x_wconf 71' lang='lat' dir='ltr'>surius</span> <span class='ocrx_word' id='word_1_409' title='bbox 656 4553 684 4574; x_wconf 70' lang='lat' dir='ltr'>a</span> <span class='ocrx_word' id='word_1_410' title='bbox 740 4524 902 4584; x_wconf 58' lang='lat' dir='ltr'>Vitae</span> <span class='ocrx_word' id='word_1_411' title='bbox 943 4525 1049 4589; x_wconf 80' lang='lat' dir='ltr'>SS.</span> <span class='ocrx_word' id='word_1_412' title='bbox 1098 4560 1120 4575; x_wconf 91' lang='lat'><strong>·</strong></span> <span class='ocrx_word' id='word_1_413' title='bbox 1163 4527 1291 4592; x_wconf 81' lang='lat' dir='ltr'>Vol&#39;.</span> <span class='ocrx_word' id='word_1_414' title='bbox 1338 4526 1436 4588; x_wconf 83' lang='lat' dir='ltr'>VI.</span> <span class='ocrx_word' id='word_1_415' title='bbox 2524 4525 2603 4588; x_wconf 88' lang='lat'>10</span> 
     </span>
    </p>
   </div>
  </div>
 </body>
</html>
