3357 4995
652 326 782 391 492
1346 345 1424 390 ne
1473 345 1527 390 s.
1582 341 1932 392 amuranus
1981 343 2326 391 ABBAHSSA
2754 325 2793 390 J
2803 324 2975 390 UNII
3024 325 3111 389 23

564 435 695 500 Nec
745 451 958 510 mora,
1013 427 1378 499 decedente
1428 429 1777 499 sacerdote
1822 429 2009 520 apud
2050 429 2286 500 Nolam
2329 429 2610 511 urbem,
2665 429 2687 497 i
2742 451 2813 497 se
2880 428 2952 496 in
3011 426 3117 497 lo-

564 539 722 587 cum
773 517 1088 608 Episcopi
1140 518 1554 608 subrogatur
1584 518 1640 587 ⁸³.
1707 519 2012 588 Habebat
2046 530 2274 588 autem
2324 518 2626 587 Ecclesia
2672 517 2794 586 ila
2848 516 3114 586 multas

565 606 861 688 divitias,
918 606 1361 697 implevitque
1409 608 1477 675 in
1528 629 1606 675 eo
1656 609 2014 688 Dominus,
2052 629 2229 695 quae
2280 629 2400 696 per
2447 605 2897 696 Evangelium
2951 627 3115 696 pro-

565 695 831 765 mittere
877 707 978 764 est
1025 695 1388 786 dignatus:
1448 697 1623 775 Quia
1669 699 1794 788 qui
1826 700 2178 787 reliquerit
2217 698 2440 766 omnia
2489 706 2760 786 propter
2793 717 2921 774 me,
2960 718 3116 763 cen-

567 788 831 874 tuplum
878 786 950 853 in
984 786 1102 852 hoc
1146 788 1366 854 seculo
1400 788 1705 875 accipiet,
1743 789 1811 854 in
1835 789 2067 874 futuro
2093 796 2319 854 autem
2343 787 2556 853 vitam
2590 795 2936 854 aeternam
2959 806 3118 874 pos-

564 874 800 942 sidebit
847 873 987 962 (Em
1024 874 1259 942 Maulz.
1313 873 1469 962 xix).
2148 894 2151 899 ·

655 964 691 1048 ξ
736 967 822 1034 4.
876 967 1122 1030 Verum
1154 975 1510 1052 assumpto
1558 963 1996 1054 Episcopatu,
2056 984 2325 1052 semper
2373 985 2443 1032 se
2491 961 2828 1030 humilem
2930 959 3108 1028 rofe-

567 1051 779 1130 rebat,
825 1050 988 1136 quia
1038 1049 1294 1134 sciebat
1342 1073 1413 1119 se
1461 1051 1645 1141 apud
1701 1057 1911 1121 Deum
1961 1052 2306 1120 excelsum
2362 1050 2711 1131 futurum,
2769 1050 2827 1119 si
2927 1048 3107 1117 umi-

568 1139 824 1208 litatem
901 1151 1198 1209 sectatus
1264 1139 1525 1210 suisset.
1606 1141 1901 1210 Pecunia
1952 1163 2105 1209 vero
2153 1142 2236 1209 de
2311 1139 2694 1209 redditibus
2746 1137 3110 1217 Ecclesiae,

567 1250 744 1313 quae
793 1250 1042 1296 manus
1090 1228 1239 1315 ejus
1295 1228 1711 1318 attingebat,
1765 1228 2122 1298 confestim
2196 1229 2618 1317 pauperibus
2674 1228 3108 1317 erogabatur.

569 1317 961 1385 castissima
1000 1317 1204 1384 etiam
1254 1319 1505 1406 conjux
1552 1318 1702 1407 ejus
1768 1340 1900 1387 non
1945 1317 2340 1387 discedebat
2381 1318 2466 1385 ab
2505 1339 2606 1386 eo,
2663 1322 2816 1385 Erat
2881 1328 3110 1383 autem

569 1405 673 1474 vir
707 1419 989 1474 sanctus
1039 1406 1252 1473 mirae
1300 1405 1726 1494 prudentiae,
1762 1420 1826 1475 et
1875 1406 2230 1475 rhetoricis
2278 1405 2494 1476 literis
2551 1405 2887 1483 erudituS,
2926 1402 3110 1490 quod

569 1494 823 1582 scripta
873 1493 1068 1582 ejus,
1123 1516 1297 1580 quae
1346 1494 1428 1562 ad
1497 1517 1620 1564 nos
1691 1509 2166 1586 pervenerunt,
2222 1495 2416 1564 valde
2478 1493 2938 1585 patefecerunt
2977 1491 3110 1580 (a).

569 1582 698 1664 Qui
748 1582 967 1650 sactus
1028 1587 1406 1672 Episcopus
1455 1595 1721 1652 tantum
1771 1586 1842 1653 in
1896 1585 2140 1652 virtute
2193 1606 2311 1672 per
2367 1583 2796 1673 muliplicata
2859 1581 3131 1672 gratia--

569 1692 724 1739 rum
776 1670 1241 1760 spiritualium
1294 1671 1714 1741 charismata
1760 1672 2208 1761 resplenduit.
2264 1684 2340 1741 ut
2370 1687 2525 1741 ante
2557 1672 2819 1741 obitum
2872 1692 3104 1747 suum,

571 1772 891 1828 sanctum
942 1760 1309 1829 Martinum
1360 1766 1824 1830 Turonensem
1874 1783 1995 1830 nec
2046 1783 2178 1829 non
2233 1766 2296 1830 S.
2350 1761 2764 1830 Januarium
2799 1758 3116 1827 Italicum

571 1847 974 1936 priusquam
1027 1849 1347 1938 spiritum
1416 1850 1748 1929 redderet,
1827 1851 2172 1939 corporeis
2221 1850 2440 1920 oculis
2497 1847 3102 1950 contemplaretur.

565 1941 718 2005 jam
755 1937 937 2006 enim
974 1937 1058 2006 de
1092 1937 1217 2006 hoc
1252 1939 1511 2007 mundo
1545 1939 1645 2006 illi
1691 1940 2172 2027 migraverant.
2228 1945 2303 2007 Et
2332 1938 2492 2025 quia
2542 1938 2625 2006 de
2673 1939 2888 2023 hujus
2935 1935 3111 2004 beati

571 2025 703 2093 vita
768 2025 936 2094 nihil
990 2026 1401 2116 legeramuS,
1463 2028 1720 2096 idcirco
1776 2050 1877 2107 ea,
1939 2050 2113 2114 quae
2171 2050 2287 2116 per
2338 2027 2735 2096 relationem
2795 2024 3104 2094 fidelium

569 2115 1040 2203 cognovimus.
1088 2116 1255 2184 dum
1309 2116 1393 2184 de
1439 2116 1896 2204 eleemosynis
1947 2117 2262 2206 proloqui
2327 2115 2697 2192 voluimus,
2770 2135 3103 2182 memora-

568 2203 819 2273 vimuS.
877 2208 962 2272 De
1013 2204 1304 2273 transitu
1340 2217 1565 2274 autem
1617 2207 1765 2295 ejus
1815 2217 1914 2274 est
1964 2206 2145 2294 apud
2183 2228 2305 2273 nos
2358 2227 2604 2293 magna
2663 2203 2884 2280 lectio,
2974 2201 3119 2270 ideo

568 2312 726 2360 eum
761 2315 840 2360 ex
887 2293 1127 2362 ordine
1179 2295 1521 2383 prosecuti
1572 2317 1705 2362 non
1758 2317 2026 2362 sumus.
2087 2300 2252 2362 Ecce
2300 2294 2464 2380 quid
2520 2291 2756 2361 tribuit
2821 2291 3114 2359 eleemo-

571 2403 766 2468 syna,
821 2404 975 2450 ecce
1008 2381 1245 2468 quales
1296 2384 1652 2452 thesauros
1689 2383 1945 2452 sanctis
1993 2384 2161 2460 suis,
2215 2384 2336 2469 qui
2374 2384 2602 2482 ipsum
2655 2381 2725 2447 in
2788 2378 3107 2468 pauperi-

571 2469 702 2538 bus
749 2470 1073 2562 diligunt,
1132 2476 1306 2540 Deus
1356 2471 1691 2561 indulget.
1748 2477 1795 2540 E
1843 2472 2184 2542 contrario
2233 2471 2556 2541 avaritiae
2606 2468 2788 2538 malo
2840 2469 3115 2538 inhian-

571 2559 779 2639 tibus,
818 2583 995 2646 quae
1054 2561 1364 2646 nequiter
1410 2562 1937 2651 concupiscunt,
1993 2562 2244 2643 aufert,
2295 2563 2494 2650 ,juxta
2544 2558 2713 2627 illud
2767 2557 3118 2648 Evangelii

568 2649 786 2717 sancti
836 2649 1243 2718 oraculum:
1292 2652 1457 2731 Quia
1489 2652 1609 2740 qui
1651 2652 1868 2729 habet,
1928 2651 2199 2718 dabitur
2268 2653 2351 2729 ei,
2398 2661 2456 2718 et
2525 2649 2933 2717 abundabit:
2998 2649 3119 2736 qui

570 2748 794 2894 alutfflt
854 2761 997 2911 non)
1045 2739 1260 2818 habet,
1316 2750 1377 2806 et
1409 2741 1585 2828 quod
1632 2740 1900 2807 videtur
1952 2740 2213 2818 habere,
2279 2742 2628 2827 auferetur
2676 2739 2757 2805 ab
2833 2760 2904 2805 eo
2948 2738 3122 2822 (13oe

572 2856 589 2892 J
638 2848 679 2893 a
765 2851 807 2894 ι.
844 2849 967 2896 xxv
1008 2882 1021 2894 .

822 3090 1053 3188 VITA
1123 3090 1198 3189 S.
1268 3090 1879 3192 EDlLTRUDlS
1946 3090 2175 3190 SlVE
2246 3089 2870 3190 EDlLDRlDAE

1380 3313 1736 3378 REGINAE
1786 3313 1885 3378 ET
1935 3312 2302 3378 VIRGINIS

699 3501 981 3549 AUCTORE.
1030 3501 1170 3548 sz.
1226 3499 1419 3561 ΒΕΒΑ,
1476 3482 1649 3549 Hist.
1705 3484 1883 3549 Eccl.
1935 3482 2153 3569 qentis
2202 3483 2430 3569 Anql„
2489 3480 2600 3547 lib.
2657 3488 2721 3559 4,
2777 3502 2833 3545 c.
2895 3488 2996 3547 19.

1530 3654 1719 3710 Obiit
1771 3667 1948 3710 anno
2002 3656 2151 3709 680.

664 3840 700 3924 ἓ
746 3843 823 3909 1.
879 3836 1149 3924 Accepit
1195 3848 1421 3905 autem
1459 3858 1574 3905 rex
1621 3833 1943 3924 ngridus
1974 3835 2341 3925 conjugem
2378 3835 2655 3903 nomine
2695 3833 3123 3902 Edildridam

573 3925 811 4016 (vulgo
857 3924 1144 4015 Audi-y),
1193 3924 1408 3993 filiam
1460 3930 1691 3993 Annae
1742 3923 1922 4014 regis
1973 3922 2422 3992 Orientalium
2473 3921 2870 4013 Anglorum‚
2925 3923 3126 4012 cujus

629 4073 653 4099 ¹⁸¹
682 4073 815 4111 Anno
835 4079 1003 4110 ccccxx.

627 4127 686 4172 (a)
716 4122 921 4167 Ausonii.
951 4134 1091 4172 quem
1120 4123 1372 4163 Rhetorem
1400 4123 1725 4165 doctissimum
1757 4125 2011 4173 Burdigale
2042 4124 2316 4163 adolescens
2337 4121 2499 4168 audiit,
2518 4123 2742 4162 Paulinus
2764 4122 2946 4170 copiam
2969 4124 3017 4163 et
3037 4126 3125 4164 ele·

577 4180 783 4229 gantiam
799 4179 1081 4221 aemulatus,
1097 4178 1344 4224 profanum
1361 4179 1519 4217 tamen
1534 4174 1813 4225 magistrum
1836 4180 1985 4218 sacris
2000 4177 2222 4217 cauendis
2239 4173 2482 4224 superavit
2498 4177 2674 4226 primas
2689 4185 2795 4215 eum
2812 4177 2857 4215 S.
2881 4178 3123 4218 Ambrosio

575 4243 682 4273 cum
710 4232 966 4272 Prudentio
994 4233 1041 4271 et
1072 4232 1299 4270 venantio
1328 4231 1454 4270 inter
1474 4229 1764 4271 Christianos
1793 4231 1957 4280 poetas
1983 4228 2134 4275 facile,
2162 4232 2208 4269 et
2227 4231 2399 4279 potiori
2424 4232 2584 4271 forsan
2599 4232 2723 4279 jure.
2742 4230 2976 4271 obtinens.
2999 4232 3126 4271 Lade

576 4299 762 4325 mamus
790 4290 827 4323 et
855 4285 978 4324 melle
1007 4295 1033 4323 a
1062 4286 1105 4324 S.
1136 4284 1397 4333 Augustino
1433 4285 1662 4330 laudatur,
1685 4295 1736 4323 ac
1756 4286 1932 4324 deliciae
1950 4285 2106 4324 dictus
2130 4285 2202 4323 est.
2218 4287 2393 4333 pietatis
2410 4287 2625 4334 antiquae.
2648 4284 2851 4332 operum
2873 4286 2916 4325 S.
2943 4285 3124 4324 Paulini

576 4334 929 4380 absolutissima
955 4336 1097 4378 editio
1126 4337 1285 4387 (cujus
1314 4334 1529 4386 vestigiis
1558 4338 1739 4377 institit
1770 4339 1987 4388 Patr-0109.
2020 4338 2143 4386 apud
2172 4338 2315 4387 Mtyne
2342 4340 2392 4377 Τ.
2431 4342 2527 4383 axi)
2567 4337 2850 4378 Veronensis
2883 4338 2976 4378 fuit
3014 4338 3123 4377 anni

575 4402 838 4433 Moccxxxvr
869 4389 1109 4432 eruditiss.
1139 4392 1385 4431 muratorii
1416 4393 1464 4430 et
1492 4388 1644 4431 Maffei
1674 4389 1802 4430 curii.
1834 4388 1986 4430 Vitam
2020 4391 2062 4431 8.
2087 4391 2317 4430 Ambrosii
2337 4392 2386 4432 et
2406 4401 2486 4431 sex
2508 4392 2567 4431 de
2588 4391 2630 4431 S.
2651 4388 2855 4432 Max-tino
2875 4393 3048 4430 'rur-on.
3069 4390 3123 4430 u·

575 4447 700 4493 bros,
718 4457 810 4486 non
828 4447 1055 4486 Paulinus
1074 4445 1150 4484 hic
1170 4447 1345 4489 noster.
1367 4446 1421 4484 ut
1440 4445 1696 4489 terebatur,
1714 4445 1797 4484 sed
1816 4445 1987 4484 Medlol
1996 4454 2067 4484 an.
2099 4444 2352 4493 Presbyter
2380 4445 2593 4493 ejusdem
2613 4445 2818 4485 nominis
2839 4445 3043 4496 scripsit.
