3357 4995
239 354 463 421 JUNII
517 354 602 418 ⁴2
1077 369 1154 417 nn
1203 369 1259 416 s.
1312 368 1634 417 nonurmo
1682 347 1956 419 snam-'m
2577 359 2704 422 275

245 453 570 523 habitans
621 451 691 520 in
742 451 871 519 hac
919 450 1276 540 spelunca,
1315 449 1386 517 in
1428 470 1637 536 quam
1673 473 1781 520 me
1809 451 2093 521 deduxit
2142 456 2364 522 Deus?
2410 456 2590 522 Haec
2638 475 2803 524 cum

241 541 429 642 apud
480 562 589 609 me
637 561 716 610 co
768 540 1034 619 itarem,
1091 538 1451 627 ingressus
1489 551 1593 610 est
1624 539 1731 607 vir
1771 551 2052 610 sanctus
2086 541 2280 610 canis
2330 540 2603 631 plenus,
2641 564 2803 633 spe-

239 652 343 700 cle
370 629 690 699 admiran
744 651 829 699 us
855 638 924 698 et
952 627 1268 707 decoruS‚
1304 649 1383 696 ex
1417 626 1671 717 palmis
1698 640 2009 698 contexto
2041 629 2450 700 indumento
2483 631 2795 712 vestitus,

238 734 306 788 et
335 739 544 790 suum
580 739 834 807 corpus
886 720 1507 805 contegenslpse
1541 727 1773 806 autem
1837 738 1997 786 cum
2048 739 2158 786 me
2204 717 2512 801 vidisset,
2568 720 2804 790 statim

238 818 340 878 est
368 807 735 887 allocutuS,
767 805 1006 875 dicens
1035 829 1051 869 ε
1091 827 1128 870 «
1157 809 1257 878 Tu
1280 825 1353 873 es
1377 803 1586 874 frater
1619 805 2076 895 PaphnutiuS‚
2116 807 2237 894 qui
2271 808 2629 877 contexisti
2652 831 2805 878 cor-

240 917 376 987 pus
407 896 627 966 sancti
663 895 877 985 patris
904 892 1284 963 Honofrii.»
1309 897 1474 963 Cum
1503 914 1667 984 ergo
1699 895 2199 985 cognovissem,
2232 917 2390 965 eum
2426 897 2499 965 in
2537 897 2804 966 visione

242 984 569 1055 didicisse
640 984 825 1071 quod
873 982 1131 1053 factum
1200 981 1444 1063 suerat,
1501 984 1735 1052 statim
1783 983 1847 1052 ei
1945 983 2164 1052 rocidi
2217 985 2302 1052 ad
2357 985 2589 1074 pedes.
2628 991 2803 1075 Ipse

244 1096 400 1144 vero
450 1095 560 1142 me
607 1071 1004 1143 consolatus
1053 1070 1224 1140 dixit
1277 1071 1490 1140 mihi:
1538 1095 1574 1136 «
1604 1075 1824 1162 Surge
1901 1084 2100 1152 rater,
2168 1077 2344 1142 Deus
2395 1086 2457 1143 te
2507 1074 2813 1164 dignum

244 1161 551 1242 censuit,
607 1174 684 1230 ut
729 1183 915 1232 esses
980 1160 1250 1229 amicus
1320 1171 1720 1231 sanctorum
1782 1160 2074 1247 ejusque
2146 1161 2590 1232 famulorum.
2648 1169 2804 1231 Jam

244 1252 432 1321 enim
481 1250 700 1320 didici
729 1251 818 1320 ab
847 1250 997 1339 ejus
1034 1247 1463 1338 providentia
1512 1262 1712 1317 tuum
1761 1248 2075 1319 futurum
2134 1249 2337 1318 hodie
2387 1251 2474 1324 ad
2525 1274 2632 1319 me
2682 1251 2806 1319 ad-

245 1339 726 1410 ventum.'1'ibi
775 1350 1003 1407 autem
1038 1337 1368 1427 aperiam,
1414 1337 1622 1406 frater
1653 1337 1920 1419 dilecte,
1957 1338 2142 1425 quod
2194 1361 2347 1409 sexa
2403 1338 2546 1409 inta
2580 1363 2804 1410 annos

249 1429 552 1499 habitavi
597 1428 670 1497 in
723 1428 848 1496 hac
884 1426 1304 1498 solitudine:
1360 1432 1502 1496 Non
1556 1426 1695 1494 vidi
1745 1426 2098 1495 hominem
2147 1428 2268 1513 qui
2301 1450 2340 1496 a
2440 1451 2549 1496 me
2603 1451 2804 1497 vene-

246 1519 352 1599 rit,
407 1517 545 1585 nisi
588 1538 705 1586 eos
744 1515 924 1587 solos
962 1515 1229 1595 fratreS,
1284 1515 1406 1601 qui
1436 1515 1548 1584 hic
1591 1536 1865 1585 mecum
1918 1516 2303 1584 habitant.»
2338 1518 2621 1587 Interim
2676 1541 2801 1586 au-

249 1616 382 1676 tem
419 1606 589 1674 dum
624 1627 749 1676 nos
785 1605 1245 1691 loqueremur,
1286 1602 1581 1694 ingressi
1623 1616 1787 1673 sunt
1827 1617 1960 1673 tres
1990 1604 2135 1684 alii,
2177 1616 2505 1692 tanquam
2553 1607 2801 1684 sancti,

246 1716 443 1764 senes
492 1708 718 1784 patres
765 1693 837 1761 in
888 1692 1080 1762 illam
1140 1691 1410 1774 cellam.
1467 1692 1594 1774 Qui
1647 1714 1755 1761 me
1814 1693 2281 1779 alloquentes,
2337 1695 2566 1763 statim
2621 1694 2808 1763 dixe-

245 1795 454 1852 runt:
511 1806 546 1848 «
583 1781 873 1852 Benedic
922 1782 1163 1850 frater:
1219 1785 1319 1852 Tu
1365 1804 1438 1852 es
1481 1781 1687 1850 frater
1732 1782 2207 1871 Paphnutius,
2264 1794 2494 1854 noster
2556 1784 2623 1851 in
2680 1789 2808 1851 Do—

248 1872 441 1940 mino
489 1882 908 1960 cooperator.
941 1875 1042 1938 Tu
1088 1892 1184 1949 eS‚
1224 1871 1346 1957 qui
1393 1869 1615 1941 texisti
1643 1891 1896 1960 corpus
1940 1872 2161 1940 sancti
2192 1873 2525 1940 Honosrii.
2567 1872 2803 1941 Gaude

244 1960 491 2040 frater;
520 1982 593 2031 es
621 1960 807 2028 enim
855 1959 929 2027 di
983 1971 1186 2028 natus
1220 1980 1548 2049 magnam
1585 1958 1905 2028 virtutem
1934 1979 2370 2048 cognoscere.
2399 1960 2651 2029 Videns
2686 1983 2807 2030 au-

247 2061 382 2118 tem
444 2049 798 2127 Dominus,
860 2069 946 2116 no
1001 2048 1059 2115 is
1108 2047 1563 2137 significavit,
1622 2046 1763 2116 sore
1810 2059 1886 2115 ut
1936 2047 2139 2116 hodie
2187 2049 2272 2116 ad
2327 2071 2448 2116 nos
2520 2051 2797 2119 venias:

240 2138 587 2224 jussitque
635 2150 713 2206 ut
770 2157 954 2207 esses
1002 2136 1365 2205 nobiscum
1435 2156 1656 2205 unum
1720 2135 1929 2204 diem.
1982 2136 2145 2204 Jam
2193 2138 2376 2206 enim
2451 2139 2803 2226 sexaginta

247 2248 467 2295 annos
515 2225 911 2295 habitamus
978 2226 1048 2292 in
1117 2225 1246 2293 hac
1295 2223 1669 2294 solitudine
1705 2280 1719 2304 ‚
1806 2245 2027 2310 neque
2093 2225 2398 2295 vidimus
2452 2226 2803 2294 hominem

297 2327 514 2384 raeter
556 2326 619 2384 te
668 2314 962 2382 solum.»
1004 2318 1171 2382 Cum
1223 2334 1379 2382 vero
1431 2334 1554 2382 nos
1594 2312 2150 2399 colloqueremur
2197 2314 2282 2383 de
2331 2326 2521 2404 patre
2573 2319 2803 2382 Hono-

245 2338 377 2471 Pmo
409 2415 473 2472 et
519 2404 674 2471 aliis
716 2401 995 2483 sanctis,
1040 2407 1204 2491 post'
1241 2401 1416 2472 duas
1465 2401 1671 2470 horas
1722 2400 2042 2471 dixerunt
2089 2402 2288 2471 mihi:
2352 2429 2372 2464 ε
2414 2407 2629 2491 Surge
2662 2402 2803 2471 sra-

250 2505 372 2573 ter,
426 2513 694 2583 vescere
737 2490 1007 2560 modico
1039 2513 1240 2581 pane,
1276 2503 1341 2559 et
1379 2490 1718 2561 confirma
1765 2512 1884 2559 cor
1929 2503 2129 2560 tuum
2158 2546 2177 2570 ,
2234 2491 2801 2578 quandoquidem

245 2581 493 2652 venisti
531 2603 567 2649 e
598 2579 1001 2670 longinquO,
1055 2590 1120 2649 et
1167 2580 1368 2669 cupis
1404 2580 1770 2649 nobiscum
1804 2578 2228 2648 collaetari.»

333 2672 372 2755 ἓ
419 2674 571 2742 16.
625 2675 992 2755 Postquam
1051 2690 1213 2759 ergo
1271 2689 1379 2736 me
1435 2668 1746 2737 fecerunt
1792 2688 2098 2757 surgere,
2168 2669 2538 2737 unanimes
2589 2674 2803 2738 Deum

248 2758 506 2846 precati
541 2778 810 2838 sumuS,
867 2770 932 2826 et
963 2778 1118 2826 ecce
1154 2756 1456 2826 vidimus
1513 2769 1672 2826 ante
1721 2778 1845 2825 nos
1883 2756 2193 2842 quinque
2243 2778 2456 2847 panes
2494 2758 2697 2837 leves,
2748 2772 2813 2827 ct

249 2846 625 2916 admodum
679 2846 1008 2937 pulchros
1031 2858 1097 2915 et
1144 2845 1496 2925 delicatos,
1554 2844 2033 2913 tantummodo
2060 2858 2310 2915 coctos.
2352 2847 2495 2934 Ipsi
2527 2867 2803 2932 quoque

249 2935 626 3005 attulerunt
673 2934 935 3021 aliquid
1001 2934 1189 3003 aliud
1241 2933 1674 3019 esculentum
1705 2988 1719 3013 ,
1772 2933 1957 3018 quod
2003 2934 2304 3020 *quidem
2369 2935 2802 3025 sumpsimus

250 3046 409 3094 cum
465 3024 789 3115 panibus,
845 3044 1221 3109 omnesque
1271 3022 1583 3091 sedimus
1631 3035 1697 3091 et
1729 3022 1941 3092 simul
1997 3024 2451 3093 comedim'us.
2501 3024 2642 3114 Ipsi
2680 3046 2808 3093 au-

210 3115 385 3181 'tem
426 3135 672 3183 rursus
711 3112 886 3180 mihi
926 3111 1280 3181 dixerunt:
1317 3135 1352 3177 «
1379 3116 1569 3190 Ecce,
1615 3124 1691 3181 ut
1714 3111 1862 3198 jam
1906 3111 2031 3181 tibi
2061 3111 2365 3181 diximus
2396 3126 2618 3193 antea,
2645 3135 2809 3182 cum

251 3202 605 3292 sexaginta
653 3202 855 3269 annis
903 3200 1444 3269 habitaverimus
1493 3200 1563 3267 in
1616 3200 1747 3268 hac
1797 3198 2195 3281 solitudine,
2244 3213 2541 3286 quatuor
2592 3224 2808 3290 panes

251 3291 369 3359 Dei
390 3291 598 3379 J‘ussu
637 3289 722 3358 ad
759 3311 882 3357 nos
929 3311 966 3357 e
1019 3288 1209 3358 coelo
1255 3288 1562 3374 quotidie
1610 3288 2059 3358 deferuntur:
2117 3311 2305 3359 nunc
2363 3303 2590 3360 autem
2644 3311 2809 3359 cum

253 3391 327 3447 tu
374 3379 458 3448 ad
512 3400 636 3447 nos
686 3379 977 3458 veneris,
1011 3399 1189 3453 ,ecce
1235 3398 1497 3467 panum
1549 3399 1884 3448 numerus
1935 3400 2059 3469 pro
2125 3393 2184 3447 te
2240 3400 2515 3464 quoque
2562 3392 2668 3447 est
2720 3378 2810 3446 ad

251 3489 378 3538 nos
409 3469 691 3537 missus:
730 3488 952 3554 neque
1002 3466 1261 3537 scimus
1293 3465 1660 3535 ‘undenam
1697 3466 2095 3547 afferantur,
2151 3467 2268 3535 sed
2311 3467 2617 3552 quotidie
2654 3464 2811 3556 spe-

254 3555 534 3625 luncam
584 3556 1070 3646 ingredientes,
1128 3555 1521 3624 invenimus
1561 3577 1676 3624 eos
1728 3576 1847 3644 per
1896 3577 1967 3623 se
2032 3567 2384 3644 paratos.»
2436 3561 2809 3642 Postquam

252 3666 407 3713 vero
440 3666 565 3713 nos
603 3643 813 3714 simul
865 3643 1321 3744 gustavimuS,
1376 3654 1512 3713 tota
1558 3643 1678 3713 illa
1727 3656 1923 3712 nocte
1973 3642 2265 3713 fecimus
2315 3645 2693 3714 orationes:
2749 3659 2814 3713 et

248 3754 575 3823 magnam
641 3754 957 3822 synaxim
1009 3732 1530 3802 celebravimus.
1590 3737 1748 3801 Erat
1785 3733 1973 3801 enim
2026 3746 2307 3802 sanctus
2372 3733 2521 3804 dies
2580 3734 2811 3801 Domi-

249 3821 470 3891 nicae.
527 3826 692 3891 Cum
732 3833 909 3892 esset
928 3834 1159 3890 autern
1197 3843 1424 3901 mane,
1464 3820 1699 3909 rogavi
1733 3821 1943 3910 ipsos,
1998 3835 2075 3889 ut
2112 3842 2463 3892 manerem
2500 3843 2657 3890 cum
2710 3823 2811 3889 eis

249 3910 322 3978 in
357 3909 692 4001 spelunca
720 3931 944 3996 usque
972 3910 1058 3979 ad
1099 3910 1283 3979 diem
1334 3909 1687 3980 ultimum.
1722 3911 1862 3998 Ipsi
1899 3931 2053 3978 vero
2105 3909 2597 3999 respondentes
2636 3910 2811 3978 mihi

251 3998 615 4069 dixerunt:
673 4004 871 4070 «Non
921 4011 1024 4070 est
1059 3999 1376 4068 voluntas
1423 3999 1562 4079 Dei,
1597 4010 1672 4066 ut
1721 4011 1795 4067 tu
1825 3998 2095 4068 habites
2131 4000 2198 4066 in
2237 3999 2363 4067 hac
2407 3999 2805 4069 solitudine:

250 4088 370 4158 sed
413 4110 643 4179 surge,
690 4102 753 4157 et
785 4087 955 4158 vade
1001 4089 1072 4156 in
1122 4092 1528 4179 Aegyptum,
1566 4101 1630 4156 et
1657 4107 1861 4156 narra
1902 4087 2235 4157 fratribus
2271 4088 2517 4156 Christi
2570 4108 2811 4155 aman—

251 4176 439 4247 tibus
486 4178 720 4246 omnia
766 4197 1245 4264 quaecumque
1295 4175 1526 4245 vidisti
1565 4175 1651 4244 ad
1704 4177 1918 4247 nostri
1970 4176 2412 4258 memoriam,
2467 4189 2532 4245 et
2579 4176 2665 4243 ad
2710 4176 2814 4245 lu-

252 4287 452 4334 crum
502 4277 568 4334 et
595 4265 961 4335 utilitatem
1009 4286 1250 4336 eorum
1299 4265 1421 4353 qui
1468 4264 1788 4335 audiunt.
1836 4289 1862 4329 ‹
1896 4271 2064 4334 Cum
2125 4265 2171 4333 ii
2222 4266 2390 4334 haec
2444 4265 2803 4345 dixissent,

255 4375 371 4422 eos
411 4354 608 4424 valde
664 4355 921 4445 rogavi,
961 4367 1036 4424 ut
1083 4376 1211 4423 sua
1263 4354 1544 4423 nomina
1598 4353 1767 4422 mihi
1833 4354 2331 4445 significarent.
2385 4354 2525 4442 Ipsi
2575 4366 2805 4421 autem

256 4464 392 4511 non
429 4455 592 4514 sunt
624 4444 811 4534 passi
845 4444 971 4513 hoc
1009 4443 1179 4539 mihi
1214 4443 1462 4513 dicere.
1506 4447 1717 4533 Saepe
1748 4463 1910 4533 ergo
1947 4444 2074 4512 hoc
2108 4444 2196 4513 ab
2223 4443 2322 4511 eis
2374 4442 2805 4511 vehementer
