3357 4995
665 296 790 360 3564
1326 315 1403 360 ni:
1449 314 1505 360 s.
1558 314 1798 361 maximo
1847 315 2100 362 uuam.
2154 314 2350 362 muse.
2757 297 2972 363 JUNII
3029 299 3115 361 25

578 423 787 487 quam
856 399 1094 469 subtili
1155 410 1583 469 sacramento
1638 399 1933 468 Trinitas
1994 422 2064 468 se
2110 399 2315 470 hodie
2363 399 2627 468 homini
2679 400 3019 469 revelarit.
3075 424 3116 465 »

580 488 770 572 Quod
822 488 1095 557 tandem
1145 488 1508 557 confirmat
1558 488 1887 578 majorem
1940 489 2007 556 in
2067 488 2350 559 modum
2400 499 2683 559 sanctus
2730 489 3120 579 Episcopus

582 583 793 645 Serm.
833 600 906 645 x:
956 601 989 642 «
1026 578 1204 647 Licet
1244 578 1428 646 enim
1478 576 1641 646 olim
1698 592 1898 646 natus
1944 592 2120 649 esset
2165 599 2245 646 ex
2280 578 2511 658 Maria,
2565 591 2630 647 et
2677 578 2956 670 triginta
2995 599 3122 646 an-

581 688 826 736 norum
862 665 1195 755 explesset
1241 675 1552 744 aetatem;
1607 678 1834 735 tamen
1886 665 2332 756 ignorabatur
2378 689 2416 734 a
2467 666 2752 736 mundo.
2812 672 2899 734 Eo
2956 679 3123 734 tem-

584 777 739 843 pore
788 756 1106 845 cognitus
1153 769 1276 835 est,
1321 776 1457 842 quo
1506 755 1590 823 ad
1631 755 1965 824 Joannem
2015 756 2410 846 Baptistam,
2447 766 2525 824 ut
2562 755 2631 822 in
2659 754 2953 824 Jordane
2989 755 3118 823 ba-

578 845 969 932 ptizaretur,
1025 844 1321 924 advenit,
1361 857 1425 913 et
1467 866 1589 912 vox
1626 843 1709 912 de
1758 843 1945 913 coelo
1985 844 2201 913 Patris
2250 844 2626 913 intonantis
2676 843 2912 914 audita
2958 855 3116 912 est:

578 936 702 1001 Hic
750 944 845 1001 est
895 935 1110 1000 Filias
1156 957 1337 1001 meus
1381 933 1665 1001 dilectus
1715 936 1784 1001 in
1839 958 1966 1024 quo
2013 935 2186 1002 mihi
2219 936 2375 1002 bene
2429 935 2826 1023 complacui.
2895 936 3118 1013 Quem

578 1026 771 1090 Pater
817 1021 901 1090 de
947 1022 1154 1092 coelis
1203 1044 1361 1090 voce
1410 1034 1928 1098 monstraverat,
1984 1023 2170 1090 hunc
2221 1021 2516 1111 Spiritus
2567 1027 2859 1091 Sanctus
2908 1042 3122 1089 verus

574 1110 772 1196 quasi
825 1110 890 1178 in
920 1109 1239 1179 columba
1269 1125 1333 1179 et
1368 1132 1575 1200 super
1607 1123 1816 1200 caput
1855 1110 2321 1198 illiuslsedens
2350 1122 2536 1179 tactu
2567 1109 2785 1179 voluit
2817 1109 3114 1178 demon-

579 1212 816 1277 strare,
874 1221 956 1268 ne
1003 1200 1159 1286 quis
1193 1199 1371 1268 alius
1420 1200 1532 1267 Dei
1570 1199 1780 1267 Filius
1823 1212 2177 1288 putaretur
2209 1221 2286 1268 ex
2322 1221 2407 1288 po
2461 1198 2660 1267 ulo...
2726 1199 3126 1288 Baptizatur

578 1310 617 1356 a
663 1288 923 1357 Joanne
956 1288 1023 1355 in
1054 1310 1283 1369 carne,
1330 1287 1445 1356 sed
1477 1288 1623 1377 ipse
1653 1288 1982 1356 loannem
2020 1288 2087 1355 in
2123 1288 2371 1377 spiritu
2434 1299 2621 1366 avat;
2656 1309 2900 1374 aquae,
2936 1310 3120 1374 quae

578 1389 843 1445 caetera
912 1377 1136 1464 lavare
1204 1389 1737 1455 consueverant,
1796 1376 2079 1445 Domino
2139 1388 2369 1445 nostro
2419 1375 2682 1446 lavante
2741 1375 3122 1445 mundatae

577 1470 739 1533 s'unt
748 1515 878 1532 .....
922 1490 955 1529 »
992 1466 1113 1535 His
1150 1465 1406 1534 similia
1440 1465 1775 1534 Maximus
1815 1471 2026 1534 Serm.
2067 1489 2151 1544 1x;
2190 1465 2427 1535 eadem
2472 1469 2686 1534 Serm.
2734 1489 2820 1535 xn
2851 1477 2916 1533 et
2946 1465 3120 1533 alibi

577 1553 711 1621 alia
750 1553 1043 1641 pulchre
1083 1567 1362 1623 exornat
1410 1554 1651 1634 forma,
1699 1554 1853 1622 aliis
1895 1554 2116 1623 verbis
2166 1566 2468 1632 exornat,
2526 1553 2931 1643 amplificat.

664 1645 700 1728 ἓ
745 1646 888 1713 15.
970 1647 1401 1729 Quamquam
1469 1665 1668 1733 porro
1737 1643 2069 1712 Maximus
2125 1655 2219 1712 tot
2273 1642 2550 1711 indiciis
2601 1641 3116 1711 manifestatam

588 1729 835 1798 Christi
884 1730 1309 1800 divinitatem
1360 1731 1572 1800 tuisse
1619 1731 2123 1813 animadvertit,
2159 1732 2660 1801 Incarnationis
2694 1744 2923 1800 tamen
2968 1753 3119 1819 my-

585 1818 869 1887 sterium
908 1819 1181 1889 diabolo
1229 1820 1580 1910 cognitum
1610 1820 1845 1900 fuisse,
1886 1825 2163 1891 Patrum
2199 1820 2632 1910 superiorum
2667 1819 3116 1889 traditionem

576 1921 873 1987 secutuS‚
918 1921 1139 1998 negat.
1186 1908 1483 1978 Homilia
1531 1909 1715 1977 enim
1767 1933 1953 1978 xxxvi
1992 1931 2169 1996 quae
2206 1920 2306 1978 est
2339 1915 2405 1976 ΙΙ*
2434 1907 2516 1977 de
2551 1908 2975 1999 Quadrages.
3011 1909 3114 1976 sic

581 1995 933 2066 diabolum
970 1997 1259 2078 inducit,
1300 1998 1545 2066 Christi
1579 2010 1730 2087 post
1752 1999 2100 2085 jejunium
2130 1998 2354 2067 esurie
2373 1998 2852 2066 haesitantem:
2887 2002 3118 2078 «Quae

578 2084 747 2153 haec
797 2098 935 2154 tam
985 2107 1156 2156 nova
1204 2100 1578 2176 potensque
1622 2088 1969 2175 generatio
2021 2091 2154 2156 est?
2203 2092 2385 2154 Inter
2436 2099 2825 2176 peccatores
2867 2097 2933 2154 et
2985 2086 3114 2152 im-

578 2174 728 2261 pios
775 2187 1000 2255 natus,
1055 2175 1325 2244 mortali
1384 2177 1588 2244 etiam
1641 2176 1726 2243 ‹le
1791 2187 2003 2244 matre
2054 2197 2480 2265 progressuS,
2541 2175 2897 2264 purgatior
2943 2196 3114 2242 cun-

575 2263 702 2330 ctis
754 2263 1194 2334 nascentibus
1242 2277 1305 2333 et
1352 2264 1502 2353 ipso
1554 2264 1725 2332 mihi
1774 2263 1961 2332 coelo
2010 2265 2248 2354 purior
2294 2276 2599 2354 apparet.
2656 2262 2991 2332 Avaritiae
3044 2262 3114 2329 in

574 2371 651 2420 eo
702 2351 893 2421 radix
945 2352 1135 2421 nulla
1182 2353 1561 2442 consurgit,
1624 2352 1818 2422 nulla
1879 2375 1996 2422 cor
2053 2355 2203 2441 ejus
2264 2351 2490 2442 pulsat
2540 2349 2838 2431 invidia,
2897 2352 3114 2420 nescit

576 2438 814 2530 lingua
862 2442 1012 2529 e'us
1063 2442 1527 2522 mendacium,
1582 2440 1765 2511 oculi
1814 2441 1963 2599 effus
2004 2441 2634 2531 concupiscentiam
2690 2462 2825 2510 non
2863 2439 3112 2510 admit-

576 2542 749 2609 tunt,
798 2554 894 2600 nu
929 2531 991 2599 la
1033 2532 1304 2600 aurium
1345 2532 1696 2620 voluptate
1731 2553 1842 2599 mo
1875 2532 2065 2609 litur;
2101 2544 2166 2601 et
2200 2531 2366 2618 quid
2418 2529 2875 2619 plura?nihil
2924 2530 2996 2597 in
3037 2551 3111 2597 eo

582 2620 843 2708 reperio
891 2620 1069 2707 quod
1133 2643 1241 2690 me
1296 2620 1603 2699 delectet,
1674 2641 1915 2689 omnes
1972 2642 2157 2688 meos
2213 2631 2502 2689 conatus
2566 2632 2872 2687 evacuat.
2935 2617 3111 2700 Quid

571 2711 825 2797 agam?
856 2715 1003 2791 Quo
1036 2732 1142 2777 me
1173 2712 1608 2778 convertam?
1643 2708 2012 2777 Fortiorem
2047 2708 2287 2783 sentio:
2330 2720 2492 2798 puto
2525 2707 2726 2778 illum
2777 2708 2849 2775 in
2901 2728 3110 2796 regno

576 2817 725 2864 meo
776 2798 943 2866 velle
992 2820 1302 2886 regnare,
1342 2820 1423 2866 ne
1458 2798 1622 2867 forte
1658 2802 1834 2866 Deus
1869 2797 1955 2866 sit
1989 2797 2133 2878 iste,
2165 2819 2371 2883 quem
2411 2796 2684 2867 nullum
2722 2807 2938 2886 potest
2967 2818 3112 2864 ma·

574 2884 808 2953 culare
848 2885 1201 2956 delictum.
1241 2886 1367 2955 Sed
1421 2887 1479 2954 si
1540 2891 1715 2955 Deus
1763 2898 1960 2965 esset,
1999 2885 2343 2971 quomodo
2394 2883 2839 2975 indignitates
2875 2896 3110 2974 partus

575 2970 853 3042 feminei
905 2976 1324 3044 sustineret?
1356 2974 1711 3057 Quomodo
1775 2986 1951 3043 esset
2004 2975 2206 3043 cunis
2263 2975 2653 3062 pannisque
2709 2971 3117 3043 contentus?

573 3062 741 3141 Quis
771 3063 1045 3132 credere
1095 3065 1306 3154 possit
1348 3064 1613 3153 vagitus
1656 3063 1726 3131 in
1781 3068 1911 3133 Deo
1939 3068 1969 3130 ⁶?
2025 3062 2143 3132 Cui
2185 3084 2319 3133 non
2373 3061 2683 3132 audienti
2732 3060 3110 3131 ridiculum

570 3162 671 3217 est
719 3154 933 3220 Deum
982 3150 1276 3222 femineo
1326 3153 1497 3222 lacte
1556 3152 1852 3221 nutriri?
1908 3157 2062 3221 Post
2114 3152 2394 3232 omnia,
2456 3171 2614 3219 ecce
2662 3150 2901 3231 esurit,
2947 3172 3111 3219 cum

570 3237 807 3325 utique
871 3241 1134 3310 esurire
1184 3247 1421 3321 Deum,
1459 3242 1629 3310 ratio
1676 3240 1874 3309 nulla
1921 3240 2349 3330 persuadeat.
2380 3239 2856 3331 -Ignorabat
2904 3238 3112 3307 nimi-

570 3348 724 3396 rum
777 3328 1097 3399 diabolus
1170 3330 1334 3417 quia
1393 3330 1578 3417 quod
1630 3330 1938 3400 Christus
1987 3330 2406 3398 nutrimenta
2503 3327 2836 3399 erserebat
2885 3327 3109 3396 insan-

571 3414 727 3497 tiae,
780 3418 1100 3506 quodque
1147 3419 1496 3489 esuriebat
1545 3431 1618 3488 ut
1667 3419 1896 3499 homo,
1925 3440 2058 3487 non
2109 3432 2254 3487 erat
2291 3416 2464 3507 sragi
2501 3417 2681 3487 itatis
2714 3437 3106 3507 corporeae,

568 3504 685 3573 sed
721 3507 1032 3578 coelestis
1081 3508 1340 3597 gratiae
1387 3517 1983 3577 sacramentum...
2039 3511 2206 3575 Ecce
2276 3518 2566 3575 tentator
2590 3507 2770 3575 trina
2813 3506 2965 3596 jam
3003 3506 3114 3573 in-

571 3595 1025 3696 terrogatione
1065 3597 1237 3665 nihil
1275 3596 1565 3688 proficit.
1609 3601 1920 3665 Incertus
1964 3595 2144 3665 venit
2179 3596 2471 3685 (tentare
2499 3594 2896 3686 Ckrz'stum);
2931 3593 3111 3663 redit

568 3695 914 3754 incertior.
951 3710 988 3751 »

655 3773 691 3857 ἓ
728 3778 881 3846 16.
935 3774 1134 3842 Illam
1184 3785 1412 3844 autem
1449 3773 1692 3842 Christi
1745 3774 2043 3843 esuriem
2084 3772 2340 3864 optime
2368 3772 2589 3863 pergit
2623 3773 2966 3842 Maximus
2997 3793 3112 3841 ex—

568 3858 826 3948 plicare
860 3862 927 3930 in
969 3867 1293 3931 Sermone
1338 3886 1440 3942 xv,
1498 3884 1620 3931 nec
1645 3883 1781 3931 non
1820 3860 2138 3932 Homiliis
2177 3884 2390 3931 xxxvn
2414 3873 2479 3931 et
2526 3882 2719 3950 seqq.
2748 3883 2828 3931 ac
2858 3884 3014 3932 xun
3049 3872 3117 3930 et

565 3971 731 4017 xmx:
810 3950 1153 4032 «Esuriit,
1212 3951 1488 4031 dicens,
1549 3972 1685 4020 non
1742 3950 1975 4021 cibum
2026 3949 2390 4022 hominum
2439 3948 2559 4020 sed
2610 3950 2930 4033 salutem,
2988 3971 3114 4019 nec

562 4059 878 4109 escarum
964 4038 1379 4110 secularium
1449 4039 1691 4131 epulas
1759 4040 2187 4131 concupivit,
2267 4039 2385 4109 sed
2447 4037 2848 4109 animarum
2927 4036 3114 4109 desi·

565 4124 824 4226 deravit
873 4129 1329 4198 sanctitatem.
1366 4129 1611 4199 Christi
1644 4129 1832 4199 enim
1872 4128 2070 4199 cibus
2107 4140 2209 4199 est
2233 4127 2613 4218 redemptio
2656 4126 3109 4220 populorum,

565 4215 765 4287 cibus
815 4217 1061 4287 Christi
1108 4230 1209 4288 est
1258 4223 1582 4288 Paternae
1658 4217 2029 4289 voluntatis
2087 4217 2392 4290 effectus.
2453 4240 2489 4283 »
2539 4221 2765 4299 Quare
2824 4216 3108 4305 inquit:

568 4327 604 4370 «
642 4306 1090 4397 Omnipotens
1153 4306 1559 4398 Unigenitus
1606 4308 1730 4395 qui
1779 4319 2081 4378 nostram
2132 4306 2356 4398 magis
2413 4305 2708 4376 esuriret
2773 4304 3107 4388 salutem,

567 4392 687 4462 tali
715 4406 1115 4468 tentatorem
1166 4419 1371 4467 suum
1409 4395 1854 4486 responsione
1884 4395 2235 4468 confudit:
2275 4400 2418 4468 Non
2450 4397 2523 4465 in
2558 4398 2698 4467 solo
2727 4418 2909 4487 pane
2939 4396 3114 4466 vivit
