3357 4995
736 326 863 390 572
1472 340 1549 386 nii
1598 340 1653 387 s.
1709 333 2076 385 ADALiiiin‘ro
2124 334 2349 384 mvii-A
2827 318 3051 383 JUNIl
3102 320 3189 384 25

647 433 711 497 S.
783 425 1116 497 Antistitis
1164 425 1441 495 tradunt
1506 423 1856 525 sepultum
1903 424 1974 492 in
2024 423 2313 493 ecclesia
2362 427 2427 490 S.
2502 420 2787 491 ‚Ioannis
2845 426 3036 512 Bapt.
3109 422 3184 491 in

647 538 821 607 pago
875 515 958 585 de
1021 513 1361 605 Collegno,
1417 512 1861 594 milliaribus,
1918 518 2111 604 Rom.
2154 532 2519 581 mensurae
2569 510 2915 598 quinque,
2971 510 3185 579 Pede-

642 616 1009 675 montanae
1042 603 1285 686 tribuS,
1332 602 1506 673 urbe
1544 601 1851 682 distanti,
1950 623 2063 682 u0,
2099 601 2269 671 dum
2322 599 2508 680 vixit,
2540 598 2863 685 frequens
2902 611 3183 668 oratum

646 717 719 764 se
749 692 1057 764 conferre
1102 690 1344 762 solitus
1376 705 1542 761 erat.
1598 695 1843 761 Eversa
1878 690 1924 759 il
1958 712 1997 759 a
2030 690 2198 759 aede
2254 700 2319 759 et
2373 688 2651 758 nonnisi
2685 687 2973 778 longum
3027 701 3186 778 post

646 794 917 873 tempus
957 782 1287 861 restituta,
1333 801 1565 851 sacrae
1599 779 1871 849 Maximi
1905 779 2208 860 exuviae,
2247 800 2449 870 saepe
2488 776 2853 867 diligenter
2886 778 3185 864 conqui-

646 871 837 953 sitae,
873 870 1099 940 adhuc
1147 869 1381 939 latent.

942 1131 1071 1231 DE
1137 1131 1218 1230 S.
1289 1127 1896 1230 ADALBERTO
1968 1124 2244 1230 CONF.
2317 1129 2439 1229 ET
2507 1126 2876 1227 LEVITA

1178 1354 1599 1419 DISCIPULO
1650 1355 1714 1418 S.
1789 1353 2346 1418 WILLIBRORDI
2395 1353 2644 1418 EPISC.

742 1571 924 1616 EDITA
971 1569 1010 1615 A
1058 1567 1379 1616 CENOBITIS
1426 1566 1972 1616 MEDELOCENSIBUS
2021 1567 2199 1615 CIRCA
2249 1568 2468 1615 ANNUM
2517 1567 2773 1615 SALUTIS
2820 1565 3087 1614 DCCCCXC

822 1678 934 1724 SED
994 1676 1222 1724 STYLUS
1283 1676 1505 1723 passm
1562 1673 1854 1722 MUTATUS
1919 1677 2030 1722 EST
2094 1677 2208 1722 PER
2272 1676 2674 1723 LAURENTIUM
2738 1674 3000 1722 summi.

1305 1819 1493 1876 Obiit
1533 1834 1711 1877 anno
1747 1822 1877 1875 740
1921 1849 1994 1858 —
2036 1822 2191 1876 Nat.
2231 1821 2519 1888 Anglus.

732 2008 884 2092 §t
950 2010 1032 2072 Le
1086 2004 1269 2072 imus
1320 2002 1390 2071 in
1446 2002 1940 2072 Ecclesiasticis
2005 2002 2318 2072 Historiis
2377 2002 2650 2072 beatum
2729 2002 3102 2091 Egbertum

643 2094 916 2163 coelesti
964 2116 1003 2163 a
1080 2106 1267 2161 atum
1320 2091 1684 2172 desiderio,
1747 2091 2084 2182 patriam,
2156 2104 2469 2180 parentes
2504 2146 2518 2171 ,
2582 2111 3000 2177 omnemque
3048 2090 3184 2160 fre-

642 2183 991 2269 quentiam
1032 2194 1359 2270 cognatae
1410 2180 1784 2250 nobilitatis
1831 2180 2213 2268 reliquisse,
2272 2191 2474 2266 atque
2516 2179 2742 2250 studio
2792 2180 3186 2280 peregrina·

645 2271 847 2340 tionis
893 2282 958 2338 et
995 2270 1238 2339 ardore
1276 2270 1449 2338 vitae
1476 2269 1861 2340 remotioris
1895 2269 1964 2337 in
1996 2268 2411 2359 Hyberniam
2447 2269 2830 2338 secessisse.
2868 2268 2997 2337 Ubi
3022 2292 3186 2338 cum

642 2358 989 2459 praeclaro
1056 2359 1387 2428 virtutum
1446 2357 1757 2447 profectu
1803 2369 1867 2427 et
1916 2358 2100 2428 haud
2153 2357 2447 2427 obscura
2497 2357 2670 2425 vitae
2719 2357 3181 2429 sanctimonia

642 2470 711 2517 in
746 2446 1118 2517 multorum
1175 2447 1700 2518 admirationem
1765 2448 2080 2529 venisset,
2129 2451 2259 2515 Deo
2309 2446 2376 2514 id
2436 2469 2473 2515 a
2525 2456 2699 2527 ente,
2755 2446 3015 2517 multos
3071 2447 3181 2516 sui

641 2550 1005 2608 sectatores
1038 2538 1297 2606 effecit:
1346 2537 1795 2623 certatimque
1835 2537 1915 2604 ad
1959 2559 2118 2606 eum
2156 2549 2293 2604 tam
2329 2539 2474 2625 Ang
2505 2537 2524 2603 i
2558 2557 2765 2622 quam
2804 2537 2982 2605 Scoti
3020 2559 3186 2604 con·

640 2627 969 2706 ssuebant,
1014 2626 1194 2695 ultro
1235 2647 1305 2694 se
1342 2627 1413 2693 in
1449 2626 1597 2714 ejus
1630 2625 2071 2715 disciplinam
2110 2624 2373 2695 tradere
2396 2626 2771 2724 cupientes.
2818 2630 2892 2692 ln
2925 2624 3008 2694 iis
3038 2637 3188 2693 erat

640 2716 842 2784 etiam
897 2720 961 2783 S.
999 2714 1423 2793 AdalbertuS,
1466 2715 1586 2800 qui
1622 2728 1972 2800 tamquam
2013 2715 2163 2804 apis
2196 2735 2612 2813 generosior,
2648 2713 2956 2781 arctioris
3003 2714 3182 2781 vitae

642 2804 953 2874 instituta
986 2825 1118 2872 non
1163 2802 1461 2893 segniter
1490 2815 1589 2872 est
1627 2801 2049 2891 complexus
2084 2807 2395 2871 Actiones
2427 2804 2612 2871 enim
2649 2824 2808 2872 suas
2835 2800 2918 2868 ad
2945 2822 3186 2869 exem—-

642 2893 751 2982 pla
844 2893 891 2959 ii
943 2914 1183 2982 praece
1236 2891 1401 2961 toris
1449 2891 1944 2971 conformabat,
1999 2905 2063 2960 et
2096 2914 2221 2960 ceu
2258 2892 2599 2960 mundum
2650 2888 2937 2965 animal,
2973 2889 3182 2976 quic-

639 2916 837 3067 qui'dp
863 2981 1024 3050 boni
1072 3003 1160 3049 au
1216 2980 1424 3049 itione
1473 2980 1870 3069 accepisset,
1907 2980 2140 3049 animo
2190 2980 2606 3060 ruminabat,
2637 2992 2702 3048 et
2749 2999 2950 3068 opere
2998 3001 3184 3047 exer·

640 3070 877 3138 cebat:
931 3092 1057 3138 nec
1110 3070 1193 3138 de
1242 3069 1388 3138 sola
1430 3069 1714 3138 scientia
1746 3067 1877 3137 sibi
1913 3070 2209 3139 inaniter
2241 3069 2729 3158 applaudebat,
2769 3089 2890 3136 nec
2921 3068 3182 3137 animis

640 3142 1123 3227 tumescebatz¹
1149 3157 1263 3228 sed
1311 3180 1459 3227 eam
1505 3168 1832 3247 perpetuo
1878 3157 1949 3225 in
1997 3180 2172 3247 opus
2213 3157 2520 3228 conferre
2555 3158 2777 3247 magis
2819 3156 3184 3247 magisque

640 3247 1141 3316 connitebatur.
1181 3251 1391 3333 Atque
1438 3247 1531 3315 ita
1581 3269 1701 3336 per
1733 3269 1817 3314 an
1875 3258 2097 3316 ustam
2136 3248 2619 3316 mandatorum
2673 3245 2784 3314 Dei
2836 3246 3019 3314 viam
3075 3246 3184 3313 in-

641 3336 982 3425 gredienS‚
1024 3336 1210 3405 brevi
1242 3335 1532 3424 adeptus
1569 3348 1670 3403 est
1703 3357 1821 3404 coe
1853 3337 2099 3404 estium
2132 3336 2462 3406 virtutum
2501 3334 2970 3404 latitudinem.

728 3428 764 3512 ξ
809 3430 896 3494 2.
952 3430 1154 3493 Porro
1189 3425 1291 3492 vir
1341 3424 1608 3492 Domini
1650 3425 2006 3513 EgbertuS,
2042 3424 2444 3510 quotidiana
2477 3423 2865 3494 sanctitatis
2899 3424 3185 3513 capiens

642 3514 1100 3593 incrementa,
1140 3536 1264 3602 pro
1312 3535 1516 3603 parvo
1559 3512 1855 3581 ducebat
1911 3534 2074 3581 suae
2116 3514 2331 3584 unius
2376 3512 2578 3582 saluti
2623 3511 3018 3581 consulere:
3059 3513 3179 3580 sed

692 3624 764 3670 ro
811 3603 1017 3671 insita
1065 3602 1296 3671 animo
1342 3603 1493 3692 ejus
1542 3601 1879 3692 singulari
1930 3601 2374 3691 benignitate.
2431 3622 2868 3690 summopere
2903 3612 3183 3700 appete-

642 3624 756 3759 ssat
791 3691 1112 3781 prodesse
1144 3689 1489 3790 plurimiS‚
1538 3690 1857 3780 inprimis
1889 3701 2117 3760 autem
2155 3703 2430 3761 sanctae
2464 3689 3001 3779 praedicationis
3029 3701 3176 3758 stu-

641 3778 755 3848 dio
789 3780 873 3848 ad
916 3779 1336 3848 Christianae
1369 3779 1723 3869 religionis
1756 3778 2190 3878 complexum
2228 3778 2568 3848 adducere
2601 3778 2920 3846 homines
2947 3777 3178 3847 ethni·

641 3867 843 3937 cismi
889 3868 1241 3937 erroribus
1303 3866 1716 3957 implicatos.
1768 3867 2070 3947 Audiens
2130 3869 2342 3958 igitur
2419 3867 2821 3937 Germaniae
2884 3866 3184 3957 populos

641 4009 826 4057 dieitur,
848 4022 903 4052 ex
918 4013 1130 4061 prodigio
1144 4010 1557 4053 mirfflceutissimo
1576 4023 1669 4062 quo
1685 4014 1925 4060 divinitus,
1940 4014 1997 4053 ad
2025 4014 2332 4053 roborandam
2349 4016 2450 4061 ejus
2470 4014 2608 4054 fidem
2623 4015 2674 4054 in
2691 4018 2945 4063 augustuni
2965 4012 3188 4053 Euchai-

642 4063 813 4105 stieum
841 4066 1130 4113 mysterium.
1160 4067 1231 4105 est
1258 4064 1460 4113 dignata.
1491 4067 1565 4106 die
1587 4067 1715 4114 junii
1744 4076 1805 4111 vi.
1833 4068 1941 4106 enni
1973 4076 2211 4107 uccecniii.
2242 4068 2419 4107 Accidit
2453 4068 2578 4107 enim
2607 4067 2662 4108 ut
2690 4076 2797 4107 cum
2815 4066 3033 4115 sacrilegi
3054 4076 3186 4115 prae·

642 4116 774 4159 donis
805 4129 833 4158 a
860 4119 1114 4159 sabaudiae
1143 4119 1313 4158 tinibus
1338 4119 1537 4159 mediam
1564 4130 1647 4168 per
1676 4119 1842 4160 urbem
1874 4120 2164 4161 transeuntis
2192 4122 2461 4169 jumentum
2488 4117 2769 4163 corruisset.
2797 4120 3029 4169 disruptis
3070 4130 3188 4160 casu

643 4173 841 4213 sarcinis
878 4172 1103 4212 extricata
1139 4173 1187 4211 et
1220 4174 1400 4220 patenti
1427 4171 1713 4218 hierotheo&
1741 4173 1995 4214 adorabilis
2027 4174 2191 4213 Hostis
2220 4175 2270 4213 in
2300 4174 2502 4215 sublime
2532 4184 2584 4214 ee
2610 4183 2662 4213 se
2694 4173 2853 4214 efferet
2884 4177 2931 4212 et
2961 4173 3189 4213 universa

642 4226 934 4275 inspectante
964 4225 1079 4265 urbe
1106 4225 1285 4266 tamdiu
1310 4227 1361 4265 in
1393 4224 1499 4266 aei-e
1528 4227 1734 4275 pendula
1762 4227 1978 4276 fulgeret.
2005 4227 2152 4267 donec
2185 4228 2235 4266 in
2252 4238 2343 4276 sup
2375 4228 2478 4267 licta
2494 4224 2731 4269 Antistius
2752 4226 2968 4266 manibus
2992 4224 3188 4266 deseen-

642 4277 804 4320 disset.
833 4279 1043 4319 Pei-tenti
1072 4279 1202 4319 locus
1230 4279 1279 4317 in
1309 4280 1522 4338 ecelesia.
1550 4280 1607 4319 ad
1638 4281 1797 4340 tantae
1822 4277 1893 4320 rei
1922 4282 2292 4326 monumentum,
2322 4238 2511 4329 eloi-pori
2532 4281 2705 4321 Chi-isti
2725 4278 2742 4332 (
2748 4281 2888 4328 vulgo
2907 4281 3188 4329 corpus-Do-

644 4335 767 4378 mi'm')
797 4335 910 4372 tune
939 4335 1164 4377 extructa,
1191 4333 1413 4373 cancellis
1447 4334 1637 4372 clausus
1668 4336 1882 4383 signatur
1908 4334 2083 4383 lapide.
2111 4334 2377 4383 festumque
2424 4335 2628 4373 ›liv-acan
2665 4333 2917 4383 quotannis
2955 4342 3187 4381 perquam

645 4388 845 4427 solemni
874 4388 969 4426 ritu
999 4387 1046 4426 et
1076 4386 1228 4426 officio
1255 4396 1339 4435 pei·
1367 4382 1605 4435 integi-iim
1632 4387 1823 4436 propi-io
1859 4387 1906 4426 et
1935 4385 2115 4436 egregie
2145 4388 2424 4428 concinnato
2453 4387 2758 4427 devotissime
2788 4387 3076 4427 celebratur.

699 4443 724 4468 ¹⁸¹
753 4442 806 4480 In
824 4440 1057 4491 Mai-tyrol.
1079 4440 1256 4479 Illustr.
1278 4449 1469 4489 manin,
1486 4448 1530 4487 p.
1555 4440 1646 4479 ³52.
