3357 4995
703 304 830 368 616
1391 321 1471 366 ΒΕ
1518 322 1572 367 s.
1629 317 1955 369 sAnrsoNz
2002 319 2372 367 xenonocflo
2724 368 2732 376 ,
2803 301 3039 364 JUNII
3093 302 3136 364 2

615 405 893 494 quidem
930 404 1179 484 dicere,
1246 415 1312 473 et
1367 426 1618 495 magna
1680 405 1882 473 verba
1931 404 2145 491 loqui,
2201 402 2378 471 nihil
2429 414 2657 472 autem
2706 403 3033 473 conferre
3093 402 3180 471 ad

617 495 1068 574 curationem,
1107 493 1320 562 immo
1368 515 1521 563 vero
1574 493 1867 574 laedere,
1921 506 1984 563 et
2034 494 2326 583 majores
2371 491 2646 561 dolores
2693 492 2970 572 afferre,
3027 493 3185 581 ipse

619 584 1007 674 agitabatur
1052 582 1332 668 quidem
1364 581 1748 663 doloribus,
1789 582 1965 651 ferre
1990 604 2148 651 vero
2179 603 2316 650 non
2355 593 2637 671 poterat.
2677 585 2891 667 Atque
2922 601 3184 649 omnes

617 672 937 760 quidem⁴
974 671 1276 740 medicos
1348 692 1425 740 ex
1488 693 1708 758 aequo
1758 671 2232 742 condemnans
2295 684 2373 739 ut
2421 669 2725 750 inutiles,
2780 671 2848 737 in
2904 668 3181 737 malam

618 784 760 832 rem
805 761 994 830 abire
1034 760 1275 848 jussit:
1330 760 1413 828 ad
1468 765 1678 828 Deum
1739 773 1969 830 autem
2020 757 2351 847 confugit,
2406 769 2471 827 et
2509 758 2572 827 ei
2621 780 2872 848 magno
2934 757 3184 827 studio

621 851 966 930 adhaeret,
1027 861 1091 918 et
1140 849 1332 918 illinc
1380 849 1648 935 quaerit
1695 849 2060 918 auxilium.
2115 854 2626 934 Nonnunquam
2672 849 2858 915 enim
2893 859 3181 935 egestas

623 940 864 1020 docet,
918 938 1084 1024 quid
1137 938 1337 1006 nobis
1404 939 1490 1007 sit
1548 937 1749 1017 utile,
1803 950 1868 1005 et
1923 937 2169 1019 efficit,
2224 947 2301 1005 ut
2348 936 2700 1006 discamus
2735 991 2750 1016 ,
2805 935 3179 1004 undenam

621 1051 856 1098 verum
920 1027 1144 1205 v)eniat
1183 1026 1544 1096 auxilium.
1584 1030 1945 1095 Auxilium
1993 1027 2176 1095 enim
2218 1048 2462 1106 mcum,
2501 1024 2745 1111 inquit,
2809 1048 2854 1092 α
2887 1026 3180 1093 Domino

658 1124 759 1186 Ps.
818 1122 943 1185 1120
983 1166 997 1182 .

620 1117 652 1207 (
703 1209 752 1362 ἓ
798 1211 885 1277 5.
942 1211 1108 1274 Cum
1161 1206 1387 1291 itaque
1420 1204 1853 1273 vehementer
1888 1203 2212 1292 petiisset,
2262 1224 2399 1270 non
2449 1202 2638 1271 tarde
2684 1203 3170 1289 consequitur,

629 1316 699 1364 se
787 1296 846 1362 ei
878 1294 949 1362 in
980 1294 1242 1363 somnis
1279 1292 1661 1362 ostenditur
1687 1292 2055 1361 multitudo
2092 1291 2541 1370 medicorum,
2580 1292 2700 1377 qui
2732 1289 2985 1359 ordine
3018 1290 3177 1376 qui-

629 1383 784 1452 dem
851 1382 1188 1461 astabant,
1245 1382 1526 1449 honesta
1577 1403 1769 1460 vero,
1822 1394 1885 1449 et
1932 1402 2108 1467 quae
2168 1380 2640 1449 sacerdotibus
2685 1380 3169 1458 conveniebat,

629 1483 823 1541 erant
857 1484 1035 1541 veste
1084 1470 1333 1538 induti.
1374 1469 1551 1538 Vidit
1583 1484 1810 1540 autem
1844 1468 2210 1556 quemdam
2253 1467 2686 1537 accedentem
2714 1468 3168 1547 Eunuchum,

628 1583 709 1629 ex
757 1583 925 1628 auro
972 1559 1249 1647 quidem
1288 1572 1595 1627 contexta
1628 1571 1810 1626 veste
1860 1559 2205 1637 indutum,
2251 1557 2639 1646 Praeposito
2685 1578 2842 1624 vero
2900 1557 3174 1625 amictu

621 1648 971 1728 similem,
1024 1649 1146 1733 qui
1205 1647 1391 1717 visus
1441 1659 1540 1716 est
1586 1647 1942 1716 ostendere
1988 1667 2633 1733 unumquemquam
2685 1668 2763 1714 ex
2814 1644 3159 1724 medicis,

628 1758 767 1823 quo
808 1736 895 1805 sit
944 1736 1160 1815 vultu,
1202 1749 1415 1804 aetate
1447 1748 1511 1804 et
1540 1735 1822 1805 habitu:
1857 1737 2034 1804 inter
2078 1756 2251 1821 quos
2299 1756 2545 1815 unum,
2587 1734 2708 1821 qui
2745 1747 2890 1803 erat
2942 1734 3172 1824 specie

631 1825 942 1907 humiliS‚
997 1825 1189 1893 canis
1236 1825 1549 1905 decoruS,
1604 1825 1850 1895 vestitu
1908 1825 2237 1893 honestus
2283 1837 2346 1893 et
2391 1823 2839 1909 composituS,
2895 1834 2966 1892 et
3016 1821 3168 1890 dili-

631 1914 903 2003 gentius
968 1936 1233 1993 curare,
1286 1926 1363 1982 ut
1411 1926 1613 1982 notus
1659 1926 1835 1983 esset
1885 1914 2309 2003 Imperatori,
2375 1926 2439 1981 et
2484 1911 2773 1990 efficere,
2828 1925 2908 1980 ut
2959 1911 3165 1980 sciret

628 2002 858 2089 qualis
907 2015 1081 2072 esset
1130 2004 1198 2070 in
1232 2003 1578 2083 omnibus,
1617 2015 1682 2071 et
1718 2002 2000 2070 dixisse:
2046 2002 2171 2069 Hic
2200 2001 2409 2081 soluS,
2469 2013 2533 2069 et
2565 2000 2801 2069 nullus
2849 2022 2935 2068 ex
2986 1999 3159 2078 aliis,

630 2091 754 2160 tibi
794 2103 1011 2181 potest
1043 2091 1229 2171 dare,
1284 2103 1377 2167 ut,
1406 2114 1443 2160 a
1492 2103 1706 2160 morte
1757 2090 2085 2159 libereris
2149 2095 2513 2175 Postquam
2565 2100 2792 2157 autem
2834 2112 2874 2157 a
2918 2109 3162 2158 somno

632 2180 762 2248 fuit
808 2181 1139 2250 excitatus
1179 2184 1578 2270 Imperator,
1621 2202 1855 2248 verum
1893 2178 2219 2266 judicans
2274 2200 2422 2247 esse
2463 2178 2860 2266 somnium(
2891 2191 2977 2247 ut
3020 2197 3160 2245 cre-

634 2268 822 2337 deret
869 2269 1051 2337 enim
1105 2269 1413 2337 effecerat
1461 2270 1580 2355 qui
1630 2268 2016 2358 providerat
2062 2280 2140 2337 ut
2171 2267 2449 2348 videret,
2502 2279 2566 2334 et
2611 2287 2788 2352 quae
2838 2266 2991 2335 visa
3027 2265 3161 2333 fue-

628 2369 807 2437 rant,
860 2370 1001 2426 erat
1050 2378 1119 2426 re
1178 2358 1323 2446 ipsa
1375 2356 1911 2445 confirmatus),
1980 2355 2308 2445 impletur
2354 2355 2635 2443 quidem
2688 2355 2988 2444 gaudio:
3053 2376 3160 2422 ac-

633 2447 837 2517 cersit
884 2458 1109 2516 autem
1163 2447 1387 2515 statim
1440 2446 1764 2517 medicos.
1819 2451 1896 2515 Et
1945 2445 2043 2514 illi
2091 2445 2370 2531 quidem
2426 2456 2924 2523 convenerunt,
2984 2456 3050 2512 et
3095 2464 3157 2511 se

633 2537 696 2604 ei
742 2558 980 2605 omnes
1017 2558 1245 2606 coram
1277 2547 1633 2605 steterunu
1676 2536 1798 2604 Ille
1827 2557 1982 2604 vero
2029 2555 2597 2621 unumquemque
2644 2533 3013 2612 lustrabat,
3058 2531 3155 2598 di-

631 2625 1085 2714 ligentissime
1132 2638 1593 2714 perscrutans,
1637 2638 1703 2692 et
1743 2647 1876 2692 non
1921 2624 2154 2692 minus
2201 2623 2625 2703 examinanS‚
2665 2644 2874 2708 quam
2910 2640 3151 2690 aurum

629 2713 809 2803 lapis
858 2713 1152 2802 LydiuS,
1209 2713 1610 2799 vultumque
1678 2726 1741 2782 et
1789 2714 2130 2802 figuram,
2186 2724 2250 2781 et
2298 2725 2619 2790 aetatem,
2677 2697 3153 2779 conveniente?

631 2801 850 2958 signis
897 2824 1074 2888 quae
1106 2814 1300 2870 erant
1346 2814 1613 2870 ostensa
1663 2824 1783 2890 per
1832 2802 2122 2870 somnia.
2178 2807 2541 2887 Postquam
2592 2812 2821 2868 autern
2887 2799 3150 2868 nullum

631 2892 693 2958 vi
752 2891 801 2959 it
840 2891 970 2959 tale
1021 2891 1292 2978 signum
1330 2891 1396 2957 in
1440 2891 1538 2958 eis
1585 2891 1704 2976 qui
1755 2890 2059 2969 aderant,
2115 2889 2348 2959 dolore
2381 2889 2834 2968 afficiebatur,
2891 2901 2961 2956 et
3009 2907 3150 2978 per-

630 2979 827 3069 plexo
860 2990 1004 3048 erat
1049 2979 1304 3059 anim0,
1348 2992 1412 3048 et
1456 2992 1601 3048 erat
1645 2979 1875 3047 adhuc
1925 2979 2282 3058 sitientior‚
2314 2991 2390 3048 ut
2436 2978 2557 3064 qui
2610 2999 2742 3045 non
2794 2990 2974 3047 esset
3013 2996 3149 3076 pro-

633 3069 925 3136 missum
976 3080 1353 3136 assecutus
1407 3068 1581 3136 Hinc
1634 3067 1813 3136 acris
1866 3080 1930 3137 et
1979 3068 2343 3136 vehemens
2390 3066 2568 3136 sacta
2615 3079 2715 3135 est
2777 3064 3145 3151 inquisitio,

633 3155 1112 3242 donorumque
1167 3170 1231 3224 et
1290 3157 1746 3225 maximorum
1799 3157 2137 3225 honorum
2193 3156 2726 3245 promissiones,
2793 3175 3011 3240 quOS‚
3059 3150 3151 3218 vi-

632 3267 814 3325 rum,
886 3246 1005 3331 qui
1053 3245 1427 3331 quaeritur,
1472 3258 1614 3313 erat
1670 3257 2096 3325 ostensurus,
2148 3259 2643 3330 consequenter
2703 3244 2923 3333 signis
2987 3260 3147 3329 quae

632 3332 893 3401 viderat
925 3339 1320 3423 Imperator,
1364 3356 1518 3403 mox
1565 3347 1708 3403 erat
1748 3346 2183 3423 accepturus

720 3425 758 3509 ξ
804 3428 896 3492 8.
951 3427 1116 3491 Cum
1151 3435 1376 3491 autem
1414 3436 1589 3491 esset
1620 3423 1924 3492 difficilis
1968 3422 2265 3490 inventio
2311 3421 2697 3510 (celabatur
2741 3421 2953 3499 enim,
3025 3437 3143 3487 non

633 3509 923 3578 sormam
992 3523 1290 3592 mutam,
1346 3523 1422 3581 ut
1482 3512 1754 3599 fingunt
1810 3517 2150 3592 Proteum,
2205 3510 2318 3579 sed
2388 3511 2686 3596 quodam
2739 3510 2975 3578 divino
3037 3508 3144 3576 hoc

630 3599 977 3668 eveniente
1024 3600 1335 3680 consiliO,
1392 3613 1467 3669 ut
1500 3600 1757 3670 tardior
1793 3600 2091 3670 ostensio
2147 3621 2304 3667 eum
2363 3599 2673 3667 redderet
2719 3599 2941 3687 magis
2990 3595 3141 3665 desi-

628 3687 1055 3776 derabilem),
1100 3689 1209 3757 vix
1259 3689 1533 3758 tandem
1568 3711 1755 3759 unus
1801 3712 1881 3758 ex
1917 3688 2202 3758 medicis
2253 3687 2713 3778 Imperatoris,
2770 3699 2977 3756 notus
3009 3683 3138 3772 qui-

630 3777 783 3844 dem
851 3778 1275 3867 Imperatori,
1331 3801 1580 3867 magno
1628 3791 1856 3847 autem
1916 3778 2231 3846 Samsoni
2281 3776 2642 3846 familiaris
2673 3831 2687 3856 ,
2740 3789 2806 3844 et
2874 3776 2998 3862 qui
3049 3790 3134 3840 res

629 3866 820 3934 illius
879 3867 1133 3955 optime
1184 3880 1481 3946 noverat,
1537 3889 1671 3935 non
1736 3867 2002 3936 virtutis
2050 3866 2299 3946 solum,
2357 3866 2476 3935 sed
2524 3866 2728 3934 etiam
2779 3865 3037 3954 gratiae
3087 3869 3139 3926 et

627 3954 1145 4036 miraculorum,
1198 3978 1355 4025 eum
1408 3955 1850 4025 manifestum
1901 3954 2145 4024 reddit.
2179 3956 2353 4024 Hinc
2384 3968 2613 4024 autem
2646 3952 2762 4022 ille
2796 3952 2997 4022 facile
3021 3958 3141 4019 erat

627 4043 991 4130 conjicere,
1044 4067 1202 4113 eum
1252 4067 1422 4124 esse,
1458 4046 1579 4131 qui
1626 4044 1825 4114 illum
1866 4056 2009 4113 erat
2056 4056 2448 4114 curaturus.
2487 4043 2610 4113 Hic
2640 4064 2803 4132 ergo
2837 4042 2986 4132 ipse
3017 4059 3142 4110 ma-

630 4155 844 4223 gnum
909 4131 1106 4201 illum
1174 4137 1570 4203 Samsonem
1622 4147 1859 4203 notum
1911 4133 2135 4202 reddit
2184 4132 2610 4223 Imperatori,
2679 4143 2744 4200 et
2790 4132 2850 4199 ei
2904 4141 3140 4199 tantam

629 4221 949 4290 conciliat
983 4221 1333 4302 laetitiam,
1390 4233 1720 4307 quantam
1772 4223 1842 4301 ii,
1896 4223 2016 4308 qui
2072 4222 2386 4291 laborant
2426 4220 2664 4290 morbo
2715 4220 3044 4308 corporiS,
3089 4223 3143 4312 et

628 4311 714 4379 ab
762 4332 840 4379 eo
873 4311 1165 4400 cupiunt
1213 4310 1511 4391 liberari,
1566 4311 1692 4381 soli
1747 4310 2466 4401 possuntintelligere.
2505 4315 2717 4396 Atque
2750 4308 2980 4378 statim
3011 4325 3143 4392 qut-

628 4398 784 4468 dem
839 4399 1021 4468 venit
1094 4398 1527 4470 admirabilis
1602 4405 1925 4471 Samson:
1995 4421 2215 4488 neque
2288 4400 2473 4469 enim
2545 4399 2722 4467 inter
2792 4397 3015 4466 visum
3089 4400 3142 4460 et
