3357 4995
659 330 787 396 586
1141 345 1221 393 mx
1267 345 1360 394 ss.
1411 344 1676 403 somna,
1729 343 1932 394 unio
1978 345 2054 394 nr
2100 342 2342 394 saruc.
2393 345 2508 394 ιιι.
2759 326 2984 395 JUNII
3031 328 3126 393 26

569 429 656 501 ad
709 451 818 501 me
880 439 1123 522 sponte
1167 429 1540 510 venientes,
1592 429 1854 502 amicos
1911 450 2031 502 vos
2105 429 2414 500 habebo:
2471 427 2783 500 nolentes
2837 440 3074 500 autem
3101 485 3120 513 ,

571 531 901 607 tanquam
938 519 1169 591 hostes
1208 517 1526 610 publicos
1573 540 1695 589 vos
1736 519 2048 611 puniam.

659 610 696 695 ξ
743 612 853 680 θ..
891 613 1064 678 Tum
1118 628 1277 678 vero
1323 607 1544 678 sancti
1591 607 1721 677 viri
1764 608 2076 678 Joannes
2120 616 2186 677 et
2238 606 2497 679 Paulus
2558 605 2979 677 Christianos
3026 606 3124 677 ad

574 719 645 767 se
684 696 1074 778 invitantes,
1129 695 1624 767 ordinaverunt
1659 696 1749 766 de
1776 696 2104 768 omnibus
2136 717 2315 784 quae
2352 695 2744 783 relinquere
2769 707 3115 787 poterant,

571 805 649 854 ac
708 796 882 856 totos
927 784 1163 855 decem
1213 783 1362 855 dies
1409 784 1532 855 diu
1582 796 1927 873 noctuque
1977 783 2435 875 eleemosynis
2483 783 2917 855 insistebant.
2973 788 3124 854 Un—

570 874 839 944 decimo
872 886 1103 944 autem
1133 872 1246 943 die
1292 873 1476 945 intra
1520 872 1807 944 domum
1842 896 2041 944 suam
2080 872 2435 944 constricti
2481 884 2669 955 sunt,
2723 873 3126 961 missusque

570 976 672 1033 est
736 962 1185 1034 Terentianus
1250 962 1738 1054 Campiductor
1789 962 1875 1032 ad
1936 984 2054 1033 eos
2117 984 2279 1032 cum
2341 960 2682 1033 militibus
2730 961 2903 1032 hora
2960 982 3126 1032 coe-

573 1051 811 1122 nandi.
866 1051 998 1135 Qui
1044 1051 1423 1142 ingressuS,
1476 1062 1555 1121 ut
1612 1072 1730 1124 eos
1776 1050 1948 1122 vidit
1992 1061 2290 1131 orantes,
2342 1049 2554 1120 dixit:
2608 1050 2945 1120 Dominus
2993 1071 3128 1120 no-

572 1153 709 1209 ster
752 1140 1074 1212 Julianus
1124 1139 1593 1210 statunculam
1654 1161 1938 1211 auream
1983 1140 2168 1211 Jovis
2214 1139 2298 1209 ad
2361 1161 2483 1211 vos
2520 1139 2734 1222 misit,
2787 1151 2867 1209 ut
2921 1137 3126 1209 illam

571 1229 892 1311 adoretiS,
929 1242 995 1298 et
1033 1228 1236 1298 thura
1267 1228 1329 1299 ei
1356 1228 1786 1300 incendatis:
1820 1228 2004 1316 quod
2027 1229 2088 1298 si
2121 1248 2258 1297 non
2301 1227 2621 1308 feceritiS,
2652 1226 2858 1298 ambo
2882 1227 3126 1330 gladio

576 1317 945 1389 feriamini.
998 1321 1141 1387 Non
1196 1317 1381 1386 enim
1430 1337 1551 1389 vos
1599 1317 1668 1386 in
1714 1317 1968 1406 palatio
2017 1316 2336 1398 nutritoS,
2379 1316 2656 1407 publice
2701 1317 2926 1387 occidi
2993 1338 3126 1407 par

570 1420 694 1476 est.
730 1407 1026 1476 Joannes
1050 1417 1117 1475 et
1139 1405 1398 1476 Paulus
1425 1427 1534 1476 res
1585 1406 1968 1476 onderunt:
2014 1428 2052 1472 «
2095 1405 2164 1475 Si
2195 1404 2518 1475 Julianus
2555 1417 2718 1477 tuus
2746 1418 2851 1476 est
2887 1404 3121 1475 domi-

574 1517 730 1576 nus,
769 1495 1016 1566 habeto
1043 1516 1284 1584 pacem
1311 1515 1477 1564 cum
1558 1494 1800 1565 omino
1825 1507 1967 1565 tuo.
1997 1493 2420 1566 Nobis-alins
2446 1493 2779 1565 dominus
2810 1515 2946 1564 non
2981 1505 3114 1575 est,

571 1584 710 1653 nisi
754 1605 945 1654 unus
974 1587 1151 1652 Deus
1198 1587 1393 1653 Pater
1428 1595 1495 1653 et
1527 1582 1742 1653 Filius
1771 1597 1838 1653 et
1885 1583 2182 1674 Spiritus
2230 1587 2547 1663 Sanctus,
2589 1604 2798 1670 quem
2834 1581 2951 1652 ille
2985 1604 3118 1652 ne-

570 1693 733 1763 gare
780 1693 917 1742 non
981 1670 1233 1741 timuit.
1288 1677 1365 1741 Et
1410 1672 1575 1758 quia
1622 1672 1835 1742 semel
1883 1694 1924 1743 a
1970 1671 2143 1742 facie
2210 1671 2326 1742 Dei
2387 1673 2731 1761 projectus
2776 1684 2902 1752 est,
2966 1670 3122 1741 vult

569 1762 776 1830 etiam
824 1760 997 1831 alios
1026 1781 1261 1831 secum
1313 1760 1581 1830 trahere
1614 1760 1683 1830 in
1736 1760 2285 1851 perditionem.»
2334 1764 2515 1831 Haec
2562 1771 2628 1830 et
2675 1760 2786 1830 his
2854 1759 3124 1831 similia

488 1890 495 1903 ·
572 1849 791 1919 multa
835 1871 994 1919 cum
1044 1848 1145 1918 illi
1193 1849 1536 1931 dicerent,
1574 1850 2026 1920 Terentianus
2055 1904 2070 1931 ‚
2100 1848 2337 1919 volens
2396 1849 2667 1940 placere
2712 1848 3016 1930 Juliano,
3072 1872 3121 1918 a

570 1959 707 2025 quo
755 1938 825 2006 in
863 1937 1206 2007 mandatis
1238 1937 1557 2019 habebat,
1600 1950 1678 2008 ut
1709 1938 1861 2008 sine
1907 1938 2196 2029 strepitu
2240 1959 2356 2009 eos
2405 1938 2706 2028 puniret,
2743 1951 3115 2028 postquam

569 2048 685 2096 eos
714 2026 799 2097 ad
831 2026 1264 2097 adorandum
1311 2031 1548 2097 Jovem
1579 2038 1646 2096 et
1694 2026 1897 2098 thura
1942 2026 2316 2097 cremanda
2362 2046 2514 2097 com
2569 2026 2774 2097 ellere
2822 2048 2959 2096 non
2995 2048 3118 2117 po-

572 2116 735 2195 tuit,
793 2127 944 2206 post
1000 2116 1267 2185 tertiam
1328 2115 1548 2185 noctis
1619 2114 1862 2185 horam
1925 2116 2106 2185 intra
2160 2115 2450 2185 domum
2499 2115 2779 2185 ilorum
2843 2113 3123 2186 foveam

577 2204 773 2273 'ussit
818 2204 991 2285 fieri,
1047 2204 1114 2272 in
1175 2225 1411 2292 quam,
1475 2204 1626 2293 ipso
1662 2203 1974 2293 jubente,
2027 2204 2252 2294 capite
2312 2225 2550 2274 caesos
2596 2215 2663 2274 et
2713 2224 2866 2273 mox
2915 2204 3118 2273 invo-

561 2226 753 2363 lutos
799 2292 1053 2384 deponi
1102 2291 1474 2373 mandavit,
1517 2292 1864 2381 ejusmodi
1899 2314 2140 2394 sparsa
2168 2292 2375 2374 famA,
2419 2293 2630 2382 jussu
2662 2292 2970 2364 Caesaris
2993 2313 3115 2365 eos

573 2382 642 2482 in
677 2380 957 2451 exilium
971 2380 1328 2540 krelegatos
1374 2401 1546 2462 esse,
1585 2402 1809 2468 neque
1854 2404 2040 2452 enim
2090 2381 2315 2452 ullum
2355 2381 2585 2453 caedis
2614 2401 2855 2452 eorum
2905 2382 3114 2452 vesti·

628 2492 771 2540 ium
820 2483 969 2541 exta
1019 2481 1110 2540 at.

578 2493 622 2562 g
659 2562 696 2647 ἓ
740 2564 900 2633 1⁰.
945 2565 1087 2631 Non
1113 2559 1239 2629 diu
1275 2571 1429 2651 post
1454 2560 1505 2629 J
1509 2558 1746 2630 uliano
1779 2560 1851 2629 in
1883 2559 2062 2630 bello
2091 2558 2423 2630 adversus
2451 2564 2691 2630 Persas
2730 2559 3113 2640 interfecto,

572 2661 636 2718 et
665 2648 953 2718 Joviano
980 2648 1566 2718 Christianissimo
1606 2652 2030 2738 Imperatore
2062 2648 2167 2718 illi
2202 2648 2596 2739 subrogato,
2649 2660 2924 2738 apertae
2954 2660 3122 2718 sunt

572 2736 920 2818 ecclesiae,
982 2749 1048 2806 et
1086 2736 1468 2807 Christiana
1496 2736 1737 2829 religio
1775 2737 2128 2825 quiescere
2167 2738 2414 2827 coepit.
2468 2742 2845 2807 Daemones
2885 2749 3120 2807 autem

574 2848 656 2894 ex
685 2825 984 2896 obsessis
1030 2825 1437 2915 corporibus
1469 2825 1651 2895 intra
1698 2825 1986 2896 domum
2032 2825 2329 2897 Joannis
2384 2838 2450 2896 et
2501 2825 2697 2896 Pauli
2743 2826 3121 2916 ejicieban-

583 2927 719 2995 tur,
772 2916 1172 2984 confitentes
1239 2926 1551 2984 sanctam
1626 2914 2018 3005 passionem
2065 2935 2355 2984 eorum:
2424 2914 2519 2984 ita
2565 2925 2643 2984 ut
2702 2915 2912 2985 unico
2974 2913 3122 2985 filio

581 3003 1149 3090 Terentiani,·qui
1188 3024 1304 3072 eos
1353 3015 1548 3073 nocte
1579 3002 2057 3083 decollaverat,
2097 3004 2168 3072 in
2219 3002 2410 3072 illam
2450 3003 2739 3073 domum
2770 3002 3111 3084 veniente,

580 3090 910 3161 clamaret
952 3091 1244 3161 daemon
1280 3112 1403 3181 per
1445 3113 1524 3161 os
1565 3091 1717 3179 ejus
1764 3113 1806 3160 a
1853 3091 2063 3161 Paulo
2122 3105 2187 3174 et
2231 3096 2498 3161 Joanne
2544 3113 2618 3161 se
2664 3091 3117 3162 inflammari.

583 3184 772 3248 Tunc
811 3181 1258 3249 Terentianus
1289 3180 1570 3250 veniens
1603 3181 1966 3270 prostravit
1999 3202 2071 3251 se
2102 3180 2172 3249 in
2206 3178 2477 3262 faciem,
2517 3180 2853 3262 clamans,
2895 3179 3113 3269 quod,

579 3268 891 3338 nesciens
936 3268 1103 3356 quid
1155 3267 1427 3347 faceret,
1458 3269 1663 3339 homo
1695 3269 2214 3360 paganissimus
2236 3269 2459 3358 jussis
2496 3270 2805 3340 Caesaris
2847 3269 3125 3361 paruis-

578 3369 700 3425 set.
771 3360 983 3443 Atque
1030 3357 1144 3438 ita,
1197 3355 1356 3427 dato
1413 3357 1692 3428 nomine
1739 3380 1907 3438 su0,
1964 3356 2050 3427 ad
2113 3359 2506 3448 proximum
2555 3358 2855 3429 Paschae
2928 3357 3124 3428 diem

579 3445 885 3536 percepit
911 3445 1158 3517 Christi
1196 3446 1512 3537 gratiam.
1567 3449 1876 3533 Cumque
1913 3444 2163 3516 deinde
2195 3444 2496 3517 multum
2532 3445 2798 3528 dolenS,
2833 3445 3118 3517 assidue

582 3554 817 3623 preces
862 3546 928 3603 et
976 3533 1318 3624 lacrymas
1348 3533 1661 3604 funderet
1709 3535 1778 3603 in
1829 3534 1979 3605 loco
2027 3534 2169 3616 illo,
2201 3534 2271 3604 in
2321 3555 2459 3621 quo
2508 3547 2906 3606 sanctorum
2958 3557 3110 3608 cor·

581 3643 746 3712 pora
784 3622 1173 3710 quiescunt,
1230 3623 1317 3693 ab
1354 3622 1499 3692 illis
1525 3622 1717 3693 filius
1761 3623 1913 3713 ejus
1943 3636 2225 3694 curatus
2262 3635 2365 3695 est
2389 3623 2516 3714 (a).

631 3817 696 3870 (α)
723 3819 799 3860 88.
829 3820 1026 3860 Joannis
1053 3822 1103 3860 et
1115 3820 1250 3861 Penii
1264 3820 1455 3863 exuvias
1471 3820 1740 3869 Presbyteri
1754 3820 1847 3860 dno
1861 3821 2135 3861 reverenter
2152 3829 2355 3870 rapuero
2371 3821 2420 3861 et
2443 3822 2495 3861 in
2514 3829 2681 3862 eornm
2700 3820 2841 3862 domo
2860 3821 2920 3862 nd
2938 3822 3125 3863 cuvnm

579 3872 742 3912 Scauri
771 3874 1094 3913 condiderunt.
1123 3874 1248 3914 Haec
1275 3876 1432 3914 sutem
1460 3874 1625 3915 domus
1646 3873 1860 3922 jubente.
1886 3875 2036 3923 ajunt.
2061 3874 2261 3915 Joviano
2292 3874 2473 3915 Iuliani
2510 3883 2783 3915 successore
2803 3871 2852 3914 in
2874 3875 3125 3917 eccleciam

579 3934 823 3974 conversa,
850 3926 1134 3967 Pammachii
1161 3923 1355 3968 titulum
1383 3924 1588 3967 obtinuit
1614 3936 1672 3967 ex
1701 3928 1743 3967 Β.
1771 3927 2066 3968 Pammachio
2093 3926 2203 3978 (coi.
2235 3935 2341 3969 xxx
2375 3929 2498 3977 nug.)
2528 3927 2644 3968 hoec
2670 3937 2869 3977 corpora
2888 3926 2939 3968 in
2969 3928 3124 3971 lucem

578 3980 846 4030 proterente
874 3982 923 4019 et
953 3988 1136 4020 sacrum
1162 3981 1326 4022 nedem
1350 3981 1596 4026 excitante.
1622 3977 1856 4031 insignem
1883 3981 2184 4029 postmodum
2203 3982 2377 4022 luctam
2395 3981 2555 4022 ‘ritulo
2575 3981 2912 4030 Presbyter-isli
2934 3983 3122 4024 Oai-din.

581 4036 628 4072 et
659 4042 684 4072 e
712 4033 976 4072 stationibus
1003 4042 1144 4073 unam
1171 4042 1199 4073 ι
1226 4033 1270 4074 8.
1298 4034 1523 4084 Gregorio
1555 4033 1616 4074 Μ.
1645 4035 1865 4074 creatam.
1894 4034 1951 4074 In
1979 4044 2048 4079 es,
2075 4043 2215 4084 nepe
2235 4034 2461 4083 temporis
2480 4035 2683 4075 decursu
2703 4035 2960 4075 reformato
2980 4038 3031 4077 et
3051 4046 3124 4076 or·

580 4087 703 4131 nats.
730 4095 984 4179 οὲτῃοιὲιιῖιί
1007 4087 1097 4180 133.
1127 4087 1388 4137 Martyrum
1414 4097 1524 4137 pora
1556 4096 1652 4129 non
1689 4086 1857 4138 exigu-
1892 4089 2185 4135 nserntur.
2226 4088 2389 4129 multis
2426 4088 2666 4137 decerpti:
2721 4088 2816 4129 nuo
2853 4088 3126 4130 deferendis

581 4149 744 4180 corum
777 4147 851 4180 em
921 4149 946 4180 e
986 4149 1016 4189 q
1069 4148 1126 4181 is.
