3357 4995
679 297 805 360 662
1456 315 1533 360 nt:
1582 314 1636 359 s,
1693 312 1895 359 muto
1944 307 2259 358 APOSTOLO
2773 280 2993 360 JUNII
3043 296 3134 359 29

591 398 1100 487 intempestivas
1129 397 1251 467 has
1284 420 1504 488 nugas
1538 419 1661 466 nos
1691 397 1806 465 Dei
1834 397 2186 486 privamus
2213 397 2788 466 remuneratione.
2831 397 2953 467 Sed
2991 420 3135 467 non

592 489 690 557 sic
747 486 860 555 ille
925 487 1207 556 beatus:
1271 487 1387 556 scd
1450 508 1607 556 cum
1682 485 1984 555 dixisset.
2062 484 2224 553 Plus
2283 506 2450 574 ego:
2510 500 2872 555 enumerat
2933 487 3139 555 dein-

590 598 749 666 ceps
780 598 859 645 ea
896 597 1072 662 quae
1121 575 1381 644 fortiter
1410 588 1734 665 gesserat,
1779 586 1843 642 et
1880 574 2082 643 dicit:
2124 577 2200 643 In
2236 573 2589 645 laboribus
2624 574 3131 657 abundantiuS,

594 665 662 732 in
713 663 938 754 plagis
971 688 1181 755 supra
1233 665 1539 743 modum,
1579 665 1648 732 in
1689 665 2026 733 mortibus
2064 663 2476 750 frequenter.
2514 663 2691 746 Quid
2743 663 2973 733 dicis?
3004 671 3139 735 No-

592 776 754 822 vum
804 752 1136 840 quiddam
1186 766 1288 823 est
1335 766 1399 822 et
1436 752 1845 823 admirabile
1877 752 2060 839 quod
2093 776 2132 820 a
2181 765 2243 820 te
2289 752 2568 821 dicitur.
2619 754 2884 823 Licetne
2952 777 3142 823 mor-

592 855 723 911 tem
775 864 975 931 saepe
1024 843 1305 913 subire‘?
1352 848 1560 922 Certe,
1617 842 1885 929 inquit,
1931 842 1985 910 si
2039 863 2174 909 non
2226 863 2304 909 ex
2359 843 2646 911 erientia
2696 843 3008 928 quidem,
3066 858 3140 913 at

591 930 967 1000 voluntate:
1007 931 1261 1000 docens
1309 953 1457 1011 nos,
1486 932 1665 1018 quod
1721 931 2000 1000 assidue
2049 929 2210 998 talia
2248 953 2285 998 a
2344 931 2482 999 ibat
2518 931 2822 1020 pericula
2850 946 3140 1031 propter

592 1020 1165 1109 praedicationem
1200 1043 1377 1106 quae
1427 1034 1714 1090 mortem
1763 1021 1823 1088 ei
1923 1020 2254 1088 ariebant.
2298 1019 2422 1088 Sed
2459 1020 2569 1088 Dei
2601 1020 2915 1108 gratiam
2956 1021 3141 1110 ipsis

594 1108 837 1177 mediis
885 1109 1214 1198 periculis
1262 1110 1708 1177 conservabat
1759 1110 1872 1177 ath
1907 1122 2125 1188 etam,
2183 1121 2255 1177 ut
2303 1109 2391 1178 ad
2441 1108 2821 1199 discipulos
2875 1131 3140 1201 magna

589 1219 669 1266 ex
716 1220 794 1265 eo
844 1198 1092 1266 rediret
1127 1197 1410 1268 utilitas.

677 1288 712 1371 ξ
759 1289 914 1358 43.
972 1287 1045 1354 Id
1081 1300 1307 1356 autem
1361 1309 1624 1363 rursus.
1664 1286 1846 1371 quod
1907 1286 2232 1374 deinceps
2281 1286 2750 1376 subjungitur,
2792 1300 2866 1354 ut
2913 1287 3133 1355 semel

590 1373 849 1453 dicam,
904 1375 1224 1444 obscurat
1273 1376 1505 1444 omnia
1554 1398 1731 1460 quae
1770 1375 1950 1443 dicta
2001 1388 2184 1443 sunt.
2241 1374 2407 1457 Quis
2446 1375 2656 1455 enim,
2715 1375 2956 1461 inquit,
3025 1389 3140 1443 est.

591 1463 937 1541 infirmus,
994 1477 1059 1532 et
1112 1487 1236 1551 ego
1287 1486 1420 1532 non
1473 1487 1627 1533 sum
1688 1465 2055 1532 infirmus?
2103 1463 2270 1545 Quis
2310 1463 2838 1543 scandalizatur,
2892 1478 2955 1533 et
3001 1486 3138 1554 ego

594 1574 726 1619 non
779 1552 985 1621 uror?
1022 1558 1217 1641 Pape,
1272 1567 1527 1639 quanta
1561 1567 1661 1622 est
1695 1554 1902 1639 hujus
1953 1554 2078 1620 viri
2112 1552 2502 1641 benignitas
2530 1566 2595 1621 et
2629 1552 3130 1629 benevolentia,

589 1653 842 1725 quanta
881 1640 1255 1730 vigilantia,
1310 1653 1566 1727 quanta
1616 1641 2033 1710 solicitudo?
2073 1641 2444 1730 Cujusnam
2483 1642 2721 1709 matris
2761 1642 2860 1710 sic
2910 1641 3137 1710 disse-
3215 1663 3220 1668 ’

589 1731 925 1797 cabantur
976 1730 1255 1807 viscera,
1288 1732 1437 1819 ejus
1471 1730 1612 1798 lilio
1662 1730 2116 1810 febricitante,
2161 1743 2224 1798 et
2257 1729 2325 1797 in
2365 1729 2537 1798 lecto
2586 1730 2874 1817 jacente,
2912 1745 2988 1799 ut
3017 1731 3137 1799 hic

592 1832 872 1886 sanc-tus
921 1840 1042 1908 pro
1078 1819 1183 1887 his
1231 1821 1349 1905 qui
1398 1832 1592 1887 erant
1626 1820 1695 1886 in
1740 1840 2157 1905 unoquoque
2208 1818 2355 1887 loco
2389 1819 2675 1898 infirmi,
2723 1820 2948 1908 magis
2988 1834 3142 1887 erat

591 1906 935 1981 infirmus,
999 1920 1084 1983 et,
1135 1930 1255 1996 pro
1296 1910 1380 1975 iis
1429 1908 1546 1994 qui
1606 1908 2278 1981 scandalizabantur,
2309 1908 2711 1976 Urebatur?
2759 1908 3134 1977 Considera

588 1994 770 2061 enim
811 1995 978 2062 mihi
1013 1997 1398 2084 emphasim
1431 1997 1775 2065 dictionis.
1833 2003 1970 2064 Non
2010 1996 2200 2071 dixit,
2258 1997 2425 2078 Quis
2473 1995 3007 2075 scandalizatur,
3071 2013 3138 2066 et

590 2105 715 2171 ego
767 2106 897 2151 non
950 2085 1223 2153 crucior
1246 2096 1272 2149 Ἰ
1323 2086 1448 2153 Sed
1501 2107 1684 2159 uror,
1744 2086 1988 2171 inquit,
2030 2085 2226 2153 nobis
2269 2086 2615 2154 intensum
2668 2084 2974 2153 dolorem
3033 2088 3131 2154 si-

589 2172 1047 2260 gnifican5,et
1099 2175 1349 2242 mirum
1405 2174 1470 2241 in
1524 2175 1808 2243 modum
1844 2180 2233 2252 ostendenS,
2278 2194 2347 2243 se
2384 2175 2801 2244 intrinsecus
2854 2174 3136 2241 inflam-

592 2261 759 2329 mari
811 2275 876 2329 et
923 2263 1203 2330 accendi
1242 2286 1361 2351 pro
1392 2263 1473 2330 iis
1519 2263 1639 2348 qui
1673 2263 2030 2351 patiuntur
2069 2262 2419 2333 scandala.

677 2353 713 2435 ξ
763 2355 909 2422 44.
968 2351 1117 2419 Scio
1160 2375 1265 2419 me
1296 2352 1680 2421 extendisse
1719 2353 2094 2420 orationem
2132 2352 2197 2419 in
2232 2372 2552 2451 magnam
2587 2351 3125 2440 longitudinem.

594 2438 719 2507 Sed
785 2440 1012 2510 nescio
1059 2440 1402 2526 quomodo
1451 2463 1609 2510 cum
1662 2441 2058 2511 incidissem
2112 2441 2181 2508 in
2234 2439 2507 2510 divitias
2562 2454 2738 2509 recte
2784 2439 3129 2510 factorum

590 2528 802 2615 hujus
851 2530 1101 2608 Sancti,
1144 2543 1465 2616 tanquam
1521 2531 1606 2598 ab
1656 2553 1995 2616 aquarum
2048 2530 2646 2600 vehementissimo
2698 2530 2960 2619 impetu
3000 2530 3135 2599 lin-

591 2639 728 2705 gua
770 2617 937 2684 mihi
990 2618 1408 2687 trahebatur.
1456 2620 1913 2700 Quamobrem
1948 2619 2016 2688 in
2058 2619 2182 2688 hoc
2233 2618 2381 2688 loco
2430 2619 2678 2689 sistens
2718 2620 3129 2698 orationem,

592 2727 756 2794 rogo
808 2718 1095 2775 vestram
1140 2707 1567 2786 charitatem,
1606 2721 1683 2776 ut
1711 2730 1869 2776 eum
1912 2708 2190 2777 assidue
2223 2707 2292 2775 in
2334 2720 2557 2776 mente
2588 2708 3129 2787 circumferatiS,

592 2806 654 2861 et
704 2794 830 2862 hoc
879 2795 1156 2864 assidue
1204 2797 1536 2886 cogitetis,
1592 2797 1777 2882 quod
1826 2820 1985 2866 cum
2036 2795 2373 2872 eamdem,
2405 2818 2613 2883 quam
2649 2817 2795 2875 nOS,
2853 2797 3136 2866 haberet

596 2895 954 2962 naturam,
1009 2897 1072 2952 et
1118 2898 1293 2952 esset
1342 2885 1695 2975 subjectus
1747 2885 1991 2954 iisdem
2041 2885 2560 2965 affectionibus,
2615 2899 2926 2971 essetque
2982 2886 3139 2975 ejus

595 2971 903 3040 studium
955 2972 1085 3040 vile
1131 2987 1196 3042 et
1243 2973 1621 3062 abjectum,
1676 2987 1753 3042 ut
1799 2976 1919 3060 qui
1971 2974 2181 3063 pelles
2230 2985 2631 3052 consueret,
2684 2986 2750 3042 et
2798 2988 3006 3043 staret
3061 2975 3131 3042 in

592 3059 890 3140 officina,
993 3074 1308 3147 ostquam
1359 3084 1429 3130 se
1480 3062 1692 3131 voluit
1740 3062 1986 3131 dedere
2042 3063 2313 3130 virtutis
2365 3062 2740 3142 laboribus,
2793 3076 2858 3130 et
2906 3086 2978 3132 se
3026 3062 3138 3130 di—

591 3170 806 3236 gnum
861 3171 929 3217 re
981 3150 1163 3228 dere,
1220 3152 1340 3236 qui
1407 3152 1787 3240 susciperet
1836 3151 2165 3240 Spiritum
2220 3157 2545 3219 Sanctum
2579 3206 2593 3231 ‚
2651 3149 2913 3242 largam
2980 3173 3137 3220 mu-

593 3236 1012 3306 nificentiam
1065 3238 1193 3308 fuit
1241 3253 1654 3309 consecutus
1688 3264 1726 3306 a
1757 3240 2051 3330 superis.
2090 3245 2305 3322 Quam
2339 3239 2544 3308 detur
2572 3239 2770 3308 nobis
2800 3241 3132 3326 consequi

591 3326 811 3414 gratia
859 3339 923 3394 et
983 3327 1343 3397 clementia
1421 3329 1684 3397 Domini
1758 3329 1969 3398 nostri
2018 3329 2193 3398 Jesu
2257 3328 2549 3397 Christi:
2627 3329 2741 3396 cui
2800 3328 3015 3418 gloria
3068 3343 3136 3396 et

592 3414 1097 3503 potentiacum
1149 3421 1339 3485 Patre
1385 3429 1449 3486 et
1497 3422 1561 3486 S.
1609 3417 1890 3508 Spiritu,
1949 3439 2132 3486 nunc
2181 3430 2245 3486 et
2294 3439 2610 3507 semper,
2665 3431 2731 3486 et
2768 3417 2837 3485 in
2899 3416 3133 3487 secula

592 3504 982 3573 seculorum
1018 3527 1396 3592 numquam
1446 3506 1936 3587 desinentium,
1991 3512 2198 3576 Amen
2233 3507 2288 3573 ⁴².

644 3705 668 3730 ’⁸
698 3706 764 3744 De
794 3707 985 3744 externa
1011 3707 1262 3746 emortuali
1281 3707 1369 3749 dic.
1389 3716 1480 3755 qun
1498 3707 1547 3746 in
1567 3707 1900 3755 martyrologio
1921 3708 2048 3746 Rom.
2071 3707 2361 3751 recensetur.
2397 3706 2534 3746 hodie
2554 3708 2723 3746 Sui-ius
2746 3708 2850 3755 post
2871 3704 2913 3744 S.
2932 3706 3136 3745 Pnuluux

588 3759 747 3804 Apost.
768 3759 810 3798 S.
834 3759 1044 3799 Cassium
1065 3759 1338 3800 collocavit:
1358 3759 1481 3800 huno
1501 3761 1801 3801 retinendum
1821 3761 2059 3802 commode
2080 3761 2236 3801 locum
2256 3757 2548 3803 consumtum
2576 3758 2684 3800 vide
2704 3761 2837 3800 infre.
