3357 4995
214 332 436 397 JUNII
489 334 566 396 tt
1021 359 1024 368 .
1084 352 1161 397 m:
1211 351 1266 398 s.
1323 351 1540 398 emisso
1593 350 1913 402 Pnornssm
2557 333 2685 398 317

219 433 564 523 lacrymae
603 434 1040 523 unigenitum
1083 436 1192 505 Dei
1223 435 1468 505 Filium
1503 435 1585 505 ad
1617 437 1909 505 unicum
1947 435 2097 525 ejus
2133 435 2358 504 filium
2403 460 2440 505 a
2486 438 2778 506 mortuis

154 599 166 612 „
219 523 656 591 excitandum
692 523 1152 592 adduxerunt.
1195 529 1359 593 Cum
1397 525 1582 608 enim
1619 525 1735 593 ille
1765 524 1959 593 valde
2010 525 2404 593 misericors
2442 547 2604 614 'eam
2638 526 2777 594 foe-

221 613 480 680 minam
524 612 758 681 dolore
811 613 1024 680 nimio
1059 613 1270 702 affligi
1324 613 1624 693 vidisset,
1667 625 1912 702 sponte
1962 613 2239 681 viduam
2271 613 2462 693 adiit,
2504 625 2567 681 et
2596 636 2779 683 moe-

220 701 393 770 roris
463 702 817 769 flammam
871 723 1036 769 suae
1088 702 1532 791 benignitatis
1580 701 1765 771 fonte
1815 714 2021 771 totam
2094 702 2413 769 extinxit:
2471 703 2553 770 de
2632 704 2779 792 ipso

215 789 400 857 enim
453 789 660 879 apud·
713 790 1080 878 Prophetas
1131 792 1462 880 scriptum
1519 790 1857 880 legimus:
1917 795 2048 859 Ros
2098 812 2133 857 a
2187 802 2247 858 te
2298 791 2773 879 proficiscenS,

219 877 569 946 medicina
617 878 928 966 ipsorum
978 892 1099 948 est.
1174 885 1489 947 Fractum
1556 881 1782 965 itaque
1835 900 2131 957 ramum,
2185 890 2260 946 ut
2313 880 2538 948 bonus
2595 882 2779 969 agri-

217 967 391 1045 cola,
440 968 685 1036 iterum
741 968 1048 1034 inseruit.
1108 970 1482 1068 cujusnam
1535 961 1855 1036 hominis⁸
1891 989 2011 1035 cor
2043 967 2238 1052 dolor
2289 967 2402 1035 ille
2453 990 2589 1036 non
2626 969 2780 1037 vul-

220 1059 575 1125 nerasset?
625 1055 792 1136 Quis
844 1055 1088 1125 viduae
1117 1056 1307 1128 illius
1338 1056 1685 1146 lacrymas
1721 1057 1867 1124 sine
1906 1055 2233 1144 lacrymis
2267 1058 2782 1145 praeteriisset?

221 1145 408 1232 Ejus,
467 1146 778 1230 inquam,
833 1143 1170 1212 foeminae
1223 1166 1488 1212 moeror
1538 1146 1657 1213 toti
1707 1145 1964 1236 civitati
2002 1145 2234 1212 ssetum
2285 1146 2619 1214 excitavit.
2674 1147 2781 1213 Vi-

219 1232 400 1302 duae
449 1234 637 1323 ipsae
699 1233 977 1301 viduam
1014 1233 1231 1313 illam,
1276 1255 1450 1319 quae
1499 1233 1804 1303 filiorum
1859 1243 2109 1303 matres
2157 1247 2373 1314 erant,
2414 1234 2777 1303 mulierem

226 1321 460 1392 liberis
499 1322 806 1391 orbatam
861 1323 1550 1391 commiserabantur.
1593 1323 1722 1404 Qui
1760 1322 1936 1392 lilios
1974 1322 2338 1402 habebant,
2377 1323 2782 1392 adolescen-

225 1424 357 1478 tem
414 1422 763 1479 mortuum
834 1410 1410 1481 lamentabantur.
1467 1411 1944 1480 Adolescentes
2008 1410 2514 1480 adolescentem
2576 1411 2781 1481 illu⁸m

229 1493 552 1586 lacrymis
597 1500 1208 1589 prosequebantur.
1271 1499 1396 1568 Alii
1445 1514 1520 1568 ut
1562 1500 1813 1578 silium,
1861 1499 1979 1567 alii
2016 1512 2091 1569 ut
2138 1499 2415 1568 fratrem
2469 1499 2783 1590 deplora-

229 1587 415 1657 bant.
482 1592 732 1656 Omnes
768 1587 1064 1674 denique
1125 1610 1390 1657 moeror
1433 1588 1546 1657 ille
1586 1590 1935 1678 tetigerat:
2006 1602 2069 1656 ct
2122 1590 2358 1657 matris
2396 1589 2649 1657 vulnus
2698 1611 2783 1656 eo

227 1677 450 1767 magis
500 1678 568 1744 in
620 1675 824 1744 corde
878 1677 1353 1746 renovabatur.
1413 1678 1561 1745 Filii
1610 1678 1795 1745 enim
1854 1677 2287 1758 memoriain
2325 1677 2476 1746 e'us
2514 1679 2782 1747 viscera

228 1780 556 1852 tanquam
613 1765 822 1833 telum
874 1765 1153 1852 aliquod
1191 1788 1579 1845 recurrenS,
1633 1767 1992 1834 flammam
2052 1766 2350 1834 accende
2405 1779 2494 1842 at,
2553 1779 2616 1835 et
2666 1766 2787 1834 do-

231 1853 395 1924 loris
444 1854 880 1923 acerbitatem
938 1855 1264 1942 majorem
1298 1854 1656 1923 efficiebat.
1714 1853 1894 1922 Nihil
1946 1855 2133 1921 enim
2198 1856 2286 1922 ita
2344 1869 2633 1923 matrem
2685 1855 2787 1922 as—

231 1943 302 2011 ssi
357 1944 428 2022 it,
475 1956 554 2011 ut
589 1943 840 2011 mortui
877 1942 1003 2011 filii
1042 1943 1438 2012 recordatio.

399 2038 493 2103 θ.
549 2036 717 2100 Cum
751 2031 963 2119 igitur
1011 2033 1236 2100 crines
1269 2033 1417 2101 sine
1465 2031 1978 2100 intermissione
2017 2031 2483 2111 laceraret,.et
2531 2032 2783 2122 ungui-

226 2123 359 2190 bus
410 2120 579 2209 ipsis
640 2119 955 2189 maxillas
1018 2120 1435 2210 discerperet
1483 2142 1560 2219 ac
1610 2120 2072 2198 dedecoraret,
2132 2121 2601 2208 lacrymarum
2658 2121 2785 2188 ssu-

236 2211 379 2278 vios
407 2207 825 2286 effundebat,
870 2221 934 2277 et
985 2210 1412 2278 miserabiles
1463 2231 1584 2298 pro
1646 2209 1790 2276 filio
1833 2221 2102 2279 mortuo
2147 2230 2342 2277 voces
2398 2208 2779 2287 emittebat,

231 2297 472 2383 quales
504 2297 764 2365 scilicet
816 2319 937 2386 par
983 2309 1191 2366 erata
1223 2320 1526 2367 moerore
1577 2298 1727 2386 ipso
1780 2298 1848 2364 in
1897 2300 2049 2384 ejus
2099 2310 2394 2366 mentem
2439 2320 2518 2365 ac
2548 2319 2784 2366 vocem

233 2386 659 2475 suppeditari
693 2386 746 2449 ²⁶.
788 2387 1101 2466 cuinam,
1152 2387 1529 2474 inquiebat,
1572 2386 1694 2465 sili,
1754 2385 2031 2461 viduam
2088 2398 2373 2453 matrem
2416 2398 2479 2453 et
2544 2387 2785 2454 orbam

167 2500 182 2512 ·
227 2474 701 2563 dereliquisti?
767 2479 1028 2556 Quem,
1086 2487 1145 2544 te
1193 2475 1540 2565 ademptO,
1599 2475 1986 2563 adjutorem
2048 2474 2441 2544 inveniam?
2496 2475 2784 2543 Cuinam

227 2579 413 2633 aetas
480 2586 627 2632 mea
697 2563 1004 2653 grandis,
1078 2577 1399 2651 tanquam
1457 2564 1728 2643 bacu10,
1805 2564 2186 2632 innitetur?
2234 2569 2448 2645 Quem
2507 2564 2791 2651 posthac

225 2666 594 2744 patronum
652 2653 1026 2731 inveniam,
1070 2656 1273 2740 cujus
1311 2655 1409 2721 vir
1461 2654 1655 2742 prius
1686 2652 2000 2729 excessit,
2043 2653 2158 2721 cui
2185 2652 2380 2720 'filius
2415 2673 2603 2720 nunc
2640 2652 2790 2720 adi—

231 2742 494 2811 mitur?
539 2741 678 2839 Qui
727 2753 959 2829 potero
1008 2742 1319 2811 orbitatis
1357 2764 1547 2811 meae
1596 2741 1957 2832 angustias
1987 2742 2293 2820 sufferre,
2334 2752 2398 2807 et
2432 2740 2791 2809 viduitatis

231 2842 703 2921 tempestatem
753 2830 1080 2898 evadere?
1131 2836 1477 2900 Hactenus
1526 2851 1732 2899 onere
1787 2829 1930 2907 illo,
1988 2831 2169 2915 quod
2224 2829 2470 2897 viduas
2528 2834 2792 2899 'conse-

229 2921 488 3006 quitur,
536 2919 860 3007 depressa
912 2919 1032 2998 fui,
1089 2942 1274 2988 nunc
1314 2933 1379 2988 et
1411 2920 1723 2988 orbitatis
1783 2918 2007 3007 caligo
2044 2940 2149 2987 me
2183 2917 2548 3008 oppressit.
2615 2924 2792 2986 Duos

228 3008 534 3078 illustres
573 3007 810 3075 oculos
864 3008 1324 3096 possidebam,
1363 3009 1587 3076 virum
1619 3020 1683 3076 et
1717 3007 1966 3086 silium,
2024 3007 2141 3076 sed
2191 3021 2568 3092 utrumque
2604 3028 2792 3075 mors

233 3097 380 3187 ipsa
426 3095 684 3165 effodit.
741 3096 990 3182 Ecquis
1042 3097 1273 3197 igitur,
1329 3096 1453 3175 fili,
1511 3107 1800 3165 matrem
1841 3109 2025 3164 tuam
2079 3097 2214 3185 jam
2279 3108 2622 3164 mortuam
2684 3116 2794 3163 se-

228 3186 473 3276 pulcro
517 3184 916 3253 mandabit?
969 3190 1134 3273 Quis
1175 3187 1366 3274 justa
1404 3184 1784 3276 persolvet?
1833 3190 1928 3254 En
1975 3184 2197 3266 illum,
2251 3185 2373 3270 qui
2426 3206 2533 3252 me
2573 3184 2795 3273 lacry-

233 3274 368 3345 mis
415 3274 738 3364 prosequi
788 3274 1100 3353 debebat,
1159 3274 1309 3363 ipsa
1360 3275 1555 3363 prius
1607 3273 1953 3362 lacrymo:
1987 3294 2194 3361 quem
2236 3273 2521 3342 decebat
2558 3271 2794 3362 sepul-

233 3384 430 3431 crum
485 3362 659 3430 mihi
709 3384 973 3451 parare,
1028 3385 1184 3430 cum
1238 3364 1387 3453 ipsa
1447 3385 1634 3431 nunc
1687 3362 2039 3451 sepeliam.
2096 3368 2238 3432 Non
2288 3361 2599 3451 amplius
2651 3361 2793 3430 tuis

230 3451 666 3541 amplexibus
715 3450 928 3527 fruar,
997 3473 1131 3519 non
1183 3451 1489 3540 amplius
1546 3452 1683 3520 tuis
1736 3452 2168 3520 suavissimis
2218 3450 2477 3520 osculis
2528 3471 2794 3518 recrea-

229 3541 377 3609 bor.
436 3546 563 3608 Par
595 3552 740 3609 erat
790 3551 1101 3619 matrem,
1152 3540 1557 3639 priusquam
1612 3539 1840 3609 filium
1876 3562 1910 3607 a
1957 3552 2172 3608 morte
2204 3540 2385 3628 rapi:
2444 3539 2553 3607 hic
2604 3540 2791 3607 enim

230 3639 333 3698 est
371 3642 659 3697 naturae
705 3629 896 3705 ordo,
947 3641 1020 3698 ut
1071 3628 1196 3696 filii
1249 3641 1566 3719 parentes
1618 3628 2083 3718 praemittant.
2138 3628 2263 3696 Sed
2315 3629 2644 3714 quoniam
2682 3651 2794 3696 or-

230 3717 464 3787 dinem
538 3718 942 3806 pervertisti,
999 3718 1238 3786 saltem
1288 3718 1601 3787 celeriter
1654 3722 1829 3785 Deus
1878 3716 2006 3785 hoc
2068 3716 2240 3784 mihi
2297 3716 2652 3806 largiatur,
2723 3730 2799 3784 ut

232 3804 320 3874 ad
370 3827 539 3883 eos,.
566 3807 684 3891 qui
738 3808 989 3876 mortui
1026 3817 1211 3885 sunt,
1252 3828 1360 3875 me
1393 3824 1685 3893 quoque
1734 3805 2093 3895 adjungat,
2131 3806 2349 3874 satius
2388 3806 2574 3873 enim
2623 3806 2796 3873 mihi

229 3894 361 3963 erit
411 3916 553 3963 uno
616 3895 995 3982 eodemque
1059 3894 1379 3985 sepulcro
1448 3894 1693 3972 condi,
1748 3915 1958 3980 quam
2021 3893 2171 3963 sine
2221 3893 2363 3963 filio
2414 3894 2601 3962 brevi
2667 3894 2797 3962 hac

234 3983 391 4052 luce
425 3983 594 4052 frui:
653 4006 811 4052 nam
876 3982 1068 4052 nulla
1131 3983 1736 4074 vitaejucunditas
1771 3983 1943 4051 mihi
1992 3983 2299 4073 amplius
2336 3982 2601 4068 reliqua
2662 3995 2791 4061 est,

232 4093 394 4140 cum
460 4093 595 4140 non
669 4071 976 4161 amplius
1027 4073 1328 4163 supersit
1387 4071 1542 4149 ille,
1601 4072 1806 4161 cujus
1853 4074 2063 4141 causa
2116 4073 2335 4140 vivere
2383 4072 2786 4160 cupiebam.

237 4160 570 4241 Quandiu
619 4160 808 4229 filius
857 4174 1232 4251 supererat,
1281 4162 1433 4230 sine
1479 4158 1714 4230 dolore
1774 4183 2147 4230 aerumnas
2205 4182 2392 4229 meas
2441 4160 2791 4229 ferebam:

230 4260 522 4336 uterque
585 4251 770 4318 enim
846 4249 1039 4319 alteri
1104 4250 1642 4321 consolationem
1711 4250 2218 4319 afferebamus:
2300 4270 2521 4335 neque
2598 4248 2797 4316 illum

233 4338 528 4437 orbitas!
568 4338 967 4429 frangebat,
1045 4360 1265 4425 neque
1334 4339 1630 4408 viduitas
1683 4339 1873 4428 ipsa,
1955 4350 2219 4408 tantum
2274 4338 2391 4405 illo
2457 4339 2629 4416 vivo,
2688 4357 2798 4404 me

285 4464 310 4491 ¹⁸
342 4462 520 4505 viduae
541 4463 703 4505 matris
723 4467 916 4507 unicum
937 4468 1099 4506 natum
1122 4465 1381 4507 extinctum
1399 4465 1692 4516 deplorantis
1713 4466 1900 4516 egregia
1918 4467 2259 4514 prosopopoejn
2277 4474 2362 4513 per
2388 4463 2718 4514 apostrophen.
