3357 4995
238 314 451 382 JUNII
502 318 586 381 ⁶22
922 336 999 380 na
1048 334 1233 381 omru
1283 336 1337 382 s.
1394 336 1648 383 panum
1697 337 1838 383 nor..
1895 335 2095 384 Erlsc.
2571 315 2703 383 489

238 419 722 510 gradientibus
753 473 767 500 ,
824 418 1157 508 praedicti
1211 420 1621 490 venerabilis
1670 421 1798 490 viri
1839 421 2106 490 celebre
2156 441 2404 489 nomen
2458 420 2783 501 innotuit,

239 510 528 599 ejusque
567 529 743 598 opus
777 507 1187 576 admirabile
1235 509 1321 577 ad
1371 531 1608 579 eorum
1660 533 1733 579 se
1765 510 2170 579 instruenda
2203 508 2432 578 studia
2468 509 2787 579 tetendit:

239 619 536 685 quorum
594 619 701 665 me
751 617 1026 666 necesse
1088 596 1215 666 suit
1273 599 1590 687 gravitati
1649 612 1786 668 tam
1838 611 2021 668 certo
2087 597 2390 677 credere,
2447 620 2526 667 ac
2576 599 2635 667 si
2684 621 2786 680 ea,

240 707 416 772 quae
466 684 791 766 dicerent,
849 686 1019 754 meis
1069 685 1292 755 oculis
1340 686 1691 756 vidissem.

331 777 482 861 §⁶²-
516 780 680 843 Cum
715 774 1161 844 saevientium
1193 774 1654 844 Vandalorum
1688 788 1990 864 tempore
2016 773 2258 844 fuisset
2284 773 2478 845 Italia
2503 775 2575 843 in
2611 780 2795 844 Cam·

245 863 490 952 paniae
522 862 836 952 partibus
876 862 1315 952 depopulata,
1359 865 1695 951 multique
1727 877 1953 933 essent
1983 863 2068 932 de
2102 864 2229 933 hac
2273 877 2449 932 terra
2504 865 2575 932 in
2621 863 2795 931 Afri-

247 973 489 1020 canam
521 952 864 1041 regionem
905 952 1234 1020 traducti:
1267 953 1371 1021 vir
1399 954 1667 1022 Domini
1689 953 2021 1022 Paulinus
2045 965 2317 1028 cuncta.
2344 975 2521 1038 quae
2547 952 2630 1021 ad
2660 953 2793 1042 epi-

245 1039 457 1130 scopii
499 1062 704 1109 usum
750 1041 1001 1108 babere
1043 1041 1281 1130 potuit,
1320 1043 1610 1131 captivis
1659 1041 2269 1131 indigentibusque
2323 1040 2613 1130 largitus
2659 1053 2783 1109 est.

243 1133 547 1215 Cumque
571 1129 711 1212 jam
752 1128 922 1197 nihil
955 1130 1354 1199 omnimodo
1396 1144 1806 1231 superesset,
1844 1129 2027 1216 quod
2069 1130 2454 1217 petentibus
2485 1130 2634 1198 dari
2676 1151 2792 1219 po-

253 1218 534 1286 tuisset:
573 1216 874 1303 quodam
912 1217 1023 1286 die
1062 1219 1399 1304 quaedam
1440 1220 1645 1288 vidua
1681 1219 1976 1298 advenit,
2023 1240 2200 1304 quae
2225 1240 2262 1286 a
2299 1218 2481 1306 regis
2522 1217 2790 1286 Vanda-

244 1306 466 1376 lorum
512 1328 762 1394 genero
812 1306 1036 1375 filium
1089 1329 1291 1375 suum
1346 1308 1413 1376 in
1464 1308 1924 1398 captivitatem
1968 1306 2181 1375 fuisse
2222 1306 2508 1375 ductum
2565 1307 2784 1396 perbi-

241 1395 428 1472 buit,
482 1408 684 1481 atque
733 1417 771 1462 a,
828 1396 969 1463 viro
1036 1397 1174 1476 Dei,
1228 1396 1377 1486 ejus
1443 1398 1734 1486 pretium
1805 1395 2211 1486 postulavit:
2276 1396 2334 1463 si
2385 1395 2551 1465 sorte
2602 1395 2792 1466 illius

242 1484 567 1553 dominus
618 1484 745 1551 hoc
795 1483 1200 1574 dignaretur
1250 1485 1557 1575 accipere
1582 1541 1596 1565 ,
1633 1498 1697 1553 et
1732 1486 1919 1554 hunc
1951 1483 2356 1552 concederet
2388 1484 2471 1552 ad
2511 1484 2788 1573 propria

241 1595 566 1641 remeare.
606 1573 729 1641 Sed
779 1573 880 1641 vir
923 1573 1036 1641 Dei
1077 1595 1491 1662 magnopere
1543 1575 1791 1663 petenti
1844 1573 2180 1642 foeminae
2226 1572 2394 1658 quid
2445 1573 2608 1642 dare
2671 1595 2792 1662 po-

244 1662 484 1730 tuisset
525 1661 906 1746 inquirenS,
964 1661 1133 1729 nihil
1189 1662 1371 1751 apud
1424 1686 1495 1731 se
1543 1663 1734 1731 aliud
1789 1663 1921 1732 nisi
1972 1684 2043 1730 se
2081 1662 2360 1741 invenit,
2401 1661 2792 1751 petentique

243 1750 585 1818 foeminae
611 1750 982 1838 respondit,
1017 1750 1281 1820 dicens:
1312 1752 1619 1832 «Mulier,
1654 1751 1836 1837 quod
1875 1750 2131 1839 possim
2161 1750 2347 1828 dare,
2381 1772 2513 1819 non
2541 1752 2783 1820 liabeo:

241 1839 354 1909 sed
412 1839 896 1927 memetipsum
935 1838 1117 1918 tolle,
1158 1862 1429 1908 servum
1475 1841 1785 1927 mejuris
1828 1839 1924 1908 tui
1962 1839 2299 1928 profitere,
2340 1852 2546 1925 atque
2584 1853 2659 1908 ut
2710 1839 2790 1908 si-

248 1926 420 1996 lium
458 1940 653 1995 tuum
712 1928 1025 2027 recipiaS,
1063 1950 1168 1995 me
1204 1929 1345 1996 vice
1388 1928 1576 1997 illius
1611 1930 1677 1996 in
1717 1927 2068 1996 servitium
2109 1927 2318 1995 trade.
2359 1951 2394 1994 »
2436 1928 2626 2010 Quod
2674 1928 2791 1996 illa

240 2038 320 2084 ex
368 2038 481 2084 ore
534 2016 701 2083 tanti
755 2017 880 2084 viri
929 2015 1241 2095 audienS,
1282 2017 1669 2086 irrisionem
1731 2017 1957 2106 potius
2005 2016 2317 2096 credidit,
2366 2039 2570 2103 quam
2606 2039 2792 2085 com-

247 2105 665 2194 passionem.
731 2111 806 2174 At
854 2104 969 2173 ille
1016 2117 1092 2174 ut
1138 2118 1282 2174 erat
1346 2107 1445 2174 vir
1495 2105 2141 2192 eloquentissimuS‚
2214 2119 2416 2191 atque
2475 2106 2791 2194 apprime

244 2194 697 2262 exterioribus
752 2215 1029 2281 quoque
1088 2194 1335 2263 studiis
1400 2196 1761 2272 erudituS,
1806 2194 2152 2261 dubitanti
2209 2193 2548 2261 foeminae
2583 2194 2789 2261 citius

246 2283 612 2371 persuasit,
654 2296 730 2350 ut
770 2283 1003 2352 audita
1054 2284 1400 2352 crederet:
1440 2297 1503 2352 et
1547 2305 1665 2373 pro
1702 2282 2088 2370 receptione
2123 2282 2249 2350 filii
2285 2282 2417 2360 sui,
2455 2283 2524 2349 in
2581 2282 2790 2350 servi—

245 2370 412 2438 tium
446 2372 849 2459 episcopum
888 2371 1153 2440 tradere
1190 2394 1320 2440 non
1357 2373 1723 2441 dubitaret.
1763 2377 2117 2439 Perrexere
2149 2371 2361 2460 igitur
2390 2371 2667 2456 utrique
2701 2370 2786 2437 ad

240 2458 530 2528 Africam
576 2459 697 2548 (a).

329 2551 364 2633 ἓ
412 2554 502 2619 3.
559 2549 966 2618 Procedente
1015 2561 1242 2618 autem
1294 2551 1475 2639 regis
1514 2572 1789 2639 genem,
1829 2550 1947 2635 qui
1997 2549 2148 2636 ejus
2189 2548 2409 2617 silium
2465 2547 2781 2628 habebat,

240 2637 447 2705 vidua
484 2652 804 2727 rogatura
836 2662 904 2708 se
938 2638 1222 2708 obtulit:
1254 2661 1333 2707 ac
1377 2639 1569 2728 prius
1607 2640 1820 2728 petiit,
1858 2651 1934 2707 ut
1979 2638 2042 2706 ei
2091 2637 2312 2706 filium
2358 2637 2616 2705 donare
2666 2638 2789 2704 de-

240 2725 523 2796 buisset.
565 2727 757 2809 Quod
799 2751 957 2796 cum
1003 2728 1102 2794 vir
1152 2728 1490 2797 barbarus
1538 2740 1699 2817 typo
1746 2728 2112 2815 superbiae
2145 2726 2489 2815 turgidus,
2531 2726 2786 2814 gaudio

241 2816 671 2884 transitoriae
724 2817 1193 2906 prosperitatis
1243 2816 1558 2893 inflatus,
1617 2839 1748 2885 non
1803 2816 2027 2885 solum
2080 2813 2300 2883 facere
2333 2870 2347 2894 ‚
2410 2814 2526 2881 sed
2580 2814 2784 2882 etiam

212 2903 480 2972 ⁴audire
529 2904 954 2995 despiceret:
1011 2904 1218 2973 vidua
1266 2905 1646 2991 subjunxit,
1684 2905 1954 2973 dicens:
2003 2909 2169 2972 Ecce
2212 2903 2397 2971 hunc
2434 2904 2785 2972 hominem

243 3014 365 3081 pro
395 3015 472 3062 eo
505 2993 835 3063 vicarium
874 2994 1186 3084 praebeo:
1216 2994 1650 3063 solummodo
1734 2994 1998 3062 ietatem
2032 2994 2100 3060 in
2141 3015 2247 3060 me
2277 2993 2544 3071 exhibe,
2587 2993 2787 3060 mihi-

238 3101 371 3167 que
420 3083 704 3151 unicum
762 3082 983 3152 filium
1035 3082 1262 3151 redde.
1310 3087 1616 3169 Cumque
1668 3082 1781 3150 ile
1833 3082 2100 3150 venusti
2151 3081 2383 3151 vultus
2431 3081 2782 3150 hominem

241 3172 728 3260 conspexisset,
764 3193 970 3258 quam
1008 3186 1217 3240 artem
1269 3186 1517 3251 nosset,
1560 3172 1938 3257 inquisivit.
1981 3172 2101 3240 Cui
2139 3172 2238 3237 vir
2291 3171 2402 3238 Dei
2454 3169 2788 3239 Paulinus

241 3254 616 3349 respondit,
672 3260 947 3329 dicens:
986 3283 1019 3326 «
1054 3265 1274 3328 Artem
1326 3260 1607 3346 quidem
1658 3260 1963 3346 aliquam
2019 3260 2290 3328 nescio:
2330 3259 2447 3327 sed
2503 3258 2780 3327 hortum

238 3346 413 3415 bene
459 3349 762 3418 excolere
789 3350 952 3419 scio.
993 3372 1025 3414 »
1061 3349 1252 3431 Quod
1305 3349 1406 3416 vir
1453 3349 1730 3438 gentilis
1759 3348 1952 3417 valde
1983 3347 2276 3416 libenter
2309 3348 2595 3435 accepit,
2623 3368 2784 3415 cum

240 3435 310 3504 in
363 3438 748 3506 nutriendis
793 3437 1096 3507 oleribus
1144 3437 1307 3523 quia
1357 3440 1616 3525 peritus
1662 3451 1884 3518 esset,
1940 3436 2224 3505 audivit.
2297 3437 2609 3525 Suscepit
2659 3436 2787 3504 ita-

238 3547 372 3611 que
421 3547 718 3606 servum,
766 3539 829 3595 et
880 3526 1144 3616 roganti
1195 3525 1439 3594 viduae
1480 3526 1778 3594 reddidit
1827 3526 2075 3594 filium.
2132 3530 2280 3607 Quo
2329 3537 2632 3611 accepto,
2688 3525 2788 3593 vi-

238 3615 378 3683 dua
417 3617 503 3684 ab
550 3614 864 3684 Africana
905 3615 1181 3704 regione
1228 3615 1579 3685 discessit:
1638 3614 1970 3683 Paulinus
2023 3636 2178 3683 vero
2219 3613 2571 3683 excolendi
2608 3615 2787 3684 horti

238 3725 476 3772 curam
550 3705 877 3793 suscepit.
933 3710 1238 3790 Cumque
1285 3703 1466 3773 idem
1533 3704 1714 3792 regis
1761 3725 1971 3793 gener
2018 3705 2258 3772 crebro
2310 3703 2789 3791 ingrederetur

240 3790 540 3873 hortum,
596 3815 940 3880 suumque
991 3791 1438 3861 hortulanum
1471 3792 1813 3878 quaedam
1869 3792 2266 3878 requireret,
2304 3805 2368 3859 et
2401 3792 2785 3880 sapientem

240 3879 435 3949 valde
484 3881 834 3949 hominem
888 3881 1164 3962 videret,
1204 3881 1463 3950 amicos
1501 3881 1726 3969 coepit
1757 3879 2133 3949 familiares
2165 3880 2503 3958 deserere,
2539 3894 2604 3949 et
2635 3902 2784 3949 sae-

242 3966 400 4055 pius
425 3991 581 4038 cum
624 3992 750 4040 suo
778 3969 1142 4039 hortulano
1171 3968 1498 4056 colloqui,
1539 3982 1743 4056 atque
1776 3969 1924 4056 ejus
1952 3969 2391 4039 sermonibus
2426 3968 2774 4039 delectari.

243 4057 363 4123 Cui
433 4057 764 4129 Paulinus
830 4058 1134 4145 quotidie
1204 4057 1291 4127 ad
1360 4080 1671 4128 mensam
1732 4057 1949 4139 olera,
2027 4058 2460 4145 virentesque
2534 4058 2782 4127 herbas

301 4175 363 4225 (α)
391 4178 505 4218 Cum
536 4181 742 4220 wandali
761 4190 857 4221 non
876 4184 984 4220 ante
1005 4190 1179 4220 annum
1199 4190 1439 4220 ccccxxvii
1462 4181 1511 4219 ln
1529 4179 1733 4221 Africam
1755 4178 2073 4227 sintdeducti,
2092 4180 2247 4221 emula
2268 4180 2386 4219 hacc
2407 4179 2604 4225 Paulini,
2624 4187 2788 4221 venusi.

235 4231 376 4269 mlhuc
402 4233 560 4283 vultus,
586 4235 634 4272 et
663 4231 816 4274 idonei
833 4235 889 4274 td
918 4232 1044 4273 horti
1063 4234 1298 4274 culturam
1316 4234 1537 4282 hominis,
1555 4235 1756 4274 historia
1775 4232 1965 4275 minime
1990 4236 2210 4283 congruit
2230 4234 2426 4274 Paulino
2448 4235 2506 4273 de
2530 4245 2623 4282 quo
2646 4235 2785 4274 hodio

238 4282 409 4333 agitur,
436 4287 538 4325 seni
563 4296 737 4327 annum
766 4291 879 4327 tunc
898 4289 1043 4327 ‘natm
1064 4288 1231 4336 agenti.
1255 4288 1322 4327 Ad
1341 4288 1368 4326 J
1372 4288 1585 4328 umorem
1606 4299 1716 4336 ergo
1737 4289 1986 4328 Paulinum
2005 4299 2145 4337 quem
2164 4289 2372 4328 Nolanae
2395 4285 2631 4328 Ecclesiae
2653 4297 2785 4335 prae·

238 4337 335 4376 ruis
363 4346 389 4375 e
418 4337 508 4377 sub
536 4340 741 4380 medium
772 4350 800 4379 v
830 4351 949 4381 saec.
977 4339 1142 4381 dicunt
1170 4342 1244 4381 est
1269 4341 1527 4381 referenda.
1560 4342 1662 4381 Non
1682 4342 1852 4381 desunt
1871 4343 1953 4391 qui
1976 4343 2306 4387 hammelant
2324 4340 2519 4392 penitus
2541 4338 2708 4384 Africi,
2727 4341 2784 4378 de

238 4347 409 4449 qotgts
439 4390 601 4431 Nolam
629 4390 961 4445 diripientibus
979 4395 1248 4442 accipienda
1265 4396 1508 4436 censeant:
1538 4395 1662 4443 quod
1682 4395 2010 4445 chronologice
2029 4397 2192 4436 nostro
2217 4396 2413 4436 Paulino
2437 4395 2600 4443 utique
2620 4402 2784 4432 convc-

236 4445 378 4485 mret.
399 4443 608 4485 wandali
627 4449 755 4487 certe
772 4448 937 4489 Italiae
956 4448 1075 4489 nnec
1095 4448 1285 4488 nonnisi
1302 4449 1410 4498 post
1428 4456 1619 4488 ccccxci
1643 4448 1918 4497 ungerunt.
