<?xml version="1.0" encoding="UTF-8"?>
<!DOCTYPE html PUBLIC "-//W3C//DTD XHTML 1.0 Transitional//EN"
    "http://www.w3.org/TR/xhtml1/DTD/xhtml1-transitional.dtd">
<html xmlns="http://www.w3.org/1999/xhtml" xml:lang="en" lang="en">
 <head>
  <title>
</title>
<meta http-equiv="Content-Type" content="text/html;charset=utf-8" />
  <meta name='ocr-system' content='tesseract 3.04.00' />
  <meta name='ocr-capabilities' content='ocr_page ocr_carea ocr_par ocr_line ocrx_word'/>
</head>
<body>
  <div class='ocr_page' id='page_1' title='image "./historiaeseuvit02lippgoog_0031.png"; bbox 0 0 3357 4995; ppageno 0'>
   <div class='ocr_carea' id='block_1_1' title="bbox 204 340 2754 545">
    <p class='ocr_par' dir='ltr' id='par_1_1' title="bbox 204 340 2754 545">
     <span class='ocr_line' id='line_1_1' title="bbox 207 340 2667 415; baseline -0.004 0"><span class='ocrx_word' id='word_1_1' title='bbox 207 346 413 415; x_wconf 68' lang='lat' dir='ltr'><strong>amm</strong></span> <span class='ocrx_word' id='word_1_2' title='bbox 468 348 495 411; x_wconf 73' lang='lat' dir='ltr'><strong>t</strong></span> <span class='ocrx_word' id='word_1_3' title='bbox 1046 363 1126 410; x_wconf 71' lang='lat' dir='ltr'><strong>na</strong></span> <span class='ocrx_word' id='word_1_4' title='bbox 1173 362 1229 411; x_wconf 89' lang='lat' dir='ltr'><strong>s.</strong></span> <span class='ocrx_word' id='word_1_5' title='bbox 1288 361 1560 411; x_wconf 68' lang='lat' dir='ltr'><strong>smnomz</strong></span> <span class='ocrx_word' id='word_1_6' title='bbox 1605 358 1905 410; x_wconf 72' lang='lat' dir='ltr'><strong>nonAcno</strong></span> <span class='ocrx_word' id='word_1_7' title='bbox 2582 340 2667 406; x_wconf 73' lang='lat'><strong>23</strong></span> 
     </span>
     <span class='ocr_line' id='line_1_2' title="bbox 204 443 2754 545; baseline -0.002 -26"><span class='ocrx_word' id='word_1_8' title='bbox 204 464 395 538; x_wconf 82' lang='lat' dir='ltr'><strong>atque</strong></span> <span class='ocrx_word' id='word_1_9' title='bbox 426 462 508 520; x_wconf 91' lang='lat' dir='ltr'><strong>ut</strong></span> <span class='ocrx_word' id='word_1_10' title='bbox 540 449 654 519; x_wconf 90' lang='lat' dir='ltr'><strong>sui</strong></span> <span class='ocrx_word' id='word_1_11' title='bbox 689 468 955 518; x_wconf 89' lang='lat' dir='ltr'><strong>memor</strong></span> <span class='ocrx_word' id='word_1_12' title='bbox 983 458 1183 527; x_wconf 90' lang='lat' dir='ltr'><strong>esset,</strong></span> <span class='ocrx_word' id='word_1_13' title='bbox 1222 447 1473 538; x_wconf 86' lang='lat' dir='ltr'><strong>grandi</strong></span> <span class='ocrx_word' id='word_1_14' title='bbox 1504 467 1668 517; x_wconf 88' lang='lat' dir='ltr'><strong>cum</strong></span> <span class='ocrx_word' id='word_1_15' title='bbox 1699 444 2092 516; x_wconf 89' lang='lat' dir='ltr'><strong>humilitate</strong></span> <span class='ocrx_word' id='word_1_16' title='bbox 2124 443 2565 545; x_wconf 84' lang='lat' dir='ltr'><strong>efflagitabat,</strong></span> <span class='ocrx_word' id='word_1_17' title='bbox 2609 466 2754 514; x_wconf 92' lang='lat' dir='ltr'><strong>non</strong></span> 
     </span>
    </p>
   </div>
   <div class='ocr_carea' id='block_1_2' title="bbox 206 532 2884 641">
    <p class='ocr_par' dir='ltr' id='par_1_2' title="bbox 206 532 2884 641">
     <span class='ocr_line' id='line_1_3' title="bbox 206 532 2884 641; baseline -0.002 -33"><span class='ocrx_word' id='word_1_18' title='bbox 206 538 569 641; x_wconf 76' lang='lat' dir='ltr'><strong>indignum</strong></span> <span class='ocrx_word' id='word_1_19' title='bbox 626 549 961 626; x_wconf 86' lang='lat' dir='ltr'><strong>reputans</strong></span> <span class='ocrx_word' id='word_1_20' title='bbox 1012 547 1198 606; x_wconf 89' lang='lat' dir='ltr'><strong>tanto</strong></span> <span class='ocrx_word' id='word_1_21' title='bbox 1247 536 1462 606; x_wconf 77' lang='lat' dir='ltr'><strong>eremi</strong></span> <span class='ocrx_word' id='word_1_22' title='bbox 1509 532 1777 605; x_wconf 80' lang='lat' dir='ltr'>incolae</span> <span class='ocrx_word' id='word_1_23' title='bbox 1830 534 1994 605; x_wconf 91' lang='lat' dir='ltr'><strong>obse</strong></span> <span class='ocrx_word' id='word_1_24' title='bbox 2048 533 2247 603; x_wconf 91' lang='lat' dir='ltr'><strong>uium</strong></span> <span class='ocrx_word' id='word_1_25' title='bbox 2303 533 2753 624; x_wconf 76' lang='lat' dir='ltr'><strong>lmpendere,</strong></span> <span class='ocrx_word' id='word_1_26' title='bbox 2876 612 2884 621; x_wconf 88' lang='lat'><strong>.</strong></span> 
     </span>
    </p>
   </div>
   <div class='ocr_carea' id='block_1_3' title="bbox 194 622 2761 1325">
    <p class='ocr_par' dir='ltr' id='par_1_3' title="bbox 205 622 2662 719">
     <span class='ocr_line' id='line_1_4' title="bbox 205 622 2662 719; baseline -0.003 -22"><span class='ocrx_word' id='word_1_27' title='bbox 205 629 560 719; x_wconf 78' lang='lat' dir='ltr'><strong>ipsiusque</strong></span> <span class='ocrx_word' id='word_1_28' title='bbox 605 625 901 695; x_wconf 83' lang='lat' dir='ltr'><strong>eximiae</strong></span> <span class='ocrx_word' id='word_1_29' title='bbox 947 624 1295 695; x_wconf 82' lang='lat' dir='ltr'><strong>sanctitati</strong></span> <span class='ocrx_word' id='word_1_30' title='bbox 1342 623 1748 715; x_wconf 90' lang='lat' dir='ltr'><strong>dignitatem</strong></span> <span class='ocrx_word' id='word_1_31' title='bbox 1794 644 1988 693; x_wconf 89' lang='lat' dir='ltr'><strong>sacer</strong></span> <span class='ocrx_word' id='word_1_32' title='bbox 2041 622 2161 692; x_wconf 92' lang='lat' dir='ltr'><strong>otii</strong></span> <span class='ocrx_word' id='word_1_33' title='bbox 2193 622 2662 693; x_wconf 81' lang='lat' dir='ltr'><strong>substernere.</strong></span> 
     </span>
    </p>

    <p class='ocr_par' dir='ltr' id='par_1_4' title="bbox 194 709 2761 1325">
     <span class='ocr_line' id='line_1_5' title="bbox 280 709 2759 805; baseline -0.001 -21"><span class='ocrx_word' id='word_1_34' title='bbox 280 719 319 805; x_wconf 70' lang='grc' dir='ltr'>ξ</span> <span class='ocrx_word' id='word_1_35' title='bbox 367 720 469 795; x_wconf 66' lang='grc'><strong>9,.</strong></span> <span class='ocrx_word' id='word_1_36' title='bbox 522 714 705 797; x_wconf 87' lang='lat' dir='ltr'><strong>Quid</strong></span> <span class='ocrx_word' id='word_1_37' title='bbox 755 713 972 805; x_wconf 86' lang='lat' dir='ltr'><strong>igitur</strong></span> <span class='ocrx_word' id='word_1_38' title='bbox 1016 712 1227 783; x_wconf 87' lang='lat' dir='ltr'><strong>officii</strong></span> <span class='ocrx_word' id='word_1_39' title='bbox 1282 733 1408 783; x_wconf 87' lang='lat' dir='ltr'><strong>nos</strong></span> <span class='ocrx_word' id='word_1_40' title='bbox 1462 723 1855 803; x_wconf 82' lang='lat' dir='ltr'><strong>peccatores</strong></span> <span class='ocrx_word' id='word_1_41' title='bbox 1903 721 1969 782; x_wconf 93' lang='lat' dir='ltr'><strong>et</strong></span> <span class='ocrx_word' id='word_1_42' title='bbox 2010 709 2287 800; x_wconf 89' lang='lat' dir='ltr'><strong>indigni</strong></span> <span class='ocrx_word' id='word_1_43' title='bbox 2347 710 2512 780; x_wconf 88' lang='lat' dir='ltr'><strong>huic</strong></span> <span class='ocrx_word' id='word_1_44' title='bbox 2561 711 2759 781; x_wconf 91' lang='lat' dir='ltr'><strong>heato</strong></span> 
     </span>
     <span class='ocr_line' id='line_1_6' title="bbox 196 798 2759 894; baseline -0.002 -21"><span class='ocrx_word' id='word_1_45' title='bbox 196 806 336 876; x_wconf 79' lang='lat' dir='ltr'><strong>viro</strong></span> <span class='ocrx_word' id='word_1_46' title='bbox 377 805 533 894; x_wconf 87' lang='lat' dir='ltr'><strong>jam</strong></span> <span class='ocrx_word' id='word_1_47' title='bbox 583 824 745 873; x_wconf 89' lang='lat' dir='ltr'><strong>cum</strong></span> <span class='ocrx_word' id='word_1_48' title='bbox 789 802 1055 872; x_wconf 88' lang='lat' dir='ltr'><strong>Christo</strong></span> <span class='ocrx_word' id='word_1_49' title='bbox 1090 801 1406 893; x_wconf 82' lang='lat' dir='ltr'><strong>regnanti</strong></span> <span class='ocrx_word' id='word_1_50' title='bbox 1440 801 1824 891; x_wconf 82' lang='lat' dir='ltr'><strong>poterimus</strong></span> <span class='ocrx_word' id='word_1_51' title='bbox 1856 799 2203 879; x_wconf 73' lang='lat' dir='ltr'><strong>exhibere,</strong></span> <span class='ocrx_word' id='word_1_52' title='bbox 2239 820 2398 868; x_wconf 91' lang='lat' dir='ltr'><strong>cum</strong></span> <span class='ocrx_word' id='word_1_53' title='bbox 2431 798 2759 869; x_wconf 82' lang='lat' dir='ltr'><strong>audimus</strong></span> 
     </span>
     <span class='ocr_line' id='line_1_7' title="bbox 196 887 2759 982; baseline -0.003 -18"><span class='ocrx_word' id='word_1_54' title='bbox 196 905 466 964; x_wconf 86' lang='lat' dir='ltr'><strong>tanturn</strong></span> <span class='ocrx_word' id='word_1_55' title='bbox 517 890 937 961; x_wconf 54' lang='lat' dir='ltr'><strong>Pontificemx</strong></span> <span class='ocrx_word' id='word_1_56' title='bbox 969 891 1121 982; x_wconf 90' lang='lat' dir='ltr'><strong>ejus</strong></span> <span class='ocrx_word' id='word_1_57' title='bbox 1159 890 1391 960; x_wconf 90' lang='lat' dir='ltr'><strong>adhuc</strong></span> <span class='ocrx_word' id='word_1_58' title='bbox 1425 890 1497 959; x_wconf 93' lang='lat' dir='ltr'><strong>in</strong></span> <span class='ocrx_word' id='word_1_59' title='bbox 1539 890 1737 960; x_wconf 92' lang='lat' dir='ltr'><strong>terris</strong></span> <span class='ocrx_word' id='word_1_60' title='bbox 1767 889 1974 980; x_wconf 88' lang='lat' dir='ltr'><strong>positi</strong></span> <span class='ocrx_word' id='word_1_61' title='bbox 2006 887 2339 978; x_wconf 84' lang='lat' dir='ltr'><strong>suffragia</strong></span> <span class='ocrx_word' id='word_1_62' title='bbox 2372 898 2565 957; x_wconf 87' lang='lat' dir='ltr'><strong>tanta</strong></span> <span class='ocrx_word' id='word_1_63' title='bbox 2597 910 2759 957; x_wconf 92' lang='lat' dir='ltr'><strong>cum</strong></span> 
     </span>
     <span class='ocr_line' id='line_1_8' title="bbox 194 976 2761 1070; baseline -0.002 -19"><span class='ocrx_word' id='word_1_64' title='bbox 194 981 588 1053; x_wconf 89' lang='lat' dir='ltr'><strong>humilitate</strong></span> <span class='ocrx_word' id='word_1_65' title='bbox 647 980 1081 1070; x_wconf 78' lang='lat' dir='ltr'><strong>deposcere?</strong></span> <span class='ocrx_word' id='word_1_66' title='bbox 1126 980 1290 1070; x_wconf 91' lang='lat' dir='ltr'><strong>Ejus</strong></span> <span class='ocrx_word' id='word_1_67' title='bbox 1349 1000 1514 1069; x_wconf 92' lang='lat' dir='ltr'><strong>ergo</strong></span> <span class='ocrx_word' id='word_1_68' title='bbox 1579 978 2097 1048; x_wconf 88' lang='lat' dir='ltr'><strong>intercessionis</strong></span> <span class='ocrx_word' id='word_1_69' title='bbox 2163 996 2365 1067; x_wconf 90' lang='lat' dir='ltr'><strong>opem</strong></span> <span class='ocrx_word' id='word_1_70' title='bbox 2437 976 2761 1046; x_wconf 89' lang='lat' dir='ltr'><strong>ardenter</strong></span> 
     </span>
     <span class='ocr_line' id='line_1_9' title="bbox 196 1063 2760 1162; baseline -0.002 -22"><span class='ocrx_word' id='word_1_71' title='bbox 196 1070 677 1162; x_wconf 79' lang='lat' dir='ltr'><strong>imploremuS,</strong></span> <span class='ocrx_word' id='word_1_72' title='bbox 718 1067 963 1138; x_wconf 83' lang='lat' dir='ltr'><strong>auxilii</strong></span> <span class='ocrx_word' id='word_1_73' title='bbox 1015 1068 1167 1158; x_wconf 91' lang='lat' dir='ltr'><strong>ejus</strong></span> <span class='ocrx_word' id='word_1_74' title='bbox 1219 1067 1554 1139; x_wconf 83' lang='lat' dir='ltr'><strong>beneficia</strong></span> <span class='ocrx_word' id='word_1_75' title='bbox 1602 1087 1997 1158; x_wconf 77' lang='lat' dir='ltr'><strong>poscamu8‚</strong></span> <span class='ocrx_word' id='word_1_76' title='bbox 2054 1063 2245 1135; x_wconf 92' lang='lat' dir='ltr'><strong>illius</strong></span> <span class='ocrx_word' id='word_1_77' title='bbox 2293 1065 2503 1135; x_wconf 87' lang='lat' dir='ltr'><strong>vitam</strong></span> <span class='ocrx_word' id='word_1_78' title='bbox 2556 1076 2760 1152; x_wconf 86' lang='lat' dir='ltr'><strong>atque</strong></span> 
     </span>
     <span class='ocr_line' id='line_1_10' title="bbox 196 1155 2756 1249; baseline -0.002 -22"><span class='ocrx_word' id='word_1_79' title='bbox 196 1180 418 1229; x_wconf 83' lang='lat' dir='ltr'><strong>mores</strong></span> <span class='ocrx_word' id='word_1_80' title='bbox 474 1179 604 1249; x_wconf 89' lang='lat' dir='ltr'><strong>pro</strong></span> <span class='ocrx_word' id='word_1_81' title='bbox 655 1168 936 1227; x_wconf 91' lang='lat' dir='ltr'><strong>nostrae</strong></span> <span class='ocrx_word' id='word_1_82' title='bbox 985 1155 1268 1227; x_wconf 89' lang='lat' dir='ltr'><strong>modulo</strong></span> <span class='ocrx_word' id='word_1_83' title='bbox 1316 1155 1591 1226; x_wconf 87' lang='lat' dir='ltr'><strong>virtutis</strong></span> <span class='ocrx_word' id='word_1_84' title='bbox 1641 1155 2032 1235; x_wconf 88' lang='lat' dir='ltr'><strong>imitemur,</strong></span> <span class='ocrx_word' id='word_1_85' title='bbox 2087 1167 2423 1246; x_wconf 81' lang='lat' dir='ltr'><strong>regnante</strong></span> <span class='ocrx_word' id='word_1_86' title='bbox 2469 1155 2756 1224; x_wconf 88' lang='lat' dir='ltr'><strong>Domino</strong></span> 
     </span>
     <span class='ocr_line' id='line_1_11' title="bbox 198 1243 2141 1325; baseline -0.003 -8"><span class='ocrx_word' id='word_1_87' title='bbox 198 1258 425 1318; x_wconf 86' lang='lat' dir='ltr'><strong>nostro</strong></span> <span class='ocrx_word' id='word_1_88' title='bbox 470 1253 644 1318; x_wconf 83' lang='lat' dir='ltr'><strong>Jesu</strong></span> <span class='ocrx_word' id='word_1_89' title='bbox 694 1245 965 1316; x_wconf 91' lang='lat' dir='ltr'><strong>Christo</strong></span> <span class='ocrx_word' id='word_1_90' title='bbox 1011 1245 1084 1314; x_wconf 90' lang='lat' dir='ltr'><strong>in</strong></span> <span class='ocrx_word' id='word_1_91' title='bbox 1112 1244 1371 1325; x_wconf 69' lang='lat' dir='ltr'><strong>,secuta</strong></span> <span class='ocrx_word' id='word_1_92' title='bbox 1419 1243 1841 1325; x_wconf 90' lang='lat' dir='ltr'><strong>seculorum,</strong></span> <span class='ocrx_word' id='word_1_93' title='bbox 1905 1248 2141 1313; x_wconf 77' lang='lat' dir='ltr'><strong>Amen.</strong></span> 
     </span>
    </p>
   </div>
   <div class='ocr_carea' id='block_1_4' title="bbox 1027 1515 1952 1619">
    <p class='ocr_par' dir='ltr' id='par_1_5' title="bbox 1027 1515 1952 1619">
     <span class='ocr_line' id='line_1_12' title="bbox 1027 1515 1952 1619; baseline 0.001 -4"><span class='ocrx_word' id='word_1_94' title='bbox 1027 1516 1261 1619; x_wconf 84' lang='lat' dir='ltr'><strong>VlTA</strong></span> <span class='ocrx_word' id='word_1_95' title='bbox 1326 1517 1404 1619; x_wconf 91' lang='lat' dir='ltr'><strong>S.</strong></span> <span class='ocrx_word' id='word_1_96' title='bbox 1473 1515 1952 1618; x_wconf 73' lang='lat' dir='ltr'>SIMEONIS</span> 
     </span>
    </p>
   </div>
   <div class='ocr_carea' id='block_1_5' title="bbox 900 1687 2060 1756">
    <p class='ocr_par' dir='ltr' id='par_1_6' title="bbox 900 1687 2060 1756">
     <span class='ocr_line' id='line_1_13' title="bbox 900 1687 2060 1756; baseline -0.003 -2"><span class='ocrx_word' id='word_1_97' title='bbox 900 1687 1336 1756; x_wconf 77' lang='lat' dir='ltr'><strong>MONACHI</strong></span> <span class='ocrx_word' id='word_1_98' title='bbox 1404 1687 2060 1755; x_wconf 79' lang='lat' dir='ltr'>TREVIRENSIS</span> 
     </span>
    </p>
   </div>
   <div class='ocr_carea' id='block_1_6' title="bbox 461 1899 2478 2165">
    <p class='ocr_par' dir='ltr' id='par_1_7' title="bbox 461 1899 2478 2165">
     <span class='ocr_line' id='line_1_14' title="bbox 547 1899 2390 1951; baseline -0.002 0"><span class='ocrx_word' id='word_1_99' title='bbox 547 1905 629 1951; x_wconf 76' lang='lat' dir='ltr'><strong>AB</strong></span> <span class='ocrx_word' id='word_1_100' title='bbox 676 1901 1017 1951; x_wconf 72' lang='lat' dir='ltr'><strong>Evssnwmo</strong></span> <span class='ocrx_word' id='word_1_101' title='bbox 1064 1902 1206 1949; x_wconf 81' lang='lat' dir='ltr'><strong>ABB.</strong></span> <span class='ocrx_word' id='word_1_102' title='bbox 1258 1901 1529 1950; x_wconf 66' lang='lat' dir='ltr'><strong>MONAST.</strong></span> <span class='ocrx_word' id='word_1_103' title='bbox 1574 1901 1949 1950; x_wconf 81' lang='lat' dir='ltr'>DOLEJENSIS</span> <span class='ocrx_word' id='word_1_104' title='bbox 1986 1899 2390 1950; x_wconf 75' lang='lat' dir='ltr'><strong>CONSCRIPTA.</strong></span> 
     </span>
     <span class='ocr_line' id='line_1_15' title="bbox 461 1978 2478 2067; baseline -0.001 -8"><span class='ocrx_word' id='word_1_105' title='bbox 461 2010 707 2059; x_wconf 71' lang='lat' dir='ltr'>STYLUx</span> <span class='ocrx_word' id='word_1_106' title='bbox 756 2009 1056 2059; x_wconf 77' lang='lat' dir='ltr'><strong>HINCINDE</strong></span> <span class='ocrx_word' id='word_1_107' title='bbox 1120 2006 1357 2058; x_wconf 69' lang='lat' dir='ltr'><strong>momen</strong></span> <span class='ocrx_word' id='word_1_108' title='bbox 1417 2009 1714 2058; x_wconf 79' lang='lat' dir='ltr'><strong>ELmAvu·</strong></span> <span class='ocrx_word' id='word_1_109' title='bbox 1770 1978 2165 2058; x_wconf 67' lang='lat' dir='ltr'><strong>LAURRNTlth</strong></span> <span class='ocrx_word' id='word_1_110' title='bbox 2227 2008 2478 2067; x_wconf 86' lang='lat' dir='ltr'><strong>SURIUS,</strong></span> 
     </span>
     <span class='ocr_line' id='line_1_16' title="bbox 1025 2115 1921 2165; baseline -0.001 -1"><span class='ocrx_word' id='word_1_111' title='bbox 1025 2116 1204 2165; x_wconf 77' lang='lat' dir='ltr'><strong>Num.</strong></span> <span class='ocrx_word' id='word_1_112' title='bbox 1250 2115 1503 2164; x_wconf 70' lang='lat' dir='ltr'>MUTATA</span> <span class='ocrx_word' id='word_1_113' title='bbox 1551 2115 1921 2165; x_wconf 78' lang='lat' dir='ltr'><strong>SENTENTIA.</strong></span> 
     </span>
    </p>
   </div>
   <div class='ocr_carea' id='block_1_7' title="bbox 809 2264 2136 2358">
    <p class='ocr_par' dir='ltr' id='par_1_8' title="bbox 809 2264 2136 2358">
     <span class='ocr_line' id='line_1_17' title="bbox 809 2264 2136 2358; baseline -0.003 -4"><span class='ocrx_word' id='word_1_114' title='bbox 809 2294 997 2354; x_wconf 79' lang='lat' dir='ltr'><strong>Obiit</strong></span> <span class='ocrx_word' id='word_1_115' title='bbox 1035 2308 1214 2354; x_wconf 77' lang='lat' dir='ltr'><strong>anno</strong></span> <span class='ocrx_word' id='word_1_116' title='bbox 1254 2264 1419 2358; x_wconf 70' lang='lat' dir='ltr'><strong>toas</strong></span> <span class='ocrx_word' id='word_1_117' title='bbox 1430 2278 1536 2337; x_wconf 73' lang='lat'><strong>⁶—</strong></span> <span class='ocrx_word' id='word_1_118' title='bbox 1575 2290 1807 2353; x_wconf 70' lang='lat' dir='ltr'><strong>Patria,</strong></span> <span class='ocrx_word' id='word_1_119' title='bbox 1845 2293 2136 2353; x_wconf 76' lang='lat' dir='ltr'><strong>Siculus.</strong></span> 
     </span>
    </p>
   </div>
   <div class='ocr_carea' id='block_1_8' title="bbox 192 2470 2756 4517">
    <p class='ocr_par' dir='ltr' id='par_1_9' title="bbox 192 2470 2756 4517">
     <span class='ocr_line' id='line_1_18' title="bbox 283 2470 2750 2566; baseline -0.003 -18"><span class='ocrx_word' id='word_1_120' title='bbox 283 2478 326 2565; x_wconf 66' lang='grc' dir='ltr'>ξ</span> <span class='ocrx_word' id='word_1_121' title='bbox 371 2481 449 2549; x_wconf 78' lang='grc' dir='ltr'><strong>ί.</strong></span> <span class='ocrx_word' id='word_1_122' title='bbox 511 2474 629 2545; x_wconf 80' lang='lat' dir='ltr'><strong>Vir</strong></span> <span class='ocrx_word' id='word_1_123' title='bbox 672 2474 789 2545; x_wconf 89' lang='lat' dir='ltr'><strong>Dei</strong></span> <span class='ocrx_word' id='word_1_124' title='bbox 821 2475 1096 2546; x_wconf 88' lang='lat' dir='ltr'><strong>Simeon</strong></span> <span class='ocrx_word' id='word_1_125' title='bbox 1139 2484 1332 2566; x_wconf 91' lang='lat' dir='ltr'><strong>patre</strong></span> <span class='ocrx_word' id='word_1_126' title='bbox 1364 2478 1620 2545; x_wconf 88' lang='lat' dir='ltr'><strong>Graeco</strong></span> <span class='ocrx_word' id='word_1_127' title='bbox 1658 2474 1974 2556; x_wconf 79' lang='lat' dir='ltr'><strong>Antonio,</strong></span> <span class='ocrx_word' id='word_1_128' title='bbox 2022 2483 2241 2543; x_wconf 90' lang='lat' dir='ltr'><strong>matre</strong></span> <span class='ocrx_word' id='word_1_129' title='bbox 2276 2470 2630 2543; x_wconf 71' lang='lat' dir='ltr'><strong>Calabrica</strong></span> <span class='ocrx_word' id='word_1_130' title='bbox 2676 2471 2750 2541; x_wconf 92' lang='lat' dir='ltr'><strong>in</strong></span> 
     </span>
     <span class='ocr_line' id='line_1_19' title="bbox 201 2559 2756 2655; baseline -0.003 -18"><span class='ocrx_word' id='word_1_131' title='bbox 201 2563 443 2637; x_wconf 87' lang='lat' dir='ltr'><strong>Sicilia</strong></span> <span class='ocrx_word' id='word_1_132' title='bbox 489 2564 764 2635; x_wconf 90' lang='lat' dir='ltr'><strong>civitate</strong></span> <span class='ocrx_word' id='word_1_133' title='bbox 826 2568 1262 2654; x_wconf 86' lang='lat' dir='ltr'><strong>Syracusana</strong></span> <span class='ocrx_word' id='word_1_134' title='bbox 1307 2563 1752 2655; x_wconf 81' lang='lat' dir='ltr'><strong>progenituS,</strong></span> <span class='ocrx_word' id='word_1_135' title='bbox 1812 2575 1878 2634; x_wconf 90' lang='lat' dir='ltr'><strong>et</strong></span> <span class='ocrx_word' id='word_1_136' title='bbox 1935 2561 2394 2632; x_wconf 89' lang='lat' dir='ltr'><strong>nobilissimis</strong></span> <span class='ocrx_word' id='word_1_137' title='bbox 2449 2572 2515 2630; x_wconf 93' lang='lat' dir='ltr'><strong>et</strong></span> <span class='ocrx_word' id='word_1_138' title='bbox 2564 2559 2756 2630; x_wconf 89' lang='lat' dir='ltr'><strong>Chri-</strong></span> 
     </span>
     <span class='ocr_line' id='line_1_20' title="bbox 200 2649 2755 2758; baseline -0.003 -33"><span class='ocrx_word' id='word_1_139' title='bbox 200 2654 451 2726; x_wconf 89' lang='lat' dir='ltr'><strong>stianis</strong></span> <span class='ocrx_word' id='word_1_140' title='bbox 488 2653 918 2758; x_wconf 61' lang='lat' dir='ltr'><strong>parentibus»,</strong></span> <span class='ocrx_word' id='word_1_141' title='bbox 961 2652 1340 2723; x_wconf 86' lang='lat' dir='ltr'><strong>christiane</strong></span> <span class='ocrx_word' id='word_1_142' title='bbox 1384 2665 1487 2724; x_wconf 92' lang='lat' dir='ltr'><strong>est</strong></span> <span class='ocrx_word' id='word_1_143' title='bbox 1532 2651 1892 2722; x_wconf 79' lang='lat' dir='ltr'><strong>educatus,</strong></span> <span class='ocrx_word' id='word_1_144' title='bbox 1949 2655 2118 2720; x_wconf 88' lang='lat' dir='ltr'><strong>Cum</strong></span> <span class='ocrx_word' id='word_1_145' title='bbox 2179 2670 2334 2719; x_wconf 91' lang='lat' dir='ltr'><strong>vero</strong></span> <span class='ocrx_word' id='word_1_146' title='bbox 2382 2649 2604 2719; x_wconf 87' lang='lat' dir='ltr'><strong>bonae</strong></span> <span class='ocrx_word' id='word_1_147' title='bbox 2650 2649 2755 2718; x_wconf 91' lang='lat' dir='ltr'><strong>in·</strong></span> 
     </span>
     <span class='ocr_line' id='line_1_21' title="bbox 197 2736 2747 2833; baseline -0.002 -20"><span class='ocrx_word' id='word_1_148' title='bbox 197 2742 383 2814; x_wconf 91' lang='lat' dir='ltr'><strong>dolis</strong></span> <span class='ocrx_word' id='word_1_149' title='bbox 431 2753 608 2833; x_wconf 90' lang='lat' dir='ltr'><strong>puer</strong></span> <span class='ocrx_word' id='word_1_150' title='bbox 655 2762 726 2811; x_wconf 87' lang='lat' dir='ltr'><strong>se</strong></span> <span class='ocrx_word' id='word_1_151' title='bbox 778 2753 915 2811; x_wconf 92' lang='lat' dir='ltr'><strong>tem</strong></span> <span class='ocrx_word' id='word_1_152' title='bbox 956 2762 1301 2812; x_wconf 91' lang='lat' dir='ltr'><strong>annorum</strong></span> <span class='ocrx_word' id='word_1_153' title='bbox 1341 2753 1542 2823; x_wconf 90' lang='lat' dir='ltr'><strong>esset,</strong></span> <span class='ocrx_word' id='word_1_154' title='bbox 1594 2764 1637 2811; x_wconf 89' lang='lat' dir='ltr'><strong>a</strong></span> <span class='ocrx_word' id='word_1_155' title='bbox 1670 2752 1905 2831; x_wconf 86' lang='lat' dir='ltr'><strong>patre,</strong></span> <span class='ocrx_word' id='word_1_156' title='bbox 1946 2738 2069 2827; x_wconf 87' lang='lat' dir='ltr'><strong>qui</strong></span> <span class='ocrx_word' id='word_1_157' title='bbox 2110 2736 2536 2824; x_wconf 80' lang='lat' dir='ltr'><strong>militaturus</strong></span> <span class='ocrx_word' id='word_1_158' title='bbox 2578 2749 2747 2819; x_wconf 90' lang='lat' dir='ltr'><strong>erat,</strong></span> 
     </span>
     <span class='ocr_line' id='line_1_22' title="bbox 197 2826 2751 2921; baseline -0.002 -20"><span class='ocrx_word' id='word_1_159' title='bbox 197 2830 738 2921; x_wconf 87' lang='lat' dir='ltr'><strong>Constantinopo</strong></span> <span class='ocrx_word' id='word_1_160' title='bbox 769 2830 866 2900; x_wconf 90' lang='lat' dir='ltr'><strong>im</strong></span> <span class='ocrx_word' id='word_1_161' title='bbox 906 2829 1316 2911; x_wconf 90' lang='lat' dir='ltr'><strong>deducitur,</strong></span> <span class='ocrx_word' id='word_1_162' title='bbox 1364 2829 1601 2918; x_wconf 91' lang='lat' dir='ltr'><strong>ibique</strong></span> <span class='ocrx_word' id='word_1_163' title='bbox 1646 2826 2144 2900; x_wconf 89' lang='lat' dir='ltr'><strong>eruditissimis</strong></span> <span class='ocrx_word' id='word_1_164' title='bbox 2183 2826 2349 2896; x_wconf 90' lang='lat' dir='ltr'><strong>viris</strong></span> <span class='ocrx_word' id='word_1_165' title='bbox 2400 2826 2618 2898; x_wconf 92' lang='lat' dir='ltr'><strong>sacris</strong></span> <span class='ocrx_word' id='word_1_166' title='bbox 2665 2826 2751 2895; x_wconf 88' lang='lat' dir='ltr'><strong>li·-</strong></span> 
     </span>
     <span class='ocr_line' id='line_1_23' title="bbox 202 2914 2754 3008; baseline -0.002 -19"><span class='ocrx_word' id='word_1_167' title='bbox 202 2920 368 2991; x_wconf 85' lang='lat' dir='ltr'><strong>teris</strong></span> <span class='ocrx_word' id='word_1_168' title='bbox 404 2917 829 2990; x_wconf 89' lang='lat' dir='ltr'><strong>imbuendus</strong></span> <span class='ocrx_word' id='word_1_169' title='bbox 882 2918 1202 3000; x_wconf 68' lang='lat' dir='ltr'><strong>traditur,</strong></span> <span class='ocrx_word' id='word_1_170' title='bbox 1242 2930 1311 2989; x_wconf 92' lang='lat' dir='ltr'><strong>et</strong></span> <span class='ocrx_word' id='word_1_171' title='bbox 1355 2919 1427 2988; x_wconf 91' lang='lat' dir='ltr'><strong>in</strong></span> <span class='ocrx_word' id='word_1_172' title='bbox 1471 2918 1719 2988; x_wconf 87' lang='lat' dir='ltr'><strong>timore</strong></span> <span class='ocrx_word' id='word_1_173' title='bbox 1763 2915 2039 2987; x_wconf 91' lang='lat' dir='ltr'><strong>Domini</strong></span> <span class='ocrx_word' id='word_1_174' title='bbox 2089 2914 2455 3008; x_wconf 86' lang='lat' dir='ltr'><strong>diligenter</strong></span> <span class='ocrx_word' id='word_1_175' title='bbox 2493 2919 2754 2987; x_wconf 80' lang='lat' dir='ltr'><strong>enutri-</strong></span> 
     </span>
     <span class='ocr_line' id='line_1_24' title="bbox 199 3004 2753 3096; baseline -0.002 -17"><span class='ocrx_word' id='word_1_176' title='bbox 199 3020 336 3079; x_wconf 85' lang='lat' dir='ltr'><strong>tur.</strong></span> <span class='ocrx_word' id='word_1_177' title='bbox 390 3006 686 3078; x_wconf 81' lang='lat' dir='ltr'><strong>Adultus</strong></span> <span class='ocrx_word' id='word_1_178' title='bbox 733 3006 987 3095; x_wconf 90' lang='lat' dir='ltr'><strong>itaque,</strong></span> <span class='ocrx_word' id='word_1_179' title='bbox 1031 3007 1479 3078; x_wconf 86' lang='lat' dir='ltr'><strong>incrementis</strong></span> <span class='ocrx_word' id='word_1_180' title='bbox 1511 3007 1846 3076; x_wconf 90' lang='lat' dir='ltr'><strong>virtutum</strong></span> <span class='ocrx_word' id='word_1_181' title='bbox 1867 3004 2103 3075; x_wconf 73' lang='lat' dir='ltr'><strong>indies</strong></span> <span class='ocrx_word' id='word_1_182' title='bbox 2142 3005 2368 3095; x_wconf 92' lang='lat' dir='ltr'><strong>coepit</strong></span> <span class='ocrx_word' id='word_1_183' title='bbox 2414 3026 2667 3096; x_wconf 89' lang='lat' dir='ltr'><strong>augme</strong></span> <span class='ocrx_word' id='word_1_184' title='bbox 2720 3043 2753 3056; x_wconf 89' lang='lat'>-</span> 
     </span>
     <span class='ocr_line' id='line_1_25' title="bbox 198 3026 2750 3185; baseline -0.002 -18"><span class='ocrx_word' id='word_1_185' title='bbox 198 3098 363 3177; x_wconf 67' lang='lat' dir='ltr'><strong>tari,</strong></span> <span class='ocrx_word' id='word_1_186' title='bbox 416 3095 795 3184; x_wconf 88' lang='lat' dir='ltr'><strong>vidensque</strong></span> <span class='ocrx_word' id='word_1_187' title='bbox 872 3094 1164 3166; x_wconf 89' lang='lat' dir='ltr'><strong>uosdam</strong></span> <span class='ocrx_word' id='word_1_188' title='bbox 1198 3118 1280 3166; x_wconf 81' lang='lat' dir='ltr'><strong>ex</strong></span> <span class='ocrx_word' id='word_1_189' title='bbox 1312 3095 1568 3166; x_wconf 89' lang='lat' dir='ltr'><strong>nostris</strong></span> <span class='ocrx_word' id='word_1_190' title='bbox 1601 3094 1919 3185; x_wconf 90' lang='lat' dir='ltr'><strong>partibus</strong></span> <span class='ocrx_word' id='word_1_191' title='bbox 1952 3092 2296 3164; x_wconf 85' lang='lat' dir='ltr'><strong>desiderio</strong></span> <span class='ocrx_word' id='word_1_192' title='bbox 2330 3026 2750 3184; x_wconf 54' lang='lat' dir='ltr'><strong>infatigabili</strong></span> 
     </span>
     <span class='ocr_line' id='line_1_26' title="bbox 198 3117 2753 3285; baseline -0.001 -31"><span class='ocrx_word' id='word_1_193' title='bbox 198 3205 477 3255; x_wconf 86' lang='lat' dir='ltr'><strong>currere</strong></span> <span class='ocrx_word' id='word_1_194' title='bbox 523 3184 611 3254; x_wconf 89' lang='lat' dir='ltr'><strong>ad</strong></span> <span class='ocrx_word' id='word_1_195' title='bbox 661 3117 1064 3285; x_wconf 32' lang='lat' dir='ltr'><strong>sepulcrum</strong></span> <span class='ocrx_word' id='word_1_196' title='bbox 1112 3185 1411 3266; x_wconf 89' lang='lat' dir='ltr'><strong>Domini,</strong></span> <span class='ocrx_word' id='word_1_197' title='bbox 1446 3182 1888 3254; x_wconf 86' lang='lat' dir='ltr'><strong>desiderabat</strong></span> <span class='ocrx_word' id='word_1_198' title='bbox 1953 3194 2022 3253; x_wconf 87' lang='lat' dir='ltr'><strong>et</strong></span> <span class='ocrx_word' id='word_1_199' title='bbox 2078 3181 2226 3273; x_wconf 90' lang='lat' dir='ltr'><strong>ipse</strong></span> <span class='ocrx_word' id='word_1_200' title='bbox 2283 3203 2409 3273; x_wconf 93' lang='lat' dir='ltr'><strong>pro</strong></span> <span class='ocrx_word' id='word_1_201' title='bbox 2472 3182 2753 3251; x_wconf 91' lang='lat' dir='ltr'><strong>nomine</strong></span> 
     </span>
     <span class='ocr_line' id='line_1_27' title="bbox 199 3270 2746 3374; baseline -0.002 -30"><span class='ocrx_word' id='word_1_202' title='bbox 199 3274 454 3345; x_wconf 84' lang='lat' dir='ltr'><strong>Christi</strong></span> <span class='ocrx_word' id='word_1_203' title='bbox 485 3294 896 3374; x_wconf 76' lang='lat' dir='ltr'><strong>peregrinus</strong></span> <span class='ocrx_word' id='word_1_204' title='bbox 925 3272 1100 3344; x_wconf 88' lang='lat' dir='ltr'><strong>fieri.</strong></span> <span class='ocrx_word' id='word_1_205' title='bbox 1142 3273 1489 3364; x_wconf 87' lang='lat' dir='ltr'><strong>Despectis</strong></span> <span class='ocrx_word' id='word_1_206' title='bbox 1518 3294 1684 3365; x_wconf 90' lang='lat' dir='ltr'><strong>ergo</strong></span> <span class='ocrx_word' id='word_1_207' title='bbox 1713 3273 1986 3344; x_wconf 89' lang='lat' dir='ltr'><strong>cunctis</strong></span> <span class='ocrx_word' id='word_1_208' title='bbox 2019 3271 2267 3342; x_wconf 90' lang='lat' dir='ltr'><strong>mundi</strong></span> <span class='ocrx_word' id='word_1_209' title='bbox 2302 3270 2746 3352; x_wconf 79' lang='lat' dir='ltr'><strong>vanitatibuS,</strong></span> 
     </span>
     <span class='ocr_line' id='line_1_28' title="bbox 198 3361 2751 3461; baseline -0.002 -30"><span class='ocrx_word' id='word_1_210' title='bbox 198 3361 488 3453; x_wconf 86' lang='lat' dir='ltr'><strong>abjectis</strong></span> <span class='ocrx_word' id='word_1_211' title='bbox 519 3361 885 3433; x_wconf 74' lang='lat' dir='ltr'><strong>desideriis</strong></span> <span class='ocrx_word' id='word_1_212' title='bbox 915 3361 1340 3444; x_wconf 81' lang='lat' dir='ltr'><strong>carnalibuS,</strong></span> <span class='ocrx_word' id='word_1_213' title='bbox 1395 3362 1708 3444; x_wconf 90' lang='lat' dir='ltr'><strong>domum,</strong></span> <span class='ocrx_word' id='word_1_214' title='bbox 1764 3362 2088 3454; x_wconf 89' lang='lat' dir='ltr'><strong>patriam,</strong></span> <span class='ocrx_word' id='word_1_215' title='bbox 2141 3372 2600 3461; x_wconf 82' lang='lat' dir='ltr'><strong>parentesque</strong></span> <span class='ocrx_word' id='word_1_216' title='bbox 2647 3380 2751 3428; x_wconf 89' lang='lat' dir='ltr'><strong>re-</strong></span> 
     </span>
     <span class='ocr_line' id='line_1_29' title="bbox 200 3449 2751 3542; baseline -0.002 -22"><span class='ocrx_word' id='word_1_217' title='bbox 200 3449 550 3538; x_wconf 79' lang='lat' dir='ltr'><strong>linquenS,</strong></span> <span class='ocrx_word' id='word_1_218' title='bbox 582 3463 650 3520; x_wconf 89' lang='lat' dir='ltr'><strong>et</strong></span> <span class='ocrx_word' id='word_1_219' title='bbox 677 3471 945 3542; x_wconf 78' lang='lat' dir='ltr'><strong>pauper</strong></span> <span class='ocrx_word' id='word_1_220' title='bbox 975 3471 1351 3542; x_wconf 89' lang='lat' dir='ltr'><strong>pauperem</strong></span> <span class='ocrx_word' id='word_1_221' title='bbox 1383 3450 1731 3520; x_wconf 86' lang='lat' dir='ltr'><strong>Christum</strong></span> <span class='ocrx_word' id='word_1_222' title='bbox 1765 3451 1961 3539; x_wconf 90' lang='lat' dir='ltr'><strong>sequi</strong></span> <span class='ocrx_word' id='word_1_223' title='bbox 1993 3469 2309 3539; x_wconf 77' lang='lat' dir='ltr'><strong>cupiens,</strong></span> <span class='ocrx_word' id='word_1_224' title='bbox 2347 3460 2751 3518; x_wconf 91' lang='lat' dir='ltr'><strong>sanctorum</strong></span> 
     </span>
     <span class='ocr_line' id='line_1_30' title="bbox 196 3535 2745 3631; baseline -0.002 -23"><span class='ocrx_word' id='word_1_225' title='bbox 196 3541 420 3631; x_wconf 66' lang='lat' dir='ltr'><strong>gratia</strong></span> <span class='ocrx_word' id='word_1_226' title='bbox 480 3538 980 3610; x_wconf 88' lang='lat' dir='ltr'><strong>visitandorum</strong></span> <span class='ocrx_word' id='word_1_227' title='bbox 1029 3539 1340 3610; x_wconf 88' lang='lat' dir='ltr'><strong>locorum</strong></span> <span class='ocrx_word' id='word_1_228' title='bbox 1386 3538 1892 3630; x_wconf 70' lang='lat' dir='ltr'><strong>,lerosolymam</strong></span> <span class='ocrx_word' id='word_1_229' title='bbox 1941 3539 2169 3608; x_wconf 89' lang='lat' dir='ltr'><strong>venit:</strong></span> <span class='ocrx_word' id='word_1_230' title='bbox 2213 3535 2337 3607; x_wconf 90' lang='lat' dir='ltr'><strong>ubi</strong></span> <span class='ocrx_word' id='word_1_231' title='bbox 2398 3535 2745 3607; x_wconf 93' lang='lat' dir='ltr'><strong>desiderio</strong></span> 
     </span>
     <span class='ocr_line' id='line_1_31' title="bbox 197 3623 2751 3719; baseline -0.002 -21"><span class='ocrx_word' id='word_1_232' title='bbox 197 3649 341 3715; x_wconf 86' lang='lat' dir='ltr'><strong>quo</strong></span> <span class='ocrx_word' id='word_1_233' title='bbox 388 3639 688 3710; x_wconf 88' lang='lat' dir='ltr'><strong>venerat,</strong></span> <span class='ocrx_word' id='word_1_234' title='bbox 742 3626 891 3700; x_wconf 89' lang='lat' dir='ltr'><strong>loca</strong></span> <span class='ocrx_word' id='word_1_235' title='bbox 938 3623 1307 3719; x_wconf 88' lang='lat' dir='ltr'><strong>passionis,</strong></span> <span class='ocrx_word' id='word_1_236' title='bbox 1343 3628 1870 3700; x_wconf 88' lang='lat' dir='ltr'><strong>resurrectionis</strong></span> <span class='ocrx_word' id='word_1_237' title='bbox 1902 3638 2112 3716; x_wconf 87' lang='lat' dir='ltr'><strong>atque</strong></span> <span class='ocrx_word' id='word_1_238' title='bbox 2143 3625 2570 3700; x_wconf 85' lang='lat' dir='ltr'><strong>ascensionis</strong></span> <span class='ocrx_word' id='word_1_239' title='bbox 2598 3646 2751 3694; x_wconf 91' lang='lat' dir='ltr'><strong>sae-</strong></span> 
     </span>
     <span class='ocr_line' id='line_1_32' title="bbox 197 3712 2750 3872; baseline 0 -87"><span class='ocrx_word' id='word_1_240' title='bbox 197 3717 360 3807; x_wconf 89' lang='lat' dir='ltr'><strong>pius</strong></span> <span class='ocrx_word' id='word_1_241' title='bbox 406 3715 948 3804; x_wconf 82' lang='lat' dir='ltr'><strong>frequentandO,</strong></span> <span class='ocrx_word' id='word_1_242' title='bbox 992 3715 1405 3805; x_wconf 89' lang='lat' dir='ltr'><strong>aliquandiu</strong></span> <span class='ocrx_word' id='word_1_243' title='bbox 1465 3717 1747 3787; x_wconf 89' lang='lat' dir='ltr'><strong>mansit.</strong></span> <span class='ocrx_word' id='word_1_244' title='bbox 1809 3721 1966 3787; x_wconf 91' lang='lat' dir='ltr'><strong>Post</strong></span> <span class='ocrx_word' id='word_1_245' title='bbox 2021 3716 2190 3785; x_wconf 92' lang='lat' dir='ltr'><strong>haec</strong></span> <span class='ocrx_word' id='word_1_246' title='bbox 2245 3736 2407 3784; x_wconf 90' lang='lat' dir='ltr'><strong>cum</strong></span> <span class='ocrx_word' id='word_1_247' title='bbox 2448 3712 2750 3872; x_wconf 53' lang='lat' dir='ltr'><strong>quodam</strong></span> 
     </span>
     <span class='ocr_line' id='line_1_33' title="bbox 198 3802 2745 3905; baseline -0 -32"><span class='ocrx_word' id='word_1_248' title='bbox 198 3804 462 3876; x_wconf 86' lang='lat' dir='ltr'><strong>Hilario</strong></span> <span class='ocrx_word' id='word_1_249' title='bbox 508 3804 947 3876; x_wconf 89' lang='lat' dir='ltr'><strong>sanctissimo</strong></span> <span class='ocrx_word' id='word_1_250' title='bbox 993 3805 1333 3893; x_wconf 37' lang='lat' dir='ltr'><strong>viro‚,qui</strong></span> <span class='ocrx_word' id='word_1_251' title='bbox 1379 3805 1510 3876; x_wconf 87' lang='lat' dir='ltr'><strong>hac</strong></span> <span class='ocrx_word' id='word_1_252' title='bbox 1557 3804 1645 3875; x_wconf 91' lang='lat' dir='ltr'><strong>de</strong></span> <span class='ocrx_word' id='word_1_253' title='bbox 1689 3827 1903 3877; x_wconf 87' lang='lat' dir='ltr'><strong>causa</strong></span> <span class='ocrx_word' id='word_1_254' title='bbox 1963 3804 2034 3874; x_wconf 93' lang='lat' dir='ltr'><strong>in</strong></span> <span class='ocrx_word' id='word_1_255' title='bbox 2096 3802 2437 3905; x_wconf 73' lang='lat' dir='ltr'><strong>Lycaonio</strong></span> <span class='ocrx_word' id='word_1_256' title='bbox 2529 3802 2745 3873; x_wconf 90' lang='lat' dir='ltr'><strong>abita·</strong></span> 
     </span>
     <span class='ocr_line' id='line_1_34' title="bbox 196 3890 2749 3985; baseline -0.001 -22"><span class='ocrx_word' id='word_1_257' title='bbox 196 3893 338 3974; x_wconf 86' lang='lat' dir='ltr'><strong>bat,</strong></span> <span class='ocrx_word' id='word_1_258' title='bbox 405 3915 532 3984; x_wconf 91' lang='lat' dir='ltr'><strong>per</strong></span> <span class='ocrx_word' id='word_1_259' title='bbox 584 3906 846 3984; x_wconf 88' lang='lat' dir='ltr'><strong>septem</strong></span> <span class='ocrx_word' id='word_1_260' title='bbox 894 3916 1117 3965; x_wconf 89' lang='lat' dir='ltr'><strong>annos</strong></span> <span class='ocrx_word' id='word_1_261' title='bbox 1172 3894 1420 3966; x_wconf 86' lang='lat' dir='ltr'><strong>ductor</strong></span> <span class='ocrx_word' id='word_1_262' title='bbox 1465 3894 1992 3985; x_wconf 86' lang='lat' dir='ltr'><strong>peregrinorum</strong></span> <span class='ocrx_word' id='word_1_263' title='bbox 2033 3892 2211 3962; x_wconf 86' lang='lat' dir='ltr'><strong>.fu1t.</strong></span> <span class='ocrx_word' id='word_1_264' title='bbox 2262 3897 2417 3962; x_wconf 85' lang='lat' dir='ltr'><strong>Jam</strong></span> <span class='ocrx_word' id='word_1_265' title='bbox 2468 3913 2627 3961; x_wconf 88' lang='lat' dir='ltr'><strong>vero</strong></span> <span class='ocrx_word' id='word_1_266' title='bbox 2674 3890 2749 3960; x_wconf 92' lang='lat' dir='ltr'><strong>in</strong></span> 
     </span>
     <span class='ocr_line' id='line_1_35' title="bbox 196 3980 2751 4082; baseline -0 -31"><span class='ocrx_word' id='word_1_267' title='bbox 196 4003 434 4082; x_wconf 73' lang='lat' dir='ltr'><strong>amore</strong></span> <span class='ocrx_word' id='word_1_268' title='bbox 492 3980 743 4053; x_wconf 89' lang='lat' dir='ltr'><strong>Christi</strong></span> <span class='ocrx_word' id='word_1_269' title='bbox 792 3994 976 4055; x_wconf 89' lang='lat' dir='ltr'><strong>totus</strong></span> <span class='ocrx_word' id='word_1_270' title='bbox 1021 3982 1381 4064; x_wconf 61' lang='lat' dir='ltr'><strong>fundatus»,</strong></span> <span class='ocrx_word' id='word_1_271' title='bbox 1437 3983 1849 4073; x_wconf 87' lang='lat' dir='ltr'><strong>perquisivit</strong></span> <span class='ocrx_word' id='word_1_272' title='bbox 1899 3981 1961 4052; x_wconf 91' lang='lat' dir='ltr'><strong>si</strong></span> <span class='ocrx_word' id='word_1_273' title='bbox 2007 3980 2150 4052; x_wconf 91' lang='lat' dir='ltr'><strong>illis</strong></span> <span class='ocrx_word' id='word_1_274' title='bbox 2184 3981 2253 4050; x_wconf 92' lang='lat' dir='ltr'><strong>in</strong></span> <span class='ocrx_word' id='word_1_275' title='bbox 2291 3980 2463 4051; x_wconf 89' lang='lat' dir='ltr'><strong>locis</strong></span> <span class='ocrx_word' id='word_1_276' title='bbox 2494 3980 2751 4068; x_wconf 89' lang='lat' dir='ltr'><strong>aliquis</strong></span> 
     </span>
     <span class='ocr_line' id='line_1_36' title="bbox 198 4068 2751 4163; baseline 0 -24"><span class='ocrx_word' id='word_1_277' title='bbox 198 4070 651 4153; x_wconf 76' lang='lat' dir='ltr'><strong>inveniretur,</strong></span> <span class='ocrx_word' id='word_1_278' title='bbox 701 4072 823 4160; x_wconf 90' lang='lat' dir='ltr'><strong>qui</strong></span> <span class='ocrx_word' id='word_1_279' title='bbox 870 4093 997 4163; x_wconf 88' lang='lat' dir='ltr'><strong>pro</strong></span> <span class='ocrx_word' id='word_1_280' title='bbox 1045 4072 1328 4142; x_wconf 90' lang='lat' dir='ltr'><strong>nomine</strong></span> <span class='ocrx_word' id='word_1_281' title='bbox 1360 4071 1613 4144; x_wconf 89' lang='lat' dir='ltr'><strong>Christi</strong></span> <span class='ocrx_word' id='word_1_282' title='bbox 1652 4071 2007 4144; x_wconf 88' lang='lat' dir='ltr'><strong>solitarius</strong></span> <span class='ocrx_word' id='word_1_283' title='bbox 2053 4069 2351 4161; x_wconf 88' lang='lat' dir='ltr'><strong>degeret,</strong></span> <span class='ocrx_word' id='word_1_284' title='bbox 2396 4068 2601 4160; x_wconf 90' lang='lat' dir='ltr'><strong>cujus</strong></span> <span class='ocrx_word' id='word_1_285' title='bbox 2640 4069 2751 4139; x_wconf 91' lang='lat' dir='ltr'><strong>in-</strong></span> 
     </span>
     <span class='ocr_line' id='line_1_37' title="bbox 196 4157 2750 4252; baseline -0.002 -21"><span class='ocrx_word' id='word_1_286' title='bbox 196 4160 371 4231; x_wconf 75' lang='lat' dir='ltr'><strong>strui</strong></span> <span class='ocrx_word' id='word_1_287' title='bbox 422 4159 761 4242; x_wconf 88' lang='lat' dir='ltr'><strong>moribus,</strong></span> <span class='ocrx_word' id='word_1_288' title='bbox 812 4161 1018 4252; x_wconf 89' lang='lat' dir='ltr'><strong>cujus</strong></span> <span class='ocrx_word' id='word_1_289' title='bbox 1055 4160 1268 4232; x_wconf 87' lang='lat' dir='ltr'><strong>subdi</strong></span> <span class='ocrx_word' id='word_1_290' title='bbox 1312 4159 1871 4232; x_wconf 87' lang='lat' dir='ltr'><strong>institutionibus</strong></span> <span class='ocrx_word' id='word_1_291' title='bbox 1903 4170 2156 4251; x_wconf 89' lang='lat' dir='ltr'><strong>posset.</strong></span> <span class='ocrx_word' id='word_1_292' title='bbox 2214 4157 2488 4230; x_wconf 77' lang='lat' dir='ltr'><strong>Audivit</strong></span> <span class='ocrx_word' id='word_1_293' title='bbox 2515 4169 2750 4228; x_wconf 89' lang='lat' dir='ltr'><strong>autem</strong></span> 
     </span>
     <span class='ocr_line' id='line_1_38' title="bbox 192 4244 2748 4341; baseline -0 -24"><span class='ocrx_word' id='word_1_294' title='bbox 192 4247 569 4335; x_wconf 82' lang='lat' dir='ltr'><strong>quemdam</strong></span> <span class='ocrx_word' id='word_1_295' title='bbox 617 4248 700 4318; x_wconf 91' lang='lat' dir='ltr'><strong>ad</strong></span> <span class='ocrx_word' id='word_1_296' title='bbox 743 4248 969 4341; x_wconf 88' lang='lat' dir='ltr'><strong>ripam</strong></span> <span class='ocrx_word' id='word_1_297' title='bbox 1017 4249 1334 4320; x_wconf 88' lang='lat' dir='ltr'><strong>fluminis</strong></span> <span class='ocrx_word' id='word_1_298' title='bbox 1372 4247 1699 4320; x_wconf 81' lang='lat' dir='ltr'><strong>Iordanis</strong></span> <span class='ocrx_word' id='word_1_299' title='bbox 1733 4249 1804 4318; x_wconf 91' lang='lat' dir='ltr'><strong>in</strong></span> <span class='ocrx_word' id='word_1_300' title='bbox 1839 4245 2143 4337; x_wconf 90' lang='lat' dir='ltr'><strong>quadam</strong></span> <span class='ocrx_word' id='word_1_301' title='bbox 2182 4247 2357 4317; x_wconf 90' lang='lat' dir='ltr'><strong>turri</strong></span> <span class='ocrx_word' id='word_1_302' title='bbox 2386 4244 2748 4317; x_wconf 92' lang='lat' dir='ltr'><strong>inclusum</strong></span> 
     </span>
     <span class='ocr_line' id='line_1_39' title="bbox 195 4335 2746 4440; baseline -0.001 -33"><span class='ocrx_word' id='word_1_303' title='bbox 195 4336 637 4419; x_wconf 74' lang='lat' dir='ltr'><strong>commorari,</strong></span> <span class='ocrx_word' id='word_1_304' title='bbox 673 4336 1044 4409; x_wconf 87' lang='lat' dir='ltr'><strong>virtutibus</strong></span> <span class='ocrx_word' id='word_1_305' title='bbox 1092 4337 1555 4440; x_wconf 88' lang='lat' dir='ltr'><strong>praeclarum,</strong></span> <span class='ocrx_word' id='word_1_306' title='bbox 1606 4337 1967 4410; x_wconf 89' lang='lat' dir='ltr'><strong>sanctitate</strong></span> <span class='ocrx_word' id='word_1_307' title='bbox 2013 4336 2498 4427; x_wconf 78' lang='lat' dir='ltr'><strong>conspicuum.</strong></span> <span class='ocrx_word' id='word_1_308' title='bbox 2537 4335 2746 4434; x_wconf 81' lang='lat' dir='ltr'><strong>Illum</strong></span> 
     </span>
     <span class='ocr_line' id='line_1_40' title="bbox 193 4424 2744 4517; baseline -0.002 -20"><span class='ocrx_word' id='word_1_309' title='bbox 193 4443 356 4517; x_wconf 79' lang='lat' dir='ltr'><strong>ergo</strong></span> <span class='ocrx_word' id='word_1_310' title='bbox 389 4437 534 4496; x_wconf 84' lang='lat' dir='ltr'><strong>tota</strong></span> <span class='ocrx_word' id='word_1_311' title='bbox 578 4426 829 4497; x_wconf 86' lang='lat' dir='ltr'><strong>mentis</strong></span> <span class='ocrx_word' id='word_1_312' title='bbox 875 4427 1253 4499; x_wconf 76' lang='lat' dir='ltr'><strong>intentione</strong></span> <span class='ocrx_word' id='word_1_313' title='bbox 1286 4426 1553 4510; x_wconf 89' lang='lat' dir='ltr'><strong>sitiens,</strong></span> <span class='ocrx_word' id='word_1_314' title='bbox 1597 4426 1791 4500; x_wconf 81' lang='lat' dir='ltr'><strong>illius</strong></span> <span class='ocrx_word' id='word_1_315' title='bbox 1824 4424 2129 4513; x_wconf 89' lang='lat' dir='ltr'><strong>alloquio</strong></span> <span class='ocrx_word' id='word_1_316' title='bbox 2158 4436 2366 4512; x_wconf 89' lang='lat' dir='ltr'><strong>atque</strong></span> <span class='ocrx_word' id='word_1_317' title='bbox 2395 4436 2744 4494; x_wconf 77' lang='lat' dir='ltr'><strong>consortio</strong></span> 
     </span>
    </p>
   </div>
  </div>
 </body>
</html>
