3357 4995
196 333 384 403 le
434 338 473 400 2
728 353 1070 403 TRANSLAT.
1124 355 1217 403 SS.
1271 355 1384 403 nn.
1440 355 1620 403 parm
1667 357 1742 403 Er
1790 356 2165 405 macutum
2553 340 2624 405 9⁴

199 440 484 509 omnium
514 438 1002 538 ‚admiratione
1051 440 1419 529 perfectam
1458 440 1667 511 totius
1717 440 2027 530 corporis
2086 441 2197 513 sui
2249 441 2502 512 meruit
2549 443 2725 514 reci-

198 549 333 617 pere
378 539 775 602 sanitatem.

268 620 300 704 §
348 621 493 690 21.
550 621 833 686 Restant
867 615 1097 686 adhuc
1144 616 1284 688 duo
1324 617 1520 686 valde
1569 618 1925 706 praeclara
1962 618 2322 699 miracula,
2366 640 2544 707 quae
2584 641 2722 690 non

190 705 392 774 solum
444 704 741 795 tegenda
789 703 1062 775 silentio
1111 727 1249 776 non
1299 727 1567 785 censeo,
1608 707 1778 793 quin
1812 707 2043 797 potins
2083 706 2363 777 illorum
2414 709 2725 780 conscri-

228 793 401 863 tione
448 793 1185 864 convenientissimum
1234 806 1479 881 quarto
1518 792 1884 877 volumini,
1919 794 2104 883 quod
2143 795 2211 863 in
2246 795 2574 867 manibus
2605 797 2726 867 ha-

262 895 394 962 tur,
466 882 682 951 finem
748 903 857 951 me
917 881 1261 952 facturum
1330 904 1478 953 esse
1524 882 1824 953 confido.
1880 890 1956 954 Et
2005 883 2163 954 licet
2219 882 2460 952 eadem
2524 885 2727 976 signa

180 971 384 1041 beatis
444 970 869 1060 martyribus
926 971 1317 1041 Marcellino
1377 984 1442 1042 et
1490 977 1684 1042 Petro
1727 994 1889 1042 cum
1939 972 2099 1042 aliis
2148 973 2416 1042 Sanctis
2459 974 2727 1062 possint

177 1059 383 1128 videri
434 1060 862 1139 communia,
907 1081 984 1129 ex
1015 1081 1093 1128 eo
1136 1060 1321 1147 quod
1372 1082 1594 1130 unum
1645 1082 1726 1131 ex
1775 1061 1885 1133 his
1928 1061 2000 1131 in
2048 1060 2352 1130 adventu
2400 1061 2727 1149 reliquia-

172 1171 319 1218 rum
374 1160 779 1220 sanctorum
828 1147 1058 1217 Prothi
1105 1161 1171 1218 et
1209 1149 1603 1239 Hyacinthi,
1642 1162 1709 1220 et
1737 1150 1936 1240 juxta
1970 1150 2158 1238 ipsas
2197 1148 2558 1237 Reliquias
2606 1173 2725 1240 ge-

170 1251 348 1307 stum
403 1249 528 1317 est,
582 1236 1019 1324 alterumque
1051 1237 1119 1305 in
1158 1236 1267 1307 die
1307 1237 1618 1308 natalitio
1678 1242 1742 1308 S.
1791 1239 2132 1309 Hermetis
2161 1239 2294 1308 sub
2343 1238 2567 1327 ipsius
2617 1261 2725 1310 re-

170 1325 403 1413 liquiis
437 1324 813 1416 contigisse
843 1338 1108 1396 certum
1157 1339 1299 1396 est:
1353 1326 1508 1397 ideo
1557 1339 1785 1397 tamen
1838 1328 2013 1418 ipsis
2056 1327 2430 1417 praecipue
2458 1326 2724 1399 adscri-

170 1414 392 1484 benda
443 1413 787 1496 videntur,
841 1414 1168 1501 quoniam
1208 1416 1276 1483 in
1308 1437 1390 1485 ea
1436 1415 1727 1487 basilica
1764 1415 1940 1487 facta
1980 1428 2166 1497 sunt,
2203 1415 2271 1483 in
2315 1437 2455 1502 qua
2483 1437 2720 1486 eorum

169 1503 639 1573 sacratissima
686 1524 975 1592 corpora
1024 1524 1094 1572 re
1142 1504 1489 1574 uiescunt.
1546 1509 1907 1575 Gestorum
1957 1515 2187 1575 autem
2239 1502 2414 1573 fides
2461 1504 2544 1573 ad
2599 1526 2726 1576 nos

175 1592 494 1680 pertinet,
531 1591 654 1678 qui
690 1603 1082 1682 praesentes
1140 1592 1402 1673 uimuS,
1457 1606 1521 1663 et
1566 1593 1826 1681 quibus
1858 1616 1934 1663 ea
1976 1592 2212 1661 divina
2247 1593 2462 1682 pietas
2495 1593 2726 1662 videre

167 1681 531 1750 concessit.
583 1685 672 1750 Ac
722 1680 1008 1770 proinde
1051 1681 1309 1750 omissa
1359 1682 1804 1771 praefatione,
1859 1681 1945 1751 ad
2004 1683 2155 1771 ipsa
2203 1702 2381 1768 quae
2431 1681 2727 1752 dicenda

171 1782 326 1840 sunt
380 1768 726 1839 miracula
757 1769 1146 1839 veniamus
2439 1811 2444 1822 -

247 1861 286 1944 ξ
337 1863 509 1929 2².
563 1857 932 1947 Gregorius
980 1862 1329 1928 Romanae
1376 1859 1574 1929 urbis
1623 1859 2028 1949 EpiscopuS,
2095 1860 2214 1945 qui
2275 1859 2582 1950 Eugenio
2632 1859 2726 1930 si-

173 1946 463 2034 mulque
496 1946 854 2016 Valentino
914 1946 983 2014 in
1043 1946 1489 2017 Pontificatus
1520 1946 1781 2018 honore
1828 1948 2182 2027 successit,
2229 1969 2389 2016 cum
2442 1947 2725 2018 titulum

172 2039 231 2101 S.
280 2035 496 2104 Marci
546 2034 1039 2124 Evangelistae,
1101 2037 1171 2103 in
1222 2058 1359 2123 quo
1410 2038 1767 2126 presbyter
1813 2036 2075 2116 'fuerat,
2130 2034 2491 2125 ampliare,
2537 2049 2602 2105 et
2649 2037 2722 2105 in

172 2144 245 2192 eo
296 2124 801 2193 monasterium
852 2123 1050 2194 vellet
1096 2135 1430 2205 extruere,
1484 2125 1823 2212 quaesivit
1853 2146 1974 2215 per
2001 2124 2370 2195 coemetria
2401 2138 2466 2193 et
2511 2124 2727 2195 eccle-

170 2213 303 2282 sias
354 2212 641 2303 longius
703 2213 793 2282 ab
842 2211 1019 2281 Urbe
1065 2213 1516 2298 constitutas,
1570 2213 1798 2283 sicubi
1865 2213 2273 2283 Sanctorum
2338 2228 2721 2302 martyrum

169 2321 463 2391 corpora
497 2312 724 2390 posset
754 2301 1097 2370 invenire:
1138 2305 1559 2389 Inventaque
1595 2301 1794 2372 titulo
1839 2322 2045 2389 quem
2095 2323 2301 2392 opere
2351 2301 2725 2392 magnifico

170 2402 558 2459 extruxerat
597 2388 866 2459 curavit
913 2388 1188 2459 inferre.
1222 2395 1396 2461 Casu
1425 2390 1640 2480 igitur
1678 2390 1936 2460 factum
1984 2402 2110 2469 est,
2152 2402 2340 2460 uteo
2391 2402 2720 2479 tempore,

167 2500 299 2564 quo
339 2477 748 2568 sepulcrum
797 2478 1178 2548 beatissimi
1226 2479 1566 2550 Hermetis
1613 2491 1758 2550 erat
1790 2490 2183 2570 aperturuS,
2222 2490 2288 2549 et
2322 2502 2600 2550 sacrum
2640 2477 2726 2547 il-

174 2566 303 2636 lius
350 2590 612 2659 corpus
662 2566 823 2638 inde
869 2567 1091 2637 suerat
1138 2567 1565 2649 sublaturuS,
1617 2591 1806 2640 unus
1852 2589 1933 2637 ex
1983 2569 2259 2648 nostriS,
2314 2569 2435 2655 qui
2485 2568 2727 2637 eodem

172 2677 348 2725 anno
384 2655 837 2746 supplicandi
885 2658 1130 2747 gratia,
1168 2670 1245 2726 ut
1277 2657 1491 2727 moris
1524 2668 1625 2727 est
1675 2656 2211 2747 poenitentibus,
2270 2661 2560 2726 Romam
2612 2676 2726 2723 ve-

174 2759 385 2825 nerat,
425 2756 877 2835 congregatae
907 2745 995 2815 ad
1030 2744 1389 2815 basilicam
1424 2747 1750 2835 martyris
1790 2744 2224 2815 multitudini
2250 2766 2410 2814 cum
2439 2744 2727 2814 caeteris

176 2834 557 2925 peregrinis
584 2835 961 2904 interesset.
1004 2840 1068 2903 Is
1095 2835 1367 2923 negotio
1398 2834 1584 2921 quod
1618 2834 1952 2925 agebatur
1988 2832 2355 2924 diligenter
2387 2834 2721 2923 inspecto,

176 2943 356 3019 spem
394 2921 1005 3013 adipiscendarum
1044 2923 1400 2993 memorati
1440 2923 1766 3012 martyris
1806 2922 2286 3010 reliquiarum,
2333 2921 2490 2993 licet
2519 2921 2727 2992 corde

176 3011 498 3102 simplici,
553 3032 693 3080 non
745 3024 972 3080 tamen
1024 3012 1173 3081 sine
1234 3033 1446 3083 causa
1484 3011 1835 3101 concepit:
1890 3024 1956 3082 et
2004 3011 2440 3087 Deusdonam
2484 3011 2726 3081 Diaco-

176 3119 362 3173 num.
420 3100 624 3190 cujus
674 3100 744 3168 in
796 3100 1020 3190 primo
1058 3099 1233 3170 libro
1282 3101 1593 3170 crebram
1637 3099 1931 3170 fecimus
1978 3100 2428 3183 mentionem,
2483 3101 2766 3171 adiens·

176 3187 416 3258 obnixe
455 3188 745 3279 rogavit,
790 3202 868 3257 ut
912 3209 992 3257 ex
1026 3188 1136 3257 his
1168 3190 1893 3277 quantulumcumque
1926 3211 1966 3258 a
1999 3189 2405 3259 custodibus
2445 3189 2579 3258 loci
2618 3210 2730 3258 ac·
2789 3210 2805 3227 ·

178 3276 450 3434 ciperet,
504 3278 817 3365 mihique
850 3275 1302 3347 deferendum
1355 3278 1489 3350 sibi
1539 3290 1939 3367 praestaret.
1979 3277 2107 3361 Qui
2159 3277 2518 3348 confestim
2573 3297 2728 3367 pre-

178 3363 232 3432 oi
285 3388 368 3435 us
409 3366 560 3435 e'us
593 3387 939 3446 annuens,
979 3366 1045 3434 id
1080 3388 1152 3435 se
1183 3366 1334 3435 sine
1383 3388 1576 3460 mora
1609 3367 1954 3437 facturum
2001 3365 2387 3457 pollicetur.
2424 3371 2728 3452 Datoque

179 3453 441 3524 custodi
492 3476 576 3524 us
648 3455 907 3545 pretio,
963 3476 1102 3525 non
1152 3454 1382 3525 solum
1449 3461 1515 3525 S.
1572 3456 1951 3536 Hermetis,
2006 3455 2124 3525 sed
2183 3455 2389 3525 etiam
2450 3465 2726 3527 sancto-

182 3561 323 3611 rum
375 3544 554 3613 Proti
605 3556 810 3631 atque
843 3542 1293 3633 Hyacinthi*,
1343 3565 1643 3631 quorum
1696 3545 1767 3613 in
1822 3542 2063 3614 eadem
2098 3544 2387 3614 basilica
2436 3563 2729 3632 corpora

181 3642 365 3700 erant
412 3632 660 3722 posita,
704 3631 1034 3719 reliquias
1066 3633 1355 3723 accepit.
1404 3638 1481 3703 Et
1520 3631 1678 3703 illas
1708 3632 1990 3721 quidem
2043 3655 2163 3723 per
2209 3630 2583 3720 quemdam
2627 3630 2729 3699 sa-

184 3719 513 3790 miliarem
564 3742 800 3802 suum,
854 3721 970 3791 cui
1005 3720 1378 3792 Sabbatino
1426 3742 1810 3813 cognomen
1859 3733 2027 3802 erat,
2084 3721 2436 3809 simulque
2484 3733 2552 3790 et
2603 3742 2726 3790 no-

184 3818 416 3890 strum,
454 3811 577 3896 qui
624 3810 690 3880 ei
730 3822 813 3880 -ut
860 3810 991 3880 hoc
1021 3810 1274 3880 faceret
1299 3810 1669 3902 persuasit,
1728 3810 1996 3881 mittere
2044 3811 2333 3881 curavit.
2370 3807 2565 3899 Quod
2600 3830 2729 3879 au-

186 3905 302 3963 tem
334 3900 421 3967 de
446 3904 735 3988 corpore
761 3898 943 3969 beati
975 3899 1314 3969 Hermetis
1351 3900 1572 3990 potuit
1597 3898 1920 3990 adipisci,
1965 3898 2113 3989 ipse
2142 3897 2227 3968 ad
2262 3918 2386 3968 nos
2415 3895 2721 3978 veniens,

188 4003 296 4068 pro
342 3987 610 4077 ingenti
659 4008 949 4058 munere
996 3987 1268 4057 detulit.

262 4073 297 4159 ξ
347 4079 504 4147 28.
551 4080 717 4146 Cum
769 4088 998 4146 autem
1048 4077 1132 4146 de
1164 4076 1467 4146 adventu
1518 4075 1970 4163 reliquiarum
2025 4087 2416 4146 sanctorum
2453 4075 2634 4145 Proti
2664 4085 2729 4144 et

192 4156 544 4248 Hyacinthi
580 4164 779 4235 nobis
804 4177 981 4234 esset
1007 4165 1419 4244 indicatum,
1453 4164 1726 4237 obviam
1756 4164 1897 4234 illis
1925 4164 2413 4254 processimus,
2445 4184 2721 4250 casque,

194 4261 255 4316 ut
286 4272 412 4339 par
454 4266 619 4335 erat,
674 4252 1052 4323 honorifice
1087 4253 1571 4344 suscipientes.
1620 4266 1825 4341 atque
1872 4252 2199 4323 basilicae
2231 4274 2391 4324 cum
2444 4251 2726 4343 hymnis

233 4407 255 4434 ·
282 4407 442 4449 sancti
470 4410 700 4460 uam-res
728 4411 786 4451 de
816 4420 1017 4461 quorum
1048 4413 1324 4452 exuviarum
1354 4411 1600 4461 adeptione
1629 4413 1675 4451 et
1706 4410 1855 4462 signis
1874 4410 1960 4463 ‚hic
1996 4409 2166 4462 agitur.
2197 4411 2440 4451 coluntur:
2470 4411 2652 4451 Pam-rs
2680 4411 2729 4452 et

188 4455 488 4504 numm-uus
517 4474 566 4505 xi
598 4467 717 4513 sept.
746 4465 944 4505 Hamas
972 4474 1123 4506 xxviii
1154 4476 1257 4515 nug.
