3357 4995
207 349 422 414 JUNII
477 350 557 412 to
948 365 1024 411 ni:
1072 366 1127 410 s.
1183 362 1469 412 minimo
1518 364 1657 410 Aen.
1705 365 1780 410 m·
1827 364 2016 411 mar.
2533 348 2653 413 24⁴

207 451 615 520 memoriam
669 449 897 519 Sancti
946 470 1105 518 cum
1158 448 1417 518 litaniis
1450 447 1826 517 descendit.
1874 448 2176 535 Denique
2226 461 2585 538 promptus
2606 450 2750 537 jam

205 539 503 609 dubium
557 560 809 628 ponere
857 538 1196 614 animum,
1233 559 1356 627 pro
1388 537 1711 626 angustia
1744 537 2069 626 temporis
2110 536 2291 605 idem
2323 539 2754 626 Meginlierus

206 628 294 696 ad
347 629 757 717 martyrium
811 626 1066 717 populo
1118 627 1357 697 Missas
1404 625 1586 695 facit.
1643 631 1933 695 Ventum
1975 637 2075 694 est
2122 625 2205 693 ad
2260 627 2595 695 sermonis
2645 627 2753 697 sui

209 717 550 797 ordinem,
612 716 1088 785 convenientia
1186 737 1260 785 ro
1296 714 1733 784 tribulatione
1781 714 1964 782 dicta
2012 725 2195 783 sunt.
2244 718 2546 801 Cumque
2611 738 2754 784 ser-

209 806 441 874 monis
490 806 738 874 virtute
783 826 901 874 cor
949 804 1189 894 popui
1238 804 1548 893 erigeret,
1595 804 1763 872 haec
1799 803 1891 871 ita
1939 802 2353 890 subintulit:
2408 808 2595 882 Ecce,
2651 805 2759 872 in-

207 895 381 980 quit,
445 894 635 964 misit
674 894 1006 962 Dominus
1055 893 1339 963 verbum
1398 894 1467 960 in
1511 905 1711 972 tenu,
1758 889 1939 979 quod
1996 913 2130 959 non
2169 891 2484 961 viderunt
2581 905 2759 964 atres

107 1027 116 1036 ·
208 982 452 1052 nostri.
509 987 677 1050 Ecce
700 983 883 1050 enim
939 980 1273 1080 populosa
1305 982 1544 1050 civitas
1581 982 1826 1050 iterum
1863 992 2067 1067 atque
2101 981 2345 1049 iterum
2379 981 2465 1049 ad
2563 1005 2757 1071 epre-

210 1071 509 1141 candam
558 1071 806 1140 faciem
858 1071 1129 1139 Domini
1180 1070 1386 1139 mittit
1434 1091 1631 1141 senes
1680 1081 1745 1137 et
1788 1069 2103 1158 juvenes,
2158 1070 2365 1138 mittit
2404 1092 2652 1160 pueros
2694 1084 2759 1140 et

214 1160 544 1247 virgineS,
599 1171 972 1247 coetusque
1022 1159 1392 1228 infantium
1423 1170 1488 1227 et
1524 1158 1920 1228 lactentium
1973 1157 2248 1237 nitidos,
2303 1180 2576 1228 omnem
2626 1158 2760 1228 cle-

209 1272 366 1319 rum
419 1262 485 1317 et
534 1251 934 1319 universum
985 1246 1349 1337 populum,
1402 1260 1467 1316 et
1516 1269 1648 1317 non
1701 1246 1953 1332 estqui
2002 1246 2427 1316 exaudiatur.
2476 1253 2551 1318 Et
2582 1270 2759 1334 quae

209 1352 311 1407 est
358 1340 493 1407 sub
561 1349 790 1406 nostro
839 1335 980 1405 sole
1029 1337 1290 1412 civitas,
1348 1336 1474 1405 hac
1549 1348 1783 1405 nostra
1846 1335 2002 1404 locu
2058 1335 2252 1403 letior
2306 1341 2760 1406 Sanctorum?

215 1428 339 1495 Ubi
389 1426 867 1516 Apostolorum
906 1425 1284 1515 patrocinia
1326 1427 1424 1494 sic
1461 1423 1898 1514 praesentia?
1950 1429 1998 1492 U
2053 1425 2074 1491 i
2127 1437 2220 1492 tot
2251 1425 2318 1492 in
2368 1427 2529 1494 unis
2568 1427 2761 1496 cubi-

210 1515 395 1585 libus
430 1526 813 1603 martyrum
867 1513 1109 1594 millia,
1163 1528 1228 1582 et
1287 1527 1383 1584 tot
1420 1534 1630 1583 aurea
1677 1512 2025 1601 virginum
2092 1514 2432 1602 agmina?
2483 1515 2609 1583 Ubi
2660 1516 2757 1584 sic

214 1617 608 1693 praesentes
657 1602 1081 1673 confessores
1128 1616 1193 1671 et
1220 1603 1551 1694 episcopi,
1609 1603 1729 1687 qui
1762 1613 2152 1691 genuerunt
2184 1601 2369 1671 hunc
2424 1602 2759 1692 populum

215 1693 545 1761 Domini?
577 1691 769 1781 Apud
820 1712 995 1779 quos
1045 1692 1408 1781 rugiebant
1467 1691 1862 1769 daemoneS,
1932 1710 2233 1777 quorum
2301 1694 2758 1780 praesentiam

215 1794 485 1870 portare
527 1803 661 1849 non
754 1792 1039 1861 oterant,
1095 1802 1221 1849 nos
1270 1803 1393 1871 pro
1441 1780 1674 1849 anima
1713 1792 1776 1848 et
1838 1780 2057 1867 patria
2106 1780 2576 1868 supplicantes
2639 1804 2760 1850 au-

216 1870 360 1939 dire
410 1870 711 1939 dissimu
742 1881 882 1939 aut.
928 1870 1079 1939 Sitit
1126 1869 1302 1939 dura
1350 1868 1576 1948 telluS,
1626 1869 1908 1957 languet
1937 1868 2165 1936 omnis
2215 1870 2421 1957 regio,
2461 1884 2525 1939 et
2562 1870 2761 1958 juxta

214 1960 587 2028 Jeremiam
658 1980 792 2028 non
849 1958 1246 2028 recordatur
1304 1958 1636 2027 Dominus
1682 1954 1962 2027 scabelli
2036 1956 2289 2047 pedum
2354 1981 2636 2028 suorum
2686 1959 2757 2027 in

217 2048 314 2116 ira
356 2047 610 2116 furoris
666 2048 799 2117 sui.
830 2038 905 2115 Ὀ
957 2046 1211 2136 inclyta
1264 2047 1535 2116 Domini
1582 2056 1803 2114 castra
1836 2101 1850 2125 ,
1905 2058 2164 2113 armate
2214 2047 2481 2115 animos
2532 2069 2759 2136 perse-

216 2137 549 2216 verantia,
601 2148 665 2204 et
725 2137 1131 2225 experimini
1179 2137 1317 2204 vim
1367 2135 1587 2204 facere
1634 2133 1870 2204 clauso
1918 2134 2128 2203 coelo.
2187 2135 2459 2223 Erigere
2507 2136 2576 2203 in
2627 2136 2760 2205 side

217 2224 418 2293 miles
469 2225 607 2303 Dei,
654 2237 719 2293 et
750 2225 1008 2295 nubem
1061 2247 1146 2292 ne
1210 2237 1505 2295 transeat
1551 2224 1766 2292 oratio
1821 2224 2241 2322 oppositam,
2299 2225 2398 2293 vel
2453 2226 2759 2293 Maurino

219 2314 454 2382 scinde
505 2327 814 2403 patrono.
871 2315 938 2382 Si
990 2315 1177 2383 hunc
1226 2313 1557 2383 Dominus
1597 2309 1935 2381 fatiscenti
1986 2311 2304 2381 revelavit
2364 2313 2759 2382 subsidium

221 2402 476 2482 seculo,
532 2401 737 2471 donet
785 2402 987 2471 hodie
1037 2403 1215 2471 hanc
1265 2402 1464 2471 nobis
1509 2401 1791 2488 quidem
1846 2400 2425 2480 misericordiam,
2478 2404 2759 2490 martyri

220 2505 447 2561 autem
502 2514 628 2561 suo
669 2491 984 2581 gloriam,
1021 2506 1099 2561 ut
1147 2493 1326 2563 sicut
1358 2489 1561 2560 hodie
1611 2512 1733 2580 pro
1782 2512 1853 2560 sc
1892 2489 2004 2558 hic
2045 2502 2304 2578 martyr
2352 2490 2758 2583 sanguinem

222 2601 429 2650 suum
485 2580 682 2660 fudit,
716 2582 808 2649 ita
906 2603 979 2650 ro
1011 2603 1089 2649 eo
1127 2581 1322 2650 terris
1355 2579 1897 2649 benedictionem
1938 2577 2210 2667 pluviae
2250 2579 2580 2648 Dominus
2609 2580 2760 2648 fun·

221 2670 356 2737 dat.
415 2669 612 2750 Dixit,
666 2683 730 2738 et
779 2691 853 2739 sa
884 2683 1148 2740 utarem
1192 2670 1483 2737 hostiam
1536 2666 1969 2735 immolatum
2006 2665 2335 2735 ascendit.
2392 2673 2467 2735 Et
2510 2690 2666 2737 ecce
2691 2670 2762 2738 in

223 2758 662 2828 serenissimo
711 2761 864 2826 aere
913 2758 1095 2827 Elias
1135 2769 1364 2827 noster
1403 2756 1646 2825 nubila
1694 2755 2050 2829 contraxit.
2079 2757 2337 2826 tonitru
2384 2779 2587 2826 omne
2614 2780 2764 2827 coe-

223 2846 365 2914 lum
420 2847 689 2936 mugiit,
747 2848 984 2934 sicque
1042 2846 1506 2937 largissimam
1560 2843 1862 2934 pluviam
1914 2843 2124 2923 dedit,
2182 2858 2279 2923 ut,
2338 2867 2459 2935 per
2507 2845 2765 2933 aliquot

223 2935 551 3005 horarum
609 2937 937 3025 spatium,
999 2937 1119 3022 qui
1168 2948 1627 3004 convenerant
1674 2945 1861 3002 extra
1910 2933 2140 3002 locum
2188 2935 2368 3002 exire
2421 2956 2553 3003 non
2610 2958 2765 3024 pos-

224 3037 395 3093 sent.
436 3024 681 3110 Sicque
716 3025 926 3093 unius
975 3024 1403 3094 dubitatione
1437 3022 1625 3092 salus
1656 3021 1831 3090 facta
1870 3034 1969 3089 cst
2012 3024 2290 3121 patriae.
2334 3025 2495 3091 Mira
2542 3025 2765 3094 dictu-

233 3134 349 3181 rus
397 3135 591 3182 sum:
631 3114 861 3182 Multis
910 3125 1141 3202 postea
1191 3112 1393 3182 annis
1435 3112 1611 3197 jussi
1648 3123 1812 3179 sunt
1858 3111 2028 3197 coeli
2061 3110 2278 3200 legem
2332 3114 2495 3201 pati,
2531 3127 2596 3181 et
2642 3136 2764 3181 an-

229 3222 446 3270 nuum
514 3223 796 3272 cursum
848 3202 1212 3271 observare
1261 3201 1472 3290 hujus
1519 3200 1680 3279 diei,
1737 3213 1812 3268 ut
1844 3222 2076 3267 annua
2126 3199 2362 3288 pluvia
2421 3202 2548 3269 hoc
2598 3203 2767 3271 tanti

223 3288 641 3360 beneficium
692 3291 872 3380 signi
933 3291 1017 3359 ad
1072 3291 1473 3359 memoriam
1555 3299 1970 3356 revocarent.
2030 3288 2218 3356 Unde
2265 3304 2329 3358 et
2396 3303 2765 3377 martyrem

229 3377 474 3468 vulgus
511 3380 875 3447 nominant
909 3384 1233 3448 Sanctum
1278 3376 1676 3469 pluvialem,
1731 3399 1853 3446 nos
1903 3388 2129 3445 autem
2181 3392 2453 3446 aeterna
2498 3380 2764 3448 miseri-

227 3466 455 3536 cordia
508 3467 807 3537 dicimus
857 3467 1232 3537 liberalem.

311 3559 347 3642 ξ
396 3561 542 3628 12.
599 3557 773 3637 Quia
821 3558 1039 3645 coepi,
1096 3557 1339 3642 loquar
1387 3579 1425 3624 o
1480 3578 1593 3624 era
1647 3555 1938 3623 Domini.
1993 3560 2209 3623 Puero
2257 3557 2535 3625 cuidam
2589 3579 2769 3626 mor-

229 3644 355 3716 bus
387 3701 402 3724 ,
458 3662 662 3731 quem
715 3645 956 3715 dicunt
1005 3648 1360 3724 varicum,
1462 3666 1627 3713 ensa
1703 3643 1926 3712 visum
1974 3643 2269 3732 caligine
2320 3646 2653 3725 obnubit,
2706 3661 2770 3717 et

227 3734 581 3803 oculorum
637 3754 887 3804 manus
934 3735 1238 3805 extinxit.
1297 3732 1609 3802 Fluxerat
1646 3732 1880 3801 decem
1917 3754 2258 3801 annorum
2314 3734 2555 3813 orbita,
2608 3758 2767 3804 cum

228 3823 527 3908 quadam
581 3822 690 3891 die
743 3823 901 3892 data
952 3845 1163 3892 manu
1213 3822 1507 3913 puellae,
1561 3843 1739 3907 quae
1775 3822 1838 3888 ei
1888 3821 2028 3889 dux
2075 3834 2218 3891 erat
2253 3835 2316 3890 et
2363 3823 2629 3904 oculuS‚
2684 3824 2770 3893 ad

227 3911 631 3979 memoriam
682 3913 904 3982 sancti
953 3913 1247 3982 Maurini
1283 3910 1610 4001 pervenit.
1658 3910 2075 3997 Aliquandiu
2121 3925 2390 3981 oratum
2422 3925 2544 3980 est.
2599 3919 2771 3982 Tum

229 4000 482 4088 puella,
536 4021 714 4088 quae
751 4001 996 4077 orbati,
1040 4013 1117 4070 ut
1164 4002 1426 4069 dictum
1455 4012 1577 4079 est,
1625 4020 1903 4088 gressus
1954 4002 2249 4089 regebat,
2308 4001 2503 4069 humi
2537 4000 2772 4071 fusum

230 4089 469 4178 tetigit,
536 4101 775 4179 surgat
820 4102 884 4157 et
941 4091 1139 4159 abeat
1203 4089 1557 4180 praecipit.
1626 4093 1748 4167 Tu,
1804 4087 2048 4173 inquit,
2104 4089 2241 4169 illc,
2311 4090 2537 4171 abeas,
2594 4092 2775 4159 viam

229 4197 437 4262 quam
490 4176 788 4247 volueris
835 4200 1119 4269 carpas:
1189 4179 1365 4247 mihi
1412 4176 1864 4267 opitulatione
1931 4177 2142 4265 hujus
2200 4180 2495 4267 piissimi
2564 4179 2775 4269 patris

233 4264 413 4333 oculi
439 4265 993 4355 ‘familiarissimi
1035 4269 1178 4337 viae
1225 4266 1457 4337 collati
1513 4278 1675 4335 sunt
1723 4265 1956 4335 duces.
2012 4271 2315 4357 Surgens
2367 4281 2630 4350 autem,
2696 4290 2777 4337 ex

236 4353 565 4425 scissione
612 4354 934 4445 caliginis
968 4378 1180 4446 genas
1214 4359 1408 4447 gutta
1458 4354 1825 4445 sanguinis
1858 4357 2180 4444 apparuit
2227 4369 2646 4437 cruentatus.
2685 4359 2780 4425 vi—

236 4442 426 4526 denS,
495 4455 560 4511 et
607 4444 756 4513 viae
805 4443 1051 4514 ducem
1104 4445 1398 4516 ulterius
1441 4466 1578 4514 non
1641 4444 2021 4530 requirens.
2087 4445 2401 4515 Coloniae
2470 4457 2670 4515 natus
2716 4456 2784 4515 et

394 4555 638 4616 surius
670 4585 692 4598 -
724 4552 887 4616 Vitae
928 4551 1035 4616 SS.
1071 4586 1090 4597 ·
1117 4555 1242 4615 Vol.
1276 4557 1372 4618 vl.
2550 4559 2621 4613 15}
