3357 4995
617 294 744 360 570
1231 310 1310 358 na
1355 310 1412 360 s.
1464 309 1710 360 uaxnio
1757 308 2016 361 ranam.
2067 309 2271 360 susc·
2714 288 2934 362 JUNII
2981 294 3077 360 25

527 396 756 487 (Joan.
818 397 950 481 xv).
1004 398 1152 478 Qua
1197 396 1535 465 sententia
1581 407 2091 487 praemonente,
2144 394 2232 466 ab
2293 395 2445 487 ipso
2490 394 2690 468 nobis
2722 395 3079 488 speranda

534 496 696 557 sunt
724 482 980 555 omnia.
1012 487 1271 555 Cuncta
1298 483 1501 554 etiam
1542 505 1722 572 quae
1753 506 2074 577 prospere
2107 484 2408 566 veniant,
2448 483 2640 555 illius
2679 485 3079 575 reputanda

530 572 959 654 muneribuS,
1014 571 1163 642 sine
1208 593 1371 660 qun,
1412 583 1490 642 ut
1518 571 1667 664 ipse
1714 572 1904 654 dicit,
1952 572 2226 645 nullum
2274 573 2552 666 penitus
2600 585 2913 644 votorum
2946 595 3077 643 no-

531 674 833 732 strorum
883 681 1256 752 possumus
1316 660 1571 731 habere
1617 684 2041 734 successum.
2082 686 2120 730 »
2169 661 2466 733 Perrexit
2515 682 2717 753 porro
2772 661 3071 732 docere:

529 755 662 822 Nos
711 770 847 819 non
896 771 977 820 ex
1009 748 1360 839 operibus,
1398 748 1574 820 sedi
1627 772 1702 820 sa
1751 750 1972 842 gratia
2017 772 2164 821 esse
2194 751 2584 843 redemptos
2627 750 2869 840 (Serm.
2921 750 3070 841 cii),

531 860 611 910 ac
649 860 889 911 omnes
938 850 1133 908 actus
1182 849 1476 920 nostros,
1531 842 1575 908 C
1631 839 1798 910 risto
1843 839 2054 911 veluti
2099 839 2283 910 socio
2329 838 2432 909 vel
2467 851 2658 921 teste,
2693 839 3074 930 complere;

535 928 667 998 hac
698 926 961 1000 scilicet
1005 926 1269 996 ratione
1314 936 1391 996 ut
1435 928 1616 997 bona
1663 928 1816 1018 ipso
1847 941 2124 1019 auctore
2152 928 2533 1010 faciamus;
2580 927 2760 998 mala
2792 940 3080 1020 propter

531 1016 756 1108 ipsius
805 1014 1338 1087 contubernium
1390 1014 1845 1087 declinemus.

619 1107 656 1193 ξ
706 1110 861 1178 25.
917 1103 1117 1174 Attila
1166 1108 1579 1175 Hunnorum
1611 1109 1775 1187 Rex,
1812 1127 1994 1176 anno
2041 1126 2275 1176 ccccm
2323 1105 2769 1176 descenderat
2816 1106 2885 1174 in
2935 1110 3077 1176 Ita-

530 1193 724 1274 liam,
782 1207 847 1264 et
910 1193 1221 1274 subacta,
1275 1191 1564 1283 direpta,
1625 1193 1855 1264 diruta
1903 1195 2231 1285 Aquileja‚
2284 1194 2613 1283 omnique
2650 1194 2914 1264 circum
2965 1217 3077 1264 re-

527 1282 730 1373 gione
791 1293 1081 1362 vastata,
1133 1279 1396 1350 incolas
1444 1282 1693 1371 partim
1746 1282 2195 1363 interfecerat,
2254 1283 2507 1375 partim
2568 1282 2922 1374 redegerat
2994 1284 3072 1351 in

533 1372 950 1442 servitutem.
1021 1374 1113 1438 Ea
1161 1390 1232 1438 re
1279 1368 1576 1460 cognita,
1630 1370 1763 1441 sibi
1810 1393 2083 1460 quoque
2137 1384 2440 1443 metuere
2488 1371 2889 1442 Taurinates
2918 1393 3078 1441 coe-

535 1473 808 1551 perunt.
864 1458 1200 1528 Maximus
1230 1458 1352 1545 qui
1390 1471 1726 1546 quantum
1755 1460 2184 1550 impenderet
2214 1460 2505 1553 periculi
2538 1459 2811 1530 videbat
2866 1464 3071 1530 Hom.

533 1548 792 1638 mxxxvi)
829 1558 1063 1616 monet
1108 1557 1185 1616 ut
1232 1547 1290 1616 si
1325 1548 1535 1617 averti
1583 1548 1669 1617 ab
1711 1570 1782 1619 se
1814 1549 2112 1619 hostium
2158 1550 2495 1640 impetum
2543 1548 2776 1626 velint,
2881 1548 2964 1617 de
2997 1571 3076 1619 se

536 1637 886 1724 armisque
934 1635 1344 1706 coelestibus
1384 1635 1726 1707 muniant.
1789 1642 2111 1708 Hortatur
2158 1651 2233 1709 ut
2286 1637 2557 1708 Davidis
2599 1637 3068 1719 meminerint,

535 1725 658 1814 qui
717 1746 852 1795 non
907 1724 1038 1793 telo
1100 1723 1218 1793 sed
1285 1723 1768 1814 imploratione
1831 1726 2050 1795 divini
2098 1727 2402 1798 nominis
2449 1725 2838 1796 Goliathum
2907 1747 3074 1816 pro-

536 1814 795 1896 stravit,
819 1813 1107 1900 e‘usque
1127 1813 1350 1903 capite
1369 1812 1638 1885 sublato
1658 1815 2021 1885 audaciam
2043 1815 2449 1905 compressit
2467 1813 3065 1885 Philisthinorum.

534 1908 679 1973 Non
718 1924 837 1971 mu
869 1914 936 1971 to
970 1913 1121 1991 post
1153 1925 1312 1971 cum
1342 1924 1582 1973 rumor
1613 1904 2114 1994 percrebuisset
2143 1903 2463 1994 progredi
2494 1901 2792 1983 Attilam,
2837 1924 3071 1973 exem-

530 1991 783 2092 plaque
818 1990 1076 2092 passim
1110 1990 1311 2060 edere
1358 1992 1806 2074 crudelitatis,
1846 1993 2301 2063 Taurinenses
2347 1992 2471 2061 etsi
2525 1990 2671 2091 jam
2725 1992 3074 2082 praesidia

530 2102 603 2149 in
658 2102 876 2150 muris
926 2091 1324 2161 statuerant,
1369 2093 1735 2169 portasque
1780 2081 1977 2151 urbis
2010 2080 2233 2150 valide
2282 2079 2541 2150 muniri
2575 2093 2924 2163 curarant,
2975 2093 3075 2151 ta-

536 2190 693 2238 men
746 2168 993 2256 majori
1042 2180 1238 2238 erant
1270 2179 1456 2239 metu
1487 2170 1888 2271 perturbati.
1925 2175 2174 2239 Eorum
2225 2168 2496 2239 animos
2541 2181 2896 2239 erecturus
2930 2175 3073 2239 Ma-

535 2259 810 2339 ximu5‚
865 2258 1073 2343 inque
1146 2278 1266 2357 spe
1334 2256 1732 2328 declinandi
1792 2258 2136 2328 barbarici
2186 2256 2437 2328 furoris
2482 2256 3068 2340 confirmaturus,

536 2346 844 2417 ascendit
892 2346 963 2414 in
1013 2366 1438 2426 concionem,
1492 2359 1557 2416 et
1582 2346 2026 2417 recordentur
2063 2345 2315 2437 jubent
2345 2345 2607 2416 oraculi
2636 2345 3067 2429 Psalmistae,

534 2435 805 2527 vigilari
845 2434 1101 2506 frustra
1147 2457 1188 2504 a
1232 2434 1526 2506 civitatis
1564 2435 1992 2517 custodibuS,
2033 2435 2105 2504 ni
2154 2439 2331 2506 Deus
2364 2455 2512 2505 esse
2558 2434 2781 2524 ipsius
2834 2452 3066 2508 custos

537 2537 740 2612 atque
775 2534 1246 2626 propugnator
1282 2523 1462 2593 velit.
1500 2527 1827 2596 Reserent
1872 2537 2104 2616 portas
2126 2524 2479 2614 justitiae;
2533 2545 2753 2613 prece,
2797 2525 3071 2615 je'unio

539 2625 739 2700 atque
801 2611 1283 2703 largitionibus
1353 2612 1423 2681 in
1476 2635 1813 2703 pauperes
1874 2618 2087 2683 Deum
2159 2613 2291 2683 sibi
2343 2612 2719 2703 propitium
2779 2635 2851 2682 re
2901 2613 3070 2683 dant

536 2702 760 2791 (Hom.
825 2700 1128 2789 Lxxxvii).
1184 2705 1258 2770 At
1305 2723 1439 2788 quo
1493 2701 1725 2771 minus
1796 2701 2231 2771 remittebant
2277 2700 2580 2770 furorem
2638 2701 2932 2781 barbari,
2986 2724 3066 2771 eo

534 2792 787 2860 civium
842 2806 1055 2860 terror
1084 2790 1622 2879 ingravescebat.
1654 2791 1767 2861 Bis
1808 2804 1969 2860 tunc
2005 2791 2340 2859 Maximus
2381 2790 2768 2859 convocatis
2798 2790 3065 2860 civibus

530 2880 810 2969 (Homz'l.
852 2901 1125 2948 Lxxxvni
1173 2889 1234 2946 et
1266 2879 1373 2967 xc)
1399 2878 1689 2959 discant,
1720 2878 1837 2958 ait,
1884 2900 2043 2949 cum
2082 2878 2286 2948 rebus
2334 2876 2659 2947 secundis
2693 2878 3063 2969 gaudeant,

512 2968 862 3037 fadversos
926 2968 1128 3038 etiam
1165 3022 1180 3048 ,
1235 2967 1291 3035 si
1338 2989 1516 3055 quae
1586 2966 1947 3046 accidant,
2006 2988 2141 3036 non
2192 2979 2469 3056 gravate
2515 2966 2726 3047 serre;
2798 2967 3072 3055 sibique

533 3056 991 3147 persuadeant
1063 3068 1392 3141 utrasque
1439 3077 1476 3125 e
1534 3055 1854 3125 manibus
1919 3054 2264 3144 proficisci
2322 3054 2935 3126 beneficentissimi
3005 3070 3072 3127 et

536 3144 1028 3235 omnipotentis
1080 3144 1216 3213 Dei.
1257 3145 1479 3233 Hujus
1526 3145 1702 3214 iram
1744 3144 2394 3244 supplicationibuS,
2438 3144 2751 3234 jejuniis,
2779 3146 3076 3215 eleemo-

539 3233 732 3321 synis
795 3232 1066 3323 placare
1116 3232 1310 3301 enixe
1358 3232 1711 3312 studeant;
1773 3233 2228 3302 Ninivitarum
2276 3232 2670 3322 exemplum
2720 3237 3066 3325 proponit.

540 3322 610 3392 Si
659 3320 727 3389 id
761 3320 1066 3403 fecerint,
1121 3332 1394 3411 sperent
1421 3321 1654 3390 omnia
1686 3320 1819 3391 sibi
1859 3321 2149 3392 feliciter
2195 3335 2545 3391 eventura.
2585 3325 3071 3394 Verumtamen

542 3409 1004 3480 Mediolanum
1043 3410 1189 3500 jam
1240 3408 1517 3479 barbari
1548 3431 1731 3500 expu
1783 3422 2049 3491 naram,
2088 3409 2412 3498 brevique
2459 3409 2659 3499 signa
2688 3412 3070 3483 Taurinum

542 3498 802 3568 illaturi
864 3497 1262 3578 videbatur;
1316 3497 1477 3567 inde
1541 3499 1729 3567 incre
1782 3497 1970 3568 ibilis
2018 3511 2270 3577 terror;
2324 3497 2488 3589 fuga
2548 3497 2681 3568 sibi
2730 3501 3077 3589 rebusque

540 3587 687 3657 suis
727 3587 1113 3677 prospicere
1163 3587 1518 3676 parabant.
1555 3592 1766 3657 Tanto
1797 3588 1866 3655 in
1919 3588 2449 3688 propinquantis
2480 3586 2697 3655 hostis
2729 3590 3062 3677 periculo,

539 3687 728 3745 tanta
760 3677 829 3745 in
864 3675 1373 3766 perturbatione
1406 3697 1660 3757 rerum,
1704 3697 1837 3745 non
1874 3675 2150 3745 demisit
2178 3676 2492 3746 animum
2526 3676 2885 3760 Maximus,
2924 3679 3070 3760 sed,

540 3764 872 3835 divinitus
898 3764 1321 3835 credendum
1378 3764 1649 3835 afflatus
1673 3777 1739 3833 et
1765 3764 1848 3833 de
1878 3764 2222 3835 eventuris
2256 3763 2601 3842 conscius,
2644 3766 3077 3837 confirmavit
3135 3811 3142 3818 ·

537 3853 947 3923 mirabiliter
991 3852 1196 3934 civeS,
1251 3852 1716 3940 deterruitque
1762 3876 1803 3922 a
1841 3865 2159 3943 suscepto
2208 3852 2282 3923 fu
2332 3875 2411 3923 ae
2509 3853 2834 3941 roposito.
2888 3861 3078 3926 Tunc

538 3952 808 4013 coactos
855 3942 924 4010 in
975 3941 1263 4011 basilica
1316 3941 1751 4012 vehementer
1807 3941 2079 4012 incusat
2124 3964 2260 4030 quo
2317 3996 2333 4022 ‚
2385 3941 2460 4011 di
2537 3940 2595 4010 si
2646 3946 2801 4026 Deo,
2854 3946 3078 4035 patria

541 4030 861 4100 excedere
912 4029 1349 4100 meditentur.
1383 4030 1691 4120 Cogitent
1736 4030 2062 4121 indignos
2108 4053 2257 4102 esse
2286 4029 2590 4102 filiorum
2623 4033 2928 4103 nominis
2961 4056 3079 4103 eos

541 4120 659 4207 qui
711 4118 1028 4188 deserant
1057 4118 1126 4187 in
1146 4118 1517 4190 discrimen
1547 4118 1791 4189 salutis
1820 4118 2188 4190 deductam
2230 4131 2539 4189 matrem.
2579 4122 2671 4188 Ne
2700 4120 3074 4202 confident,

545 4209 605 4278 si
653 4207 1336 4282 abscesserint.'sese
1385 4219 1506 4278 aut
1567 4207 1818 4278 liberos
1865 4220 1985 4278 aut
2033 4208 2268 4280 minus
2321 4206 2625 4277 infelices
2673 4208 2839 4279 fore.
2895 4211 3080 4280 Desi-

547 4308 715 4367 nant
808 4318 1066 4377 eccare,
1118 4296 1595 4384 auxiliumque
1634 4296 2005 4387 implorent
2053 4297 2206 4377 Dei;
2245 4296 2344 4367 sic
2390 4295 2489 4366 eis
2522 4318 2594 4365 se
2631 4298 3072 4381 confirmare,

547 4386 616 4454 id
668 4385 726 4454 si
821 4407 952 4456 ona
1000 4384 1135 4455 fide
1182 4384 1468 4476 egerint,
1520 4384 1861 4456 civitatem
1915 4407 2051 4455 non
2099 4406 2248 4456 esse
2296 4385 2696 4476 perituram.
2756 4391 2889 4458 Cur
2936 4409 3074 4458 non
