3357 4995
182 353 401 418 JUNII
450 353 532 417 24
878 370 957 417 nn
1001 369 1377 418 numme
1427 371 1483 417 s.
1536 368 1801 418 somnis
1846 369 2029 417 narr.
2516 354 2648 422 497
2771 415 2774 422 .

198 453 511 524 infantia.
557 452 684 523 Sed
734 475 869 524 non
909 455 1207 525 assecuti
1240 466 1424 535 sunt,
1462 454 1758 525 Joannis
1790 454 2369 546 magnitudinem:
2401 457 2731 543 quoniam

188 542 307 612 alii
347 541 626 631 quidem
675 540 954 612 fuerunt
999 556 1157 612 ante
1204 542 1424 632 legem
1473 543 1614 612 scri
1668 555 1851 623 tam,
1917 543 2036 613 alii
2089 564 2244 613 vero
2288 554 2439 634 post
2486 544 2730 637 legem.

192 637 493 701 «loannes
522 642 748 700 autem
780 630 967 701 filius
1001 631 1363 701 Zachariae
1402 653 1595 702 sacer
1647 632 1780 702 otis
1811 643 1877 700 et
1905 631 2340 703 Elizabethae
2367 633 2742 706 admirabi-

190 719 303 801 lis,
340 731 613 789 exortus
641 731 744 788 est
792 720 920 790 flos
975 720 1388 811 praecedens
1433 721 1681 790 Christi
1729 720 2129 804 adventum,
2171 721 2239 790 in
2295 722 2520 792 medio
2569 723 2740 815 legis

188 820 254 877 et
319 808 574 909 gratiae
622 829 988 898 apparens,
1042 809 1383 879 Praeluxit
1428 810 1614 879 enim
1668 807 1985 890 Lucifer,
2043 810 2452 900 significans
2510 826 2738 883 ortum

198 895 373 967 Solis
407 896 743 985 justitiae.
781 899 1155 968 Praecessit
1194 897 1415 979 mileS‚
1468 897 1876 988 significans
1934 898 2306 969 adventum
2342 901 2549 990 Regis
2597 923 2743 972 om-

192 985 414 1055 nium.
456 986 650 1054 Venit
700 986 1253 1078 ParanymphuS,
1307 986 1745 1058 indicaturus
1792 986 2036 1058 adesse
2082 1009 2448 1077 sponsum.
2514 995 2589 1059 Et
2620 990 2741 1059 alii

188 1074 471 1162 quidem
520 1073 927 1161 aliquandiu
972 1088 1327 1165 postquam
1371 1076 1513 1144 nati
1563 1089 1814 1158 essent,
1870 1086 1990 1145 aut
2038 1075 2558 1166 prophetarunt,
2621 1093 2741 1150 aut

186 1161 328 1232 alia
377 1162 684 1233 fecerunt
732 1164 1091 1234 miracula.
1145 1165 1268 1234 Hic
1316 1179 1544 1234 autem
1582 1186 1755 1234 ‘cum
1807 1163 2036 1234 adhuc
2084 1164 2376 1235 ferretur
2409 1166 2477 1235 in
2515 1181 2732 1250 utere,

190 1252 501 1342 repletus
552 1250 683 1321 fuit
716 1266 951 1323 sancto
991 1252 1274 1343 Spiritu,
1318 1253 1535 1323 extitit
1581 1253 1857 1322 effector
1905 1275 2131 1323 rerum
2185 1253 2729 1326 admirabilium.

271 1342 321 1498 ἓ
368 1346 453 1414 5.
512 1340 675 1410 Mihi
701 1363 863 1433 ergo
902 1341 1170 1411 videtur
1203 1341 1271 1410 id
1312 1363 1460 1411 esse
1506 1341 1877 1432 ejusmodi,
1925 1355 1999 1412 ut
2026 1355 2353 1429 tanquam
2389 1343 2456 1411 in
2492 1343 2739 1415 simili-

190 1442 267 1500 tu
324 1429 435 1499 ine
456 1484 471 1511 ‚
503 1431 969 1519 praecursoris
992 1429 1345 1500 ostendam
1372 1430 1987 1530 magnificentiam.
2020 1431 2377 1514 Quomodo
2407 1454 2569 1523 ergo
2599 1438 2738 1504 Rex

188 1519 447 1605 aliquis
476 1517 793 1609 regaliter
821 1519 1196 1608 procedens
1240 1540 1320 1587 ex
1343 1523 1576 1610 Regia,
1613 1519 1818 1589 habet
1851 1519 2131 1607 quidem
2177 1519 2477 1610 primum
2547 1543 2732 1611 prae-

190 1606 513 1677 cedentes
541 1606 904 1694 quosdam,
988 1608 1056 1677 ui
1089 1607 1317 1677 ferunt
1357 1607 1605 1698 virgas,
1655 1623 1720 1677 et
1757 1607 2123 1694 quosdam,
2167 1609 2288 1694 qui
2324 1621 2590 1700 sceptra
2620 1633 2739 1700 ge-

186 1706 406 1765 stant:
446 1695 697 1765 deinde
746 1700 963 1766 Consu
996 1718 1093 1777 eS,
1149 1695 1502 1768 Praesides
1548 1711 1615 1765 et
1666 1702 1987 1766 Ductores
2045 1696 2418 1766 ordinum:
2478 1711 2737 1788 postre-

190 1807 386 1856 mum
440 1796 693 1865 autem,
729 1785 1099 1872 quemdam
1166 1785 1407 1875 majori
1458 1784 1793 1874 dignitate
1834 1784 2220 1876 praeditum
2257 1839 2272 1866 ‚
2333 1798 2484 1875 post
2533 1807 2738 1873 quem

187 1874 420 1945 statim
471 1879 608 1943 Rex
639 1877 943 1964 apparet,
986 1872 1176 1944 nullo
1217 1874 1592 1963 interjecto.
1634 1873 2081 1963 resplendens
2128 1895 2300 1943 auro
2346 1887 2411 1944 et
2444 1876 2741 1966 gemmis

191 1962 597 2054 perlucidis:
637 1963 735 2032 sic
773 1962 943 2031 mihi
979 1962 1204 2052 cogita
1236 1963 1440 2032 etiam
1471 1964 1539 2032 in
1573 1984 1727 2033 vero
1756 1974 1822 2031 et
1852 1962 1996 2033 solo
2025 1962 2515 2032 universorum
2562 1969 2743 2055 Rege

190 2052 456 2121 Christo
504 2056 636 2120 Deo
686 2063 937 2121 nostro.
983 2056 1072 2120 Eo
1104 2053 1286 2121 enim
1325 2073 1443 2142 per
1472 2074 1750 2121 carnem
1803 2051 2201 2141 ingressuro
2234 2051 2301 2118 in
2338 2053 2585 2122 orbem
2613 2067 2742 2122 ter-

187 2162 449 2220 rarum,
495 2152 1007 2229 praecesserunt
1056 2140 1336 2228 quidem
1371 2140 1821 2230 patriarchae,
1857 2151 2090 2229 utpote
2123 2139 2488 2220 Abraham,
2529 2145 2723 2211 Isaac

189 2242 255 2299 et
287 2229 524 2308 Jacob,
581 2228 828 2298 deinde
858 2233 1119 2319 Moyses
1157 2230 1267 2298 Dei
1299 2229 1656 2318 interpreS,
1688 2241 1752 2297 et
1798 2233 2041 2308 Aaron,
2073 2243 2135 2297 et
2155 2227 2452 2308 Samuel,
2499 2229 2742 2299 etuni-

188 2338 386 2386 versa
414 2318 612 2387 turba
646 2318 1172 2408 Prophetarum:
1210 2317 1499 2388 ultimus
1519 2317 1704 2386 enim
1727 2316 1939 2386 extitit
1974 2315 2377 2386 manifestus
2400 2323 2729 2387 Joannes.

189 2411 270 2475 Et
318 2406 549 2475 statim
602 2406 911 2476 Christus
961 2406 1315 2488 DominuS‚
1355 2405 1440 2475 de
1490 2427 1627 2493 quo
1675 2405 1882 2474 dicit:
1929 2408 2060 2488 Qui
2074 2416 2221 2507 post
2252 2428 2357 2474 me
2379 2408 2560 2474 venit
2585 2417 2742 2477 ante

187 2519 297 2565 me
344 2497 569 2584 factus
601 2506 718 2578 est,
754 2497 919 2587 quia
958 2499 1146 2587 prior
1169 2519 1274 2565 me
1302 2506 1448 2565 erat
1478 2495 1704 2585 (Joan.
1736 2493 1810 2584 1).
1858 2499 1934 2564 Et
1972 2517 2090 2582 qui
2120 2508 2266 2565 erat
2309 2494 2599 2567 ultimus
2633 2518 2742 2566 or-

190 2585 383 2665 dine,
424 2585 643 2674 maJor
689 2584 760 2654 di
814 2585 1019 2654 nitate
1050 2585 1267 2654 extitit
1298 2585 1760 2674 proportione.
1803 2584 1910 2652 Sic
1949 2603 2111 2673 ergo
2161 2596 2226 2652 et
2267 2584 2648 2674 ProphetiS,
2678 2597 2744 2656 et

187 2677 237 2743 Α
291 2673 575 2752 ostolis‚
627 2686 694 2742 et
730 2696 770 2743 a
801 2672 886 2743 iis
934 2674 1263 2743 omnibus
1319 2693 1549 2742 revera
1583 2673 1772 2763 prior
1800 2684 1901 2741 est
1957 2693 2068 2740 ma
2123 2694 2251 2742 nus
2292 2677 2724 2754 Praecursor,

197 2762 241 2831 il
282 2763 340 2831 is
399 2761 706 2849 quidem,
766 2773 845 2832 ut
893 2783 1227 2849 sequens:
1284 2762 1391 2832 his
1453 2783 1630 2843 vern,
1684 2773 1762 2830 ut
1811 2781 2011 2861 praec
2104 2782 2250 2829 ens.

280 2854 318 2939 ξ
368 2857 460 2923 θ.
517 2855 763 2920 Verum
785 2851 1133 2920 enimvero
1153 2849 1630 2939 Evangelicam
1654 2848 2073 2938 explicantes
2090 2848 2476 2929 historiam,
2504 2849 2745 2920 audia-

190 2962 355 3011 mus
402 2961 579 3026 quae
608 2962 647 3007 a
681 2939 992 3009 Gabriele
1028 2940 1545 3009 annunciantur
1570 2937 1954 3007 Zachariae.
2017 2940 2201 3007 Visus
2223 2948 2318 3006 est
2348 2940 2434 3019 ei,
2487 2939 2736 3026 inquit,

191 3032 496 3120 Angelus
520 3029 788 3097 Domini
810 3039 995 3097 stans
1015 3050 1059 3097 a
1092 3030 1353 3098 dextris
1384 3029 1629 3097 altaris
1662 3028 1939 3096 incensi:
1964 3036 2026 3094 et
2056 3028 2487 3096 conturbatus
2508 3038 2604 3096 est
2628 3034 2746 3098 Za·

192 3119 469 3186 charias
499 3139 648 3185 cum
695 3117 990 3197 vidisset,
1039 3128 1101 3186 et
1134 3119 1333 3186 timor
1353 3119 1554 3185 irruit
1584 3138 1788 3207 super
1817 3117 2036 3207 ipwm
2059 3115 2200 3204 (Em
2237 3119 2391 3183 Luc.
2417 3115 2492 3205 1).
2524 3121 2742 3198 Quam

198 3205 531 3276 terribilis
556 3204 762 3274 etiam
796 3205 966 3275 visio
1011 3205 1352 3296 Angelica,
1396 3216 1462 3274 et
1507 3225 1715 3292 quam
1747 3203 1818 3272 in
1854 3202 2002 3273 loco
2037 3202 2329 3273 terribili
2377 3205 2747 3305 apparuit?

197 3299 418 3376 Quam
476 3293 823 3376 terribilis,
878 3294 1125 3381 inquit,
1179 3308 1278 3363 est
1328 3292 1519 3363 locus
1560 3292 1735 3362 iste?
1783 3291 1962 3362 Nihil
2003 3305 2106 3361 est
2154 3292 2283 3361 hoc
2309 3292 2445 3361 nist
2494 3292 2746 3365 domus

196 3382 335 3452 Dei.
394 3388 529 3452 Nec
576 3396 678 3452 est
745 3383 1027 3464 mirum,
1099 3382 1154 3454 si
1223 3404 1381 3452 cum
1431 3395 1608 3451 esset
1636 3382 1872 3470 justus
1906 3380 2248 3461 sacerdOS,
2294 3383 2746 3452 conturbatus

194 3483 320 3553 est}
365 3482 432 3541 et
468 3471 674 3540 timor
716 3470 919 3541 irruit
967 3493 1178 3560 super
1223 3470 1452 3571 ipsum
1487 3493 1502 3537 :
1538 3491 1699 3539 cum
1743 3469 1977 3538 Daniel
2013 3490 2312 3556 quoque,
2358 3471 2466 3538 vir
2493 3471 2742 3540 deside-

194 3563 454 3630 riorum
482 3561 686 3651 (Dan.
726 3560 892 3650 vm),
937 3582 1097 3629 cum
1131 3559 1434 3641 vidisset,
1473 3570 1757 3648 stupore
1789 3571 1889 3627 est
1929 3558 2236 3639 affectus,
2283 3569 2348 3626 et
2378 3558 2445 3626 in
2498 3558 2746 3629 faciem

194 3648 465 3731 cecidit,
521 3660 588 3717 et
620 3671 736 3718 ore
762 3648 981 3718 hianti
1018 3647 1270 3718 mansit
1316 3648 1667 3728 attonituS,
1712 3659 1987 3737 propter
2017 3646 2376 3738 Angelicae
2408 3647 2746 3717 excellen-

196 3737 330 3806 tiae
365 3737 807 3830 splendorem
845 3735 1482 3828 incomparabilem.
1523 3736 1723 3805 Visus
1748 3749 1849 3805 est
1878 3734 1966 3817 ei,
2006 3735 2253 3822 inquit,
2292 3734 2589 3825 Angelus
2623 3740 2749 3806 Do·

201 3825 399 3896 mini.
447 3827 628 3910 Quid
681 3826 765 3895 ad
809 3826 977 3896 haec
1011 3826 1212 3896 nobis
1241 3825 1483 3895 dicunt
1517 3823 2080 3906 semichristiani,
2134 3824 2256 3911 qui
2310 3845 2443 3894 non
2496 3824 2748 3893 admit-

205 3925 357 3982 tunt
407 3915 798 4007 imagines?
836 3915 904 3985 Si
952 3916 1039 3985 ab
1087 3914 1367 3985 homine
1418 3913 1607 3983 visus
1646 3925 1750 3983 est
1789 3911 2114 4002 AngeluS‚
2168 3914 2452 3982 omnino
2508 3912 2752 3984 habuit

206 4000 587 4092 imaginem
609 4058 631 4085 ,
684 4016 750 4074 et
785 4025 917 4075 non
969 4003 1202 4083 aliam,
1253 4024 1463 4090 quam
1500 4002 1567 4071 in
1602 4023 1741 4089 qua
1781 4000 1972 4071 visus
1998 4014 2122 4071 est.
2157 4000 2357 4071 Visus
2386 4014 2488 4072 est
2516 4015 2742 4072 autem

206 4088 277 4156 in
333 4111 414 4158 ea
458 4090 704 4172 forma,
749 4092 816 4161 in
869 4114 1006 4180 qua
1054 4091 1265 4182 Moysi
1319 4090 1510 4181 prius
1546 4091 1614 4159 in
1659 4101 1888 4160 monte
1919 4090 2084 4161 Sina
2117 4090 2185 4159 in
2222 4090 2448 4182 figura
2476 4104 2750 4162 ostensa

210 4189 377 4247 sunt
403 4179 769 4263 Cherubin,
803 4203 980 4269 quae
1008 4193 1202 4251 erant
1239 4180 1420 4249 circa
1506 4178 2039 4269 ropitiatorium.
2081 4179 2148 4248 Si
2182 4192 2408 4250 autem
2461 4179 2529 4249 id
2564 4179 2747 4268 quod

167 4347 170 4349 Α
202 4276 309 4333 est
339 4266 848 4358 incorporeum,
882 4284 948 4340 et
992 4270 1174 4358 quod
1207 4281 1391 4339 caret
1489 4271 1687 4360 gurd,
1721 4270 2002 4354 eaquae
2030 4266 2160 4337 fuit
2188 4281 2461 4338 ostensa
2495 4267 2743 4359 figure,

205 4352 833 4441 circumscribitur,
885 4358 1232 4447 quomodo
1271 4357 1367 4435 id,
1404 4356 1587 4445 quod
1638 4368 1741 4426 est
1785 4377 2193 4448 corporeum
2230 4370 2296 4426 et
2341 4356 2739 4448 figuratum,

207 4455 275 4512 et
325 4443 509 4529 quod
557 4446 765 4516 colori
813 4461 877 4518 et
925 4446 1136 4518 tactui
1175 4446 1567 4536 subjicitur,
1611 4458 1676 4516 et
1727 4458 1863 4517 tres
1913 4444 2207 4537 suscipit
2252 4444 2740 4526 dimensioneS,

370 4564 614 4622 surius
644 4596 664 4606 ·
705 4564 866 4625 Vitae
906 4564 1013 4628 SS.
1038 4566 1167 4627 Vol.
1190 4595 1216 4612 ·
1242 4564 1340 4628 v1.
2508 4561 2584 4621 32
