3357 4995
194 301 407 371 JUNII
456 305 539 369 27
970 323 1048 367 nii
1096 322 1150 369 s.
1206 321 1530 370 sxiirsoNE
1577 321 1949 369 XENODOCHO
2524 305 2650 369 617

196 407 508 477 auditum
563 405 945 475 intercessit
980 417 1250 495 tempus
1284 404 1385 474 vel
1436 406 1949 476 brevissimum:
1978 419 2244 476 tanturn
2275 408 2425 495 ejus
2460 407 2741 476 videndi

198 503 683 587 Imperatorem
734 506 1008 584 ceperat
1053 494 1499 564 desiderium.
1555 499 1722 563 Cum
1773 518 1930 564 vero
1978 518 2135 564 eum
2189 496 2493 576 vidisset,
2548 497 2741 566 exiis

195 608 372 673 quae
406 596 611 654 noctu
661 584 803 652 visa
844 584 1134 663 fuerant,
1178 584 1461 673 pulchre
1510 584 1902 653 recosrnovit
1934 607 2012 653 ea
2059 607 2234 671 quae
2282 587 2743 655 cernebantur

197 674 522 755 interdiu,
590 685 822 763 utpote
883 673 1239 742 oculorum
1291 639 1920 754 mansuetuii'inem‚
1982 673 2242 742 formae
2292 674 2733 755 hilaritatem,

195 785 469 832 morum
546 764 995 841 honestatem,
1051 761 1303 831 barbae
1352 761 1792 848 squallorem,
1865 775 2184 852 aspectus
2251 764 2623 843 tristitiam,
2679 777 2743 832 et

195 874 371 938 quae
418 873 575 920 eum
620 851 951 920 decebant
999 851 1197 939 signa
1238 850 1750 920 moderationis.
1805 856 1984 920 Haec
2032 874 2191 921 cum
2242 852 2381 934 ille,
2436 853 2741 921 admira-

194 941 322 1009 bili
370 940 732 1009 accedente
770 945 1120 1018 Samsone,
1178 953 1352 1009 esset
1393 939 1923 1028 contemplatus,
1981 963 2114 1009 non
2168 943 2387 1029 potuit
2434 941 2740 1030 amplius

197 1030 556 1109 contineri,
596 1029 711 1098 sed
764 1052 1056 1118 surgens
1098 1051 1259 1119 prae
1291 1029 1742 1098 immoderata
1791 1029 2068 1108 laetitia,
2116 1052 2300 1107 eum,
2354 1033 2474 1116 qui
2516 1030 2741 1119 specie

196 1120 355 1188 vilis
401 1131 546 1187 erat
591 1131 655 1185 et
685 1118 1013 1207 abjectuS‚
1070 1119 1150 1199 is,
1205 1118 1325 1203 qui
1372 1131 1515 1186 erat
1556 1118 1851 1205 insignis
1901 1120 2220 1208 ImperiO,
2274 1120 2734 1209 amplectitur,

195 1220 259 1277 et
294 1208 593 1276 suaviter
625 1206 998 1275 admodum
1050 1208 1422 1281 osculatur,
1480 1229 1614 1274 non
1667 1229 1743 1275 os
1778 1205 2029 1287 solum,
2070 1208 2185 1276 sed
2245 1209 2447 1276 etiam
2499 1223 2731 1297 caput,

197 1297 474 1365 dicens:
530 1302 749 1373 Certe,
803 1319 842 1364 o
896 1308 1122 1385 pater,
1182 1309 1254 1365 tu
1314 1317 1385 1365 es
1434 1296 1621 1384 ipse,
1693 1296 1812 1382 qui
1865 1296 2032 1364 mihi
2103 1296 2603 1366 admirabiliter
2670 1298 2738 1366 in

198 1387 463 1455 somnis
510 1385 933 1474 apparuisti:
1001 1386 1176 1466 Quin
1228 1384 1430 1452 etiam
1489 1398 1548 1453 te
1599 1385 1918 1453 morbum
1974 1407 2205 1453 meum
2269 1386 2617 1474 pollicitus
2666 1408 2738 1455 es

198 1488 632 1544 curaturum.
686 1479 865 1542 Haec
934 1496 1091 1542 cum
1143 1473 1470 1552 dixisset,
1524 1474 2158 1563 statim-ingressus
2207 1487 2309 1543 est
2367 1476 2436 1542 in
2491 1475 2740 1564 Regiae

199 1563 604 1654 penetralia,
660 1576 974 1633 sanctum
1028 1562 1221 1630 illum
1278 1584 1489 1631 manu
1541 1578 1777 1632 tenens
1833 1586 1872 1631 a
1922 1585 2059 1649 quo
2106 1576 2250 1632 erat
2297 1578 2741 1633 assecuturus

202 1653 644 1721 miraculum.

288 1744 325 1827 ἓ
373 1746 447 1812 2.
504 1747 864 1827 Postquam
918 1753 1145 1809 autem
1181 1741 1537 1828 ingressus
1583 1751 1683 1809 est
1721 1745 2118 1829 Imperator,
2178 1754 2243 1810 et
2289 1763 2448 1810 eum
2500 1741 2744 1809 habuit

206 1852 437 1899 secum
498 1830 886 1908 sedentem,
957 1829 1266 1898 nondum
1330 1852 1487 1898 eum
1552 1829 1857 1897 humane
1931 1830 2336 1918 accipiendo
2403 1831 2734 1908 satiatuS,

203 1920 405 2009 plura
439 1918 669 1987 adhuc
695 1918 1006 1987 faciebat.
1049 1918 1210 2006 Esus
1238 1940 1487 1986 manus
1520 1918 1825 2006 capienS,
1871 1920 2015 1988 suis
2066 1919 2455 2008 imponebat
2488 1918 2731 1999 oculiS,

202 2021 266 2076 et
312 2030 428 2075 eas
477 2028 635 2076 cuin
690 2008 986 2076 maxima
1017 1941 1359 2094 voiuptate
1408 2006 1841 2086 deosculans,
1878 2021 1942 2076 et
1974 2009 2044 2075 in
2095 2030 2211 2077 eas
2263 2008 2609 2078 distillans
2652 2008 2746 2075 la-

201 2118 504 2174 crvniaS,
564 2095 961 2165 laetabatur.
1020 2096 1233 2164 Morbi
1293 2095 1504 2175 enim,
1557 2095 1677 2182 qui
1726 2118 1883 2164 eum
1941 2098 2313 2183 premebat,
2373 2098 2744 2165 necessitas

199 2167 562 2264 efficiebat,
615 2199 692 2253 ut
740 2186 1334 2275 homo‘appareret
1385 2186 1634 2273 potius,
1672 2207 1882 2270 quarn
1937 2191 2336 2272 Imperator,
2373 2198 2435 2253 et
2467 2186 2586 2271 qui
2616 2186 2743 2252 hu-

199 2274 430 2355 manis
466 2274 863 2343 ssectebatur
916 2275 1233 2352 miseriis,
1274 2297 1479 2359 quam
1514 2275 1632 2360 qui
1664 2274 2108 2362 Imperatoria
2156 2274 2566 2343 efferebatur
2595 2296 2738 2341 ma-

197 2361 629 2449 gnificentia.
687 2362 1285 2431 verumenimvero
1337 2364 1502 2430 haec
1558 2385 1809 2449 magna
1859 2364 2301 2452 Imperatoris
2366 2362 2738 2431 moderatio

195 2462 259 2519 et
307 2451 556 2541 religio
606 2474 878 2541 gravem
950 2464 1184 2521 sancto
1236 2452 1467 2540 injecit
1526 2449 1955 2529 molestiam,
2023 2465 2087 2520 et
2139 2451 2419 2542 perinde
2468 2451 2610 2521 acsi
2685 2452 2747 2519 ei

193 2541 395 2609 fieret
427 2539 710 2628 injuria,
748 2543 914 2609 etin
965 2564 1122 2609 eum
1178 2542 1391 2608 niinia
1439 2553 1866 2609 exerceretur
1917 2541 2270 2621 modestia,
2337 2563 2472 2610 non
2528 2542 2746 2629 potuit

193 2643 432 2699 tener-e
503 2630 893 2699 silentium:
940 2630 1053 2698 sed
1091 2655 1124 2695 «
1159 2653 1241 2698 ne
1290 2631 1387 2698 sic
1437 2629 1701 2708 feceris,
1755 2652 1792 2696 o
1855 2634 2273 2719 Imperator,
2329 2652 2548 2716 neque
2609 2643 2745 2698 tam

198 2719 502 2787 d‘emisse
548 2732 614 2788 et
660 2719 940 2807 abjecte,
989 2719 1447 2788 acclamabat:
1504 2740 1628 2786 nec
1676 2741 1777 2798 ρο,
1841 2719 2024 2804 quod
2077 2731 2137 2788 te
2191 2720 2338 2809 ipse
2373 2719 2746 2787 immodice

202 2807 487 2876 deficias
517 2819 582 2876 et
614 2807 963 2896 deprimas
1011 2807 1269 2876 efficias
1318 2821 1393 2876 ut
1442 2807 1732 2875 damner
1765 2808 2216 2896 arrogantiae.
2275 2813 2349 2876 In
2390 2831 2528 2893 quo
2560 2808 2747 2876 enim

205 2918 362 2964 sum
414 2897 907 2966 communibus
959 2897 1360 2965 hominibus
1410 2897 1744 2984 superior,
1799 2897 1916 2981 qui
1984 2920 2136 2964 sum
2193 2898 2420 2976 miser,
2475 2909 2539 2964 et
2589 2918 2746 2985 pec-

203 2985 376 3054 catis
424 2985 783 3066 obnoxiuS,
830 2998 894 3053 et
943 3008 1117 3075 opus
1168 2985 1383 3053 habeo
1457 3008 1706 3074 magna
1747 2986 1994 3053 Christi
2044 2985 2465 3074 benignitate
2497 2997 2562 3053 et
2609 2985 2748 3053 cle-

205 3075 506 3142 mentia?
556 3080 798 3143 Verum
864 3075 1210 3142 enimvero
1272 3074 1436 3141 haec
1489 3086 1603 3141 tua
1653 3074 1811 3141 fidei
1875 3075 2304 3143 abundantia
2352 3088 2415 3142 et
2478 3074 2738 3153 fervor,

203 3174 305 3229 est
356 3163 568 3231 futuri
618 3186 655 3231 a
698 3163 958 3231 Christo
993 3163 1230 3231 auxilii
1264 3176 1491 3231 certus
1528 3165 1850 3238 nuncius,
1904 3164 2022 3248 qui
2056 3177 2156 3231 est
2187 3169 2320 3231 Rex
2359 3169 2647 3252 Regum,
2684 3175 2749 3230 et

202 3263 425 3337 potest
473 3252 703 3320 omnia
750 3251 991 3320 facere.
1032 3276 1065 3316 »
1117 3257 1282 3320 Cum
1323 3253 1421 3319 sic
1471 3251 1774 3330 dixisset,
1821 3252 2173 3338 imposuit,
2216 3273 2497 3320 manum
2570 3252 2750 3340 parti

202 3341 511 3493 patienti.
572 3347 644 3409 Et
698 3363 774 3408 ea
830 3341 1108 3426 quidem
1168 3363 1292 3410 suo
1361 3340 1778 3430 fungebatur
1823 3340 2086 3408 officio:
2144 3341 2200 3408 is
2249 3352 2475 3409 autem
2547 3340 2750 3429 copia

255 3428 620 3498 umilitatis
669 3430 901 3498 volens
949 3429 1168 3497 celare
1203 3429 1702 3498 abundantiam
1740 3429 2021 3518 gratiae,
2058 3430 2477 3516 quibusdam
2513 3429 2743 3508 rebus,

201 3537 377 3600 quas
430 3518 605 3607 parti
656 3517 989 3587 laboranti
1042 3540 1120 3585 ex
1160 3532 1301 3585 arte
1350 3519 1704 3606 imposuit,
1743 3518 2168 3587 curationem
2206 3518 2586 3586 conabatur
2625 3518 2749 3586 ad-

203 3607 529 3675 scribere.
588 3608 710 3675 Sed
768 3608 1373 3684 medicamentum,
1425 3606 1608 3692 quod
1657 3606 2160 3695 applicabatur,
2217 3607 2529 3675 vincebat
2575 3628 2751 3692 quae

204 3693 562 3766 celabatur
609 3697 901 3765 veritas:
956 3709 1020 3764 et
1066 3695 1184 3781 qui
1229 3695 1295 3762 in
1349 3695 1503 3763 aliis
1560 3694 1782 3763 fuerat
1829 3696 2147 3783 cognitus
2201 3717 2426 3763 rerum
2477 3697 2752 3764 effector

206 3782 664 3866 mirabilium,
719 3786 790 3853 in
824 3785 951 3853 hoc
982 3806 1253 3871 quoque
1302 3785 1430 3852 fuit
1479 3785 1798 3873 cognitus
1832 3783 2074 3852 fecisse
2111 3785 2550 3853 miraculum.
2606 3790 2748 3853 Non

206 3872 405 3941 multi
456 3876 643 3943 enim
681 3873 828 3942 dies
857 3873 1374 3963 praeterierunt,
1414 3887 1477 3942 et
1518 3873 1897 3962 Imperator
1936 3872 2065 3941 fuit
2099 3874 2381 3942 omnino
2419 3874 2750 3943 liberatus

207 3974 247 4020 a
296 3964 559 4044 morbo,
614 3974 679 4031 et
743 3976 845 4031 est
891 3963 1226 4052 integram
1281 3975 1639 4032 assecutus
1690 3963 2092 4041 sanitatem,
2147 3962 2586 4052 repletusque
2651 3973 2752 4031 est

208 4039 465 4139 laetitia
496 4064 561 4121 et
609 4051 1087 4130 admiratione,
1151 4051 1268 4119 illa
1315 4051 1591 4138 quidem
1647 4064 1923 4140 propter
1963 4065 2433 4141 recuperatam
2488 4051 2747 4121 valetu-

205 4128 463 4216 dinem,
519 4143 646 4210 hac
694 4153 922 4211 autem
973 4153 1352 4229 propterea,
1404 4138 1588 4226 quod
1629 4140 1751 4226 qui
1798 4161 1956 4208 eum
2000 4162 2248 4209 sanum
2294 4139 2568 4220 fecerat,
2621 4145 2750 4209 Deo

209 4235 387 4290 esset
433 4227 899 4299 familiaritate
946 4230 1384 4318 conjunctus.

299 4309 334 4393 ἓ
382 4315 462 4381 S.
521 4318 772 4386 Deinde
804 4319 1036 4400 etiam,
1073 4331 1149 4387 ut
1188 4318 1422 4408 magni
1458 4317 1810 4386 Samsonis
1848 4317 2257 4418 opportunis
2296 4318 2497 4386 donis
2525 4339 2747 4385 remu·

210 4413 481 4471 neraret
526 4407 946 4476 curationem
983 4463 997 4487 ,
1052 4429 1296 4476 aurum
1350 4405 1627 4475 donavit
1692 4406 2052 4496 splendide
2100 4427 2178 4474 ac
2242 4405 2630 4494 magnifice,
2685 4418 2750 4473 et
