3357 4995
668 328 793 395 604
1297 345 1375 392 nx
1422 345 1478 392 s.
1531 341 1862 394 amnuo
1910 344 2143 394 enimc.
2197 343 2398 394 ssrlsc.
2757 324 2788 393 J
2800 328 2968 395 UNI!
3015 331 3114 395 26

577 430 1159 501 Tarentasiensem
1185 430 1220 464 ⁴
1250 430 1859 521 archiepiscopum
1891 436 2168 500 Petrum
2200 441 2265 499 et
2313 429 2531 499 alium
2556 430 2932 519 quemdam
2956 433 3123 523 Epi-

578 541 863 612 scopum
894 574 910 601 ,
961 532 1039 589 ut
1098 519 1590 590 charissimum
1656 519 1880 589 filium
1948 524 2159 590 suu'm
2229 518 2556 588 Comitem
2606 521 3116 603 Humbertum,

576 630 784 710 quem
854 608 1020 679 satis
1091 620 1341 679 temere
1409 606 2097 688 excommunicasset,
2155 606 2577 677 absolveret:
2657 608 2834 698 ipsis
2904 608 3121 679 etiam

579 698 822 768 iisdem
854 697 1206 789 Episcopis
1255 696 1710 787 praecipienS,
1765 709 1844 766 ut
1873 696 1932 767 si
1963 695 2172 766 nollet
2218 696 2648 778 Anthelmus,
2702 696 2908 786 cujus
2955 719 3125 767 con-

579 786 902 857 stantiam
954 786 1250 866 novera't,
1293 787 1426 877 ipsi
1475 806 1635 855 eum
1684 784 2137 855 absolverent.
2182 785 2475 854 Veniunt
2523 785 2867 876 Episcopi,
2928 785 3126 855 adfe-

575 888 740 947 runt
793 875 1117 945 mandata
1178 897 1219 944 a
1265 873 1612 953 Pontifice,
1668 872 1904 944 multis
1953 874 2316 944 hortantur
2384 873 2605 944 verbis
2638 930 2653 954 ,
2707 888 2783 944 ut
2842 895 3125 945 summo

579 964 887 1035 Pontifici
926 963 1226 1033 debitam
1277 974 1568 1052 praestet
1599 961 2084 1041 obedientiam,
2122 974 2186 1032 et
2213 962 2366 1031 irati
2404 962 2739 1052 principis
2789 963 3122 1033 animum

578 1052 1042 1144 impendenda
1087 1051 1515 1122 absolutione
1571 1050 1704 1120 sibi
1758 1050 2097 1122 conciliet.
2142 1050 2264 1121 Ille
2296 1051 2698 1141 respondet:
2754 1052 2885 1135 Qui
2924 1052 3126 1141 juste

579 1142 832 1233 ligatus
878 1152 1000 1222 est,
1037 1140 1207 1210 solvi
1260 1163 1393 1209 non
1442 1139 1663 1218 debet,
1721 1139 1855 1209 nisi
1902 1140 2100 1229 prius
2134 1161 2255 1229 per
2297 1140 2786 1229 poenitentiam
2839 1139 3124 1210 satisfa-

579 1231 712 1301 ciat
760 1230 884 1311 illi,
937 1251 1186 1316 quaem
1235 1228 1465 1298 laesit:
1518 1240 1722 1314 atque
1762 1228 1855 1297 ita
1891 1228 2019 1297 etsi
2073 1226 2382 1298 fortassis
2418 1249 2552 1298 non
2593 1227 2807 1319 digne
2857 1241 2925 1298 et
2992 1251 3121 1319 pro

582 1319 867 1400 meritiS,
919 1318 1157 1388 saltem
1212 1315 1683 1387 misericordia
1714 1316 2169 1406 persuadente
2214 1329 2279 1386 et
2315 1317 2589 1407 justitia
2622 1332 2966 1407 parcente,
2998 1340 3122 1387 ca-

583 1407 872 1478 tholicae
932 1405 1269 1476 Ecclesiae
1340 1406 1757 1475 restituatur.
1812 1409 2042 1492 Neque
2086 1405 2273 1475 enim
2337 1405 2439 1474 vel
2490 1406 2626 1496 ipsi
2676 1406 2871 1475 beato
2919 1412 3121 1476 Petro

582 1497 681 1565 sic
726 1508 826 1566 est
874 1495 1041 1564 haec
1087 1492 1333 1563 collata
1372 1505 1690 1584 potestaS,
1727 1505 1806 1563 ut
1835 1494 1936 1563 vel
1972 1515 2106 1563 non
2150 1493 2475 1564 solvenda
2505 1494 2788 1576 solvere,
2833 1494 2935 1562 vel
2974 1517 3118 1565 non

582 1583 862 1675 liganda
909 1583 1121 1673 ligare
1167 1582 1430 1652 debeat.
1468 1587 1736 1664 Quanto
1783 1581 1997 1671 igitur
2047 1582 2279 1653 minus
2308 1582 2551 1653 nobis?
2599 1584 2674 1652 ld
2725 1584 2746 1652 i
2801 1583 2938 1652 itur
2967 1604 3120 1653 cer-

581 1685 729 1742 tum
760 1672 1096 1750 habetote,
1152 1693 1260 1740 me
1299 1694 1340 1739 a
1369 1670 1577 1740 semel
1629 1671 2071 1758 pronuntiata
2098 1673 2436 1740 sententia
2476 1693 2612 1741 non
2648 1671 2732 1741 de
2786 1690 3118 1752 exurum,

583 1760 700 1829 sed
729 1781 880 1829 eam
922 1759 1123 1850 plane
1154 1771 1577 1829 retenturum
1615 1759 1709 1828 *ἦ
1745 1759 1866 1828 His
1890 1759 2149 1829 auditis
2174 1760 2491 1850 Episcopi
2521 1759 2921 1838 discessere,
2957 1782 3111 1840 nec,

580 1848 895 1936 quamvis
936 1849 1005 1917 id
1049 1848 1452 1918 mandatum
1505 1847 1640 1917 illis
1689 1858 1886 1929 esset,
1919 1848 2244 1917 Comitem
2295 1848 2482 1918 fuere
2529 1850 2684 1918 ausi
2731 1848 3115 1920 absolvere.

582 1944 658 2007 At
718 1948 941 2006 tamen
1008 1935 1308 2007 Pontifex
1355 1959 1515 2006 cum
1567 1936 1634 2005 id
1691 1935 2084 2015 didicisset,
2140 1938 2464 2006 Comitem
2514 1936 2847 2017 absolvit,
2906 1937 3123 2024 idque

582 2025 946 2096 Anthelmo
993 2025 1428 2117 significavit.
1470 2030 1562 2094 Ea
1590 2036 1819 2094 autem
1857 2046 1927 2095 re
1969 2038 2320 2114 permotus
2359 2025 2461 2095 vir
2490 2024 2684 2096 fortis
2718 2027 2789 2096 in
2820 2026 3116 2106 ChristO,

583 2126 648 2184 et
698 2112 977 2185 moleste
1025 2113 1272 2195 serem,
1328 2113 1563 2183 relicta
1610 2112 2005 2185 Bellicensis
2055 2113 2392 2184 Ecclesiae
2438 2114 2787 2194 cathedra,
2823 2116 3122 2204 cupiens

586 2202 713 2273 uni
776 2207 907 2272 Deo
954 2203 1023 2271 in
1076 2201 1346 2272 silentio
1405 2214 1470 2271 et
1527 2201 1898 2271 solitudine
1942 2224 2208 2282 vacare,
2272 2203 2358 2271 ad
2406 2202 2621 2272 cellae
2668 2214 2977 2292 optatam
3052 2225 3125 2274 se

583 2292 880 2380 quietem
932 2292 1206 2382 recepit.
1253 2290 1381 2361 Sed
1425 2291 1757 2360 Dominus
1803 2292 1922 2377 qui
1978 2290 2064 2359 ad
2105 2290 2174 2358 id
2222 2312 2382 2360 eum
2447 2292 2732 2362 honoris
2778 2305 3116 2372 evexerat,

584 2402 719 2449 non
756 2380 1072 2480 permisit
1127 2392 1203 2451 ut
1242 2380 1383 2449 illic
1415 2391 1742 2449 maneret.
1807 2383 1974 2449 Cum
2013 2379 2199 2448 enim
2249 2379 2646 2451 Belliceusis
2704 2378 3010 2450 Ecclesia
3057 2393 3124 2449 et

585 2489 811 2539 omnis
859 2467 978 2539 illa
1025 2469 1210 2560 regio
1242 2469 1392 2538 e'us
1423 2468 1730 2539 absentia
1771 2489 1843 2539 se
1873 2466 2246 2539 desolatam
2279 2469 2579 2551 sentiret,
2620 2468 2860 2538 Clerici
2894 2468 3114 2550 illius,

584 2557 930 2626 Pontificis
980 2559 1252 2628 Maximi
1312 2557 1525 2637 iteris,
1578 2579 1753 2644 quas
1800 2557 2353 2648 impetraverant,
2393 2557 2570 2638 freti,
2624 2580 2786 2628 eum
2825 2558 3119 2648 repetie-

585 2659 786 2726 runt,
840 2659 1042 2733 atque
1089 2668 1289 2737 aegre
1338 2646 1611 2715 tandem
1660 2645 2065 2727 obtinenteS‚
2120 2668 2282 2715 cum
2331 2647 2559 2716 debito
2592 2647 2850 2717 honore
2898 2658 2963 2716 et
3012 2669 3121 2717 re-

583 2735 886 2804 verentia
918 2756 1075 2805 eum
1128 2734 1567 2805 reduxerunt.

670 2825 707 2910 ξ
754 2827 901 2896 31.
956 2828 1032 2892 In
1075 2825 1492 2925 Episcopatu
1547 2845 1671 2893 suo
1721 2823 1823 2891 vir
1876 2834 2157 2893 sanctus
2204 2824 2274 2891 in
2325 2845 2475 2892 eam
2543 2845 2785 2893 curam
2846 2845 3125 2914 semper

584 2912 922 2993 incubuit,
966 2924 1043 2981 ut
1087 2934 1163 2982 ex
1211 2913 1512 2982 veritatis
1558 2924 1622 2981 et
1671 2911 2181 2981 misericordiae
2218 2912 2639 3003 praescripto
2685 2913 2920 2982 omnia
2953 2912 3124 2981 fide-

585 2999 740 3069 liter
787 3012 851 3069 et
898 3013 1212 3071 accurate
1259 3012 1550 3090 gereret:
1605 3021 1732 3069 nec
1771 3000 2002 3070 minus
2064 3012 2289 3069 tamen
2328 3001 2658 3090 pristinae
2692 3003 2978 3070 vacabat
3012 3023 3123 3071 re·

585 3087 849 3179 ligioni,
905 3089 1116 3158 immo
1152 3111 1305 3158 vero
1357 3088 1618 3159 solicite
1669 3109 1753 3157 ne
1785 3088 2044 3158 alicubi
2096 3090 2162 3157 in
2211 3101 2343 3158 toto
2390 3089 2631 3159 ordine
2665 3090 3119 3159 Carthusiano

587 3188 982 3247 sanctarum
1050 3178 1560 3248 institutionum
1611 3176 1753 3246 sive
1817 3176 2402 3247 consuetudinum
2465 3178 2651 3268 rigor
2707 3178 3112 3278 langueret,

590 3263 811 3335 fervor
858 3278 1250 3355 tepesceret.
1306 3267 1400 3336 Ab
1433 3267 1583 3355 ejus
1620 3276 1798 3336 nutu
1835 3266 2224 3355 pendebant
2258 3266 2694 3338 Carthusiani
2732 3271 3027 3346 Priores,
3060 3280 3124 3336 et

592 3353 713 3423 illo
745 3353 1159 3438 moderante,
1194 3366 1428 3427 sancta
1461 3355 1732 3444 negotia
1771 3353 2338 3445 disponebantur.
2374 3355 2583 3424 Dabat
2617 3376 2771 3425 vero
2804 3376 3111 3447 operam,

595 3455 675 3512 ut
720 3444 952 3512 omnia
999 3443 1312 3535 religiose
1360 3456 1425 3513 et
1470 3464 1549 3512 ex
1598 3441 1874 3512 Ordinis
1922 3442 2233 3511 instituto
2280 3457 2482 3529 atque
2532 3443 2947 3534 praescripto
2992 3443 3118 3512 fie-

587 3543 760 3599 rent.
817 3532 1071 3601 Habuit
1115 3545 1342 3602 autem
1395 3552 1666 3620 semper
1719 3530 1945 3600 locum
1999 3553 2204 3601 suum
2247 3531 2316 3600 in
2355 3532 2580 3621 prima
2619 3532 2995 3613 Carthusia,
3049 3545 3117 3601 et

591 3618 660 3686 in
708 3640 789 3687 ea
836 3619 1085 3689 Cellam
1121 3642 1432 3700 vacuam,
1486 3620 1581 3689 ita
1625 3633 1705 3688 ut
1747 3641 1934 3688 unus
1963 3633 2142 3689 esset
2173 3643 2251 3689 ex
2291 3620 2400 3700 iis,
2438 3643 2611 3707 quos
2655 3621 3115 3690 habitatorum

591 3719 818 3778 certus
867 3717 1211 3778 numerus·
1246 3708 1669 3777 admittebat.
1710 3712 1784 3775 In
1836 3730 1916 3776 ea
1962 3720 2191 3778 autem
2242 3708 2422 3778 Cella
2467 3731 2670 3799 saepe
2719 3709 2975 3779 morari
3004 3729 3111 3777 so-

591 3794 795 3875 lebat,
846 3818 1003 3865 cum
1054 3809 1230 3868 esset
1277 3810 1628 3887 pertaesus
1662 3796 2088 3887 negotiorum
2128 3796 2635 3897 temporalium,
2700 3810 2776 3867 ut
2822 3796 2964 3867 illie
3014 3817 3113 3864 re-

594 3896 854 3953 crearet
920 3885 1242 3976 spiritum
1291 3907 1522 3965 suum,
1585 3906 1722 3954 non
1775 3884 2093 3975 Episcopi
2155 3897 2603 3975 majestatem,
2660 3885 2781 3956 sed
2834 3884 3117 3956 humilis

587 3973 908 4042 monachi
971 3973 1463 4063 subjectionem
1515 3996 1677 4064 prae
1746 3996 1818 4044 se
1882 3971 2130 4042 ferens.
2200 3974 2571 4043 Recreabat
2627 3987 2855 4044 autem
2918 3995 3069 4045 sese
3102 4030 3117 4053 ,

598 4082 732 4131 non
773 4061 1087 4131 ciborum
1138 4061 1444 4142 lautitiis,
1499 4063 1617 4133 sed
1659 4061 1947 4151 jejuniis
1986 4076 2050 4132 et
2100 4063 2456 4151 precibus:
2512 4085 2647 4131 non
2701 4084 2943 4133 somno
3016 4061 3119 4131 vel

589 4149 877 4232 desidia,
946 4149 1063 4219 sed
1128 4150 1381 4250 vigiliis
1436 4163 1501 4220 et
1570 4151 1826 4220 sanctis
1873 4150 2249 4220 exercitiis:
2331 4173 2465 4221 non
2541 4150 2940 4222 rumoribus
3002 4161 3123 4220 aut

590 4237 843 4309 fabulis
904 4237 1005 4309 vel
1058 4239 1343 4308 musicis
1391 4239 1866 4309 instrumentis
1940 4251 2006 4308 et
2053 4239 2663 4321 modulationibus,
2735 4239 2851 4309 sed
2904 4239 3121 4309 sacris

641 4401 669 4429 ⁸
695 4402 762 4442 De
781 4411 836 4442 co
857 4399 1021 4442 surius
1039 4400 1139 4442 Vol.
1158 4400 1212 4448 V,
1228 4411 1272 4450 p.
1291 4402 1382 4441 215.

646 4451 702 4484 ¹·
728 4456 852 4495 Haec
871 4456 1079 4505 protecto
1099 4456 1155 4496 nd
1177 4455 1363 4496 laudem
1382 4455 1426 4496 8.
1446 4451 1662 4504 xpi-copi
1684 4453 1876 4496 minime
1895 4453 2157 4495 conterunt.
