3357 4995
658 324 788 388 246
1403 340 1482 386 nr
1531 341 1585 386 s.
1641 340 1934 389 atanarico
1982 338 2280 388 Episcopo
2802 321 3022 386 JUNII
3072 324 3112 386 8

663 433 700 507 ἓ
753 430 912 497 29.
967 430 1124 493 Erat
1193 423 1532 512 siquidem
1583 424 1673 492 in'
1707 447 1793 515 pa
1843 446 1883 493 o
1949 425 2401 494 Cenomanico
2440 425 2474 457 ³*
2519 423 2867 510 quoddam
2920 446 3115 514 prae—

572 515 790 595 dium,
826 512 1011 601 quod
1050 535 1163 583 rex
1214 513 1603 602 Sigebertus
1650 515 1801 604 ejus
1852 535 1960 583 em
2011 513 2406 582 aedificator
2444 513 2793 584 ecclesiae.
2830 512 2912 580 ad
2961 512 3112 600 ejus

570 627 778 691 quam
837 603 934 671 ibi
983 603 1269 671 Domino
1308 624 1395 693 ag
1445 603 2414 692 regaverat,.’congregationis
2457 601 2849 670 firmaverat
2893 601 3111 670 domi-

571 693 790 762 nium.
847 691 1211 761 Praedium
1246 689 1372 760 illu
1454 690 1810 761 Madvallis
1866 690 2247 771 dicebatur,
2304 714 2381 760 ex
2430 691 2823 760 Britannica
2874 689 3109 757 videli-

570 794 674 851 cet
719 795 784 849 et
832 780 1042 849 latina
1090 779 1329 869 lingua
1377 780 1657 849 nomine
1686 780 2089 870 composito,
2124 780 2304 866 quod
2358 779 2537 848 bona
2587 779 2809 859 vallis,
2872 791 3104 847 nostro

571 869 830 941 scilicet
890 883 956 938 et
1016 873 1362 937 Romanae
1410 868 1689 958 linguae
1729 868 1996 958 vulgari
2061 881 2278 958 potest
2330 867 2755 957 interpretari
2809 867 3104 953 eloquio.

563 958 972 1028 'Madvallem
1025 958 1253 1044 itaque
1282 956 1498 1036 illam,
1536 957 1603 1024 id
1645 971 1769 1036 est,
1825 959 2075 1027 bonam
2109 957 2381 1036 vallem,
2422 956 2587 1043 quia
2620 956 2859 1025 multis
2887 956 3109 1023 abun-

571 1047 778 1117 dabat
816 1046 1175 1125 reditibuS‚
1211 1045 1358 1136 ipse
1407 1045 1536 1117 sibi
1568 1046 2040 1115 Warinbertus
2074 1047 2159 1113 ad
2193 1045 2646 1135 perditionem
2678 1067 2873 1114 suam
2908 1066 3111 1112 usur-

573 1151 870 1237 paverat,
923 1147 990 1203 et
1018 1157 1097 1204 ex
1146 1145 1281 1203 toto
1331 1135 1681 1223 neglectiS,
1737 1137 1914 1204 sicut
1946 1134 2271 1216 diximus,
2326 1133 2656 1203 fratribus
2705 1133 2866 1221 illis,
2911 1132 3112 1201 villae

572 1225 764 1294 illius
811 1244 1061 1294 census
1110 1223 1256 1292 suis
1304 1222 1550 1292 usibus
1600 1225 2062 1313 mancipabat.
2118 1223 2441 1293 Gemebat
2489 1228 2554 1290 S.
2598 1222 2896 1290 Medardi
2939 1243 3108 1312 pau-

573 1336 695 1404 per
726 1312 1188 1403 congregatiO,
1244 1313 1408 1398 quia
1445 1313 1628 1398 quod
1664 1334 1902 1381 eorum
1952 1326 2096 1381 erat
2125 1312 2370 1381 usibus
2402 1312 2836 1401 deputatum,
2873 1323 3110 1378 contra

573 1403 975 1472 canonicam
1028 1400 1526 1470 institutionem
1587 1407 1763 1469 mate
1823 1401 2339 1489 dilapidabatur
2387 1400 2455 1468 in
2493 1400 2876 1489 Episcopio.
2934 1404 3112 1480 Qua-

572 1490 730 1559 dam
783 1492 1010 1576 itaque
1058 1489 1190 1569 die,
1243 1510 1401 1557 cuin
1454 1489 1836 1559 secundum
1887 1489 2457 1559 consuetudinem
2523 1488 2606 1556 de
2666 1488 2943 1578 praedio
2995 1487 3111 1556 illo

573 1580 881 1670 plaustra
919 1592 1188 1654 onusta,
1243 1589 1318 1646 ut
1365 1578 1691 1657 diximuS,
1746 1577 1831 1646 ad
1885 1578 2214 1676 palatium
2267 1577 2655 1667 episcopale
2686 1576 3112 1645 deduceren-

575 1683 708 1749 tur,
763 1679 1110 1758 comperta
1159 1667 1400 1735 fratres
1450 1667 1551 1734 illi
1587 1668 1903 1756 Episcopi
1951 1666 2283 1745 absentia,
2331 1665 2645 1735 vehicula
2694 1664 2835 1744 illa,
2876 1679 3111 1754 utpote
3199 1676 3204 1681 '

574 1778 751 1843 quae
785 1757 892 1828 sui
941 1768 1136 1825 erant
1176 1755 1381 1840 juris,
1421 1756 1504 1823 ad
1558 1755 1780 1824 sancti
1826 1754 2167 1827 Praesulis
2215 1755 2545 1824 divertere
2592 1756 2964 1842 coegerunt
3000 1775 3111 1821 ec-

574 1846 878 1927 clesiam,
935 1867 1069 1913 non
1105 1843 1544 1934 diffugientes
1595 1866 1716 1933 pro
1768 1843 2161 1913 defensione
2202 1843 2512 1930 justitiae
2559 1843 3010 1932 corporalem,
3054 1842 3111 1909 si

574 1956 849 2021 quoquo
883 1933 1086 2002 modo
1135 1933 1524 2013 inferretur,
1562 1934 1901 2002 sustinere
1950 1933 2357 2002 molestiam.
2398 1936 2531 2001 Sua
2565 1954 2728 2021 ergo
2753 1953 2911 2000 cum
2966 1931 3112 1999 suis

577 2023 1043 2112 reposuissent
1089 2022 1156 2090 in
1210 2022 1703 2112 promptuariis
1733 2077 1747 2100 ,
1803 2022 2219 2090 sanctissimi
2271 2020 2447 2090 servi
2499 2021 2613 2088 Dei
2665 2019 2965 2088 Medardi
3020 2018 3115 2086 la-

473 2157 490 2174 .
576 2111 1045 2200 crymabiliter
1092 2110 1525 2179 solicitabant
1574 2111 1839 2191 merita,
1877 2121 2218 2197 quatenus
2265 2123 2384 2179 aut
2430 2108 2580 2264 eius
2629 2107 3115 2178 intercessione

575 2200 999 2270 furibundus
1035 2198 1164 2267 ille
1213 2201 1488 2268 invasor
1535 2198 1946 2289 placaretur,
2013 2213 2134 2267 aut
2177 2199 2325 2285 ejus
2373 2199 2457 2267 de
2483 2198 2769 2267 'ensione
2824 2197 2911 2265 ab
2965 2197 3116 2285 ejus

576 2301 1096 2379 protegerentur
1141 2288 1438 2358 insania.
1495 2289 1916 2357 Verebantur
1963 2286 2331 2374 siquidem,
2358 2286 2539 2373 quod
2578 2307 2711 2355 non
2756 2284 3116 2375 postmul-

575 2391 720 2460 tum
763 2376 1210 2465 provenisset,
1253 2376 1390 2445 nisi
1446 2377 1665 2466 gratia
1714 2376 1944 2445 divina
2007 2376 2265 2464 lugenti
2318 2397 2483 2444 suae
2531 2374 2833 2444 familiae
2883 2375 3115 2464 propi·
3224 2431 3233 2438 ,

575 2466 795 2536 tiabili
831 2465 1196 2536 clementia
1244 2465 1697 2537 subvenisset.
2266 2502 2271 2509 ,

665 2558 699 2642 ξ
746 2559 918 2627 31).
977 2560 1058 2624 Ut
1108 2556 1293 2623 enim
1344 2554 1424 2623 ad
1491 2554 1809 2644 Episcopi
1855 2554 2038 2641 quod
2090 2554 2342 2623 factum
2386 2568 2529 2624 erat
2581 2554 2885 2643 pervenit
2932 2551 3108 2619 noti-

577 2645 768 2723 tiam,
822 2665 957 2712 non
1019 2655 1391 2713 retractans
1442 2644 1942 2712 institutionem
1992 2644 2420 2723 canonicam,
2477 2665 2601 2711 nec
2651 2642 2980 2711 reveritus
3004 2641 3117 2729 ju-

578 2731 894 2824 diciale—m
934 2732 1047 2801 Dei
1097 2732 1529 2823 sententiam,
1583 2754 1742 2801 cum
1787 2731 2085 2802 fustibus
2131 2746 2195 2800 et
2243 2731 2518 2822 gladiis,
2561 2753 2695 2800 non
2738 2731 2883 2819 jam
2922 2750 3116 2818 prae-

579 2822 783 2900 latus,
845 2841 1077 2889 verum
1131 2821 1232 2889 vir
1281 2822 1774 2910 sanguinarius
1821 2820 1906 2889 ad
1958 2822 2176 2910 ipsam
2232 2825 2299 2888 B.
2341 2819 2639 2898 Medardi
2689 2841 2846 2889 cum
2899 2817 3116 2885 multo

581 2910 946 2999 superbiae
991 2908 1196 2989 fastu,
1250 2931 1409 2979 cum
1453 2909 1767 2979 indoctae
1825 2909 2046 2998 plebis
2094 2923 2433 2979 conventu
2481 2910 2695 2977 ausu's
2742 2920 2843 2976 est
2876 2926 3119 2995 prope-

585 3020 736 3066 rare
762 2997 1146 3067 basilicam.
1181 3003 1487 3084 Cumque
1509 2999 1959 3067 irreverenter
1992 2998 2373 3067 sanctuarii·
2398 2999 2621 3088 regias
2648 3006 3111 3073 concuterent,

578 3107 830 3173 eosque
878 3086 998 3172 qui
1033 3108 1154 3176 pro
1209 3086 1567 3157 subitanea
1617 3100 2110 3156 tormentorum
2161 3087 2647 3176 expectatione,
2701 3084 2962 3153 aditum
2998 3082 3119 3150 ob-

577 3187 989 3254 struxerant,
1021 3175 1667 3274 exprobrationibus
1715 3174 2232 3244 contumeliosis
2260 3176 2758 3262 insequeretur,
2792 3170 3116 3242 furibun-

576 3264 710 3332 dus
749 3264 894 3352 ipse
914 3263 1228 3352 ’pontifex
1281 3286 1399 3353 per
1458 3264 1766 3333 medium
1805 3284 2042 3333 eorum
2095 3265 2512 3354 irrumpens,
2551 3274 3118 3354 praesumptuose

582 3351 794 3420 nimis
839 3365 902 3420 et
934 3374 1091 3421 cum
1147 3352 1360 3422 multa
1389 3352 1715 3442 superbia
1761 3352 2139 3421 excruciari
2174 3353 2491 3422 custodes
2528 3353 2946 3427 minabatur,
2982 3349 3117 3418 nisi

577 3440 714 3510 cito
761 3441 892 3509 sibi
915 3441 1170 3530 januae
1218 3442 1673 3532 aperirentur.
1722 3444 1797 3509 In
1834 3454 1970 3510 tam
2004 3441 2410 3510 imminente
2444 3441 2685 3510 mortis
2716 3437 3118 3507 discrimine

581 3530 756 3600 servi
800 3529 912 3598 Dei
963 3542 1346 3610 trementeS,
1403 3535 1532 3599 Deo
1581 3542 1643 3598 et
1678 3534 1743 3597 S.
1781 3528 2100 3598 Medardo
2152 3551 2284 3598 non
2328 3531 2475 3599 sine
2512 3528 2726 3597 multa
2779 3528 3118 3616 lacryma-

581 3640 735 3687 rum
790 3618 1186 3708 profusione
1238 3620 1508 3688 animas
1556 3640 1720 3688 suas
1780 3618 2289 3703 commendant,
2342 3631 2410 3688 et
2456 3618 2554 3689 sic
2588 3617 2921 3686 divinitus
2969 3615 3120 3683 ani-

580 3707 769 3788 mati,
825 3707 1076 3797 aperiri
1118 3707 1507 3777 furentibus
1555 3706 1697 3777 illis
1735 3706 1985 3795 jubent
2042 3706 2427 3776 ecclesiam.
2485 3712 2632 3775 Mox
2677 3704 2916 3773 infelix
2966 3704 3121 3793 Epi-

578 3817 829 3886 scopus
882 3796 1232 3886 ingressus
1284 3796 1806 3875 monasterium,
1844 3808 1922 3865 ut
1968 3818 2127 3865 eurn
2168 3797 2290 3882 qui
2339 3796 2473 3866 sibi
2514 3806 2901 3884 aperuerat,
2958 3814 3121 3882 prae

578 3884 794 3967 nimio
843 3886 1086 3954 timore
1142 3906 1343 3954 secus
1393 3884 1649 3972 Januas
1769 3905 1922 3954 erce
1974 3885 2026 3953 it
2071 3884 2490 3965 delitescere,
2559 3897 2693 3952 tam
2747 3881 2971 3950 valide
3018 3880 3122 3949 illi

575 3972 928 4055 baculum,
986 3994 1190 4060 quem
1261 3994 1476 4041 manu
1519 3986 1709 4063 gesta
1761 3987 1851 4054 at,
1906 3973 2102 4042 ilisit
2149 3973 2218 4041 in
2268 3974 2512 4063 capite,
2566 3985 2642 4041 ut
2691 3993 2865 4060 pene.
2902 3983 3116 4038 totum

577 4063 728 4149 ejus
767 4063 1251 4132 vestimentum
1302 4061 1680 4130 exundanti
1748 4073 2223 4131 cruentaretur
2271 4062 2633 4152 sanguine.
2689 4060 3124 4147 stupefactus

575 4150 784 4220 frater
831 4163 897 4220 et
930 4171 1102 4240 pene
1148 4148 1500 4231 decidens.
1556 4151 1640 4219 ad
1691 4155 1905 4220 Deum
1956 4151 2353 4240 suspiravit,
2420 4163 2486 4221 et
2539 4150 2600 4220 ei
2648 4147 3125 4235 querimoniae

579 4240 787 4328 hujus
821 4260 1129 4318 causam,
1193 4260 1353 4308 cum
1396 4239 1595 4308 aliter
1643 4261 1780 4308 non
1816 4254 2307 4329 praesumeret,
2363 4239 2607 4308 intimo
2655 4236 2887 4307 cordis
2935 4258 3125 4305 mur-

580 4349 776 4398 mure
812 4326 1350 4416 lacrymabiliter
1381 4327 1911 4398 commendavit.
1966 4327 2259 4397 Audiant
2294 4327 2566 4418 tyranni
2600 4347 2955 4395 servorum
3008 4324 3123 4392 Dei

631 4447 657 4473 ⁸
687 4444 810 4487 Gau.
829 4446 1181 4497 hey-du-Maine.
