3357 4995
667 313 790 377 tot
1286 331 1363 377 na
1411 330 1466 378 s.
1521 331 1785 388 ommno
1832 331 2031 381 muse.
2084 332 2160 380 nr
2207 332 2399 379 mar.
2814 314 3033 380 JUNII
3083 317 3124 381 4

578 408 714 479 diis
780 411 1080 481 serviens
1158 408 1557 500 perfruaris.
1633 436 1669 478 »
1745 417 1991 483 Beatus
2062 411 2395 494 Quirinus
2459 412 2839 502 Episcopus
2913 411 3122 484 dixit:

582 521 621 566 ε(
652 499 831 581 Quid
877 499 962 568 de
1009 510 1222 569 aetate
1254 498 1554 581 dubitaS,
1610 523 1820 588 quam
1873 501 2182 571 Christus
2223 498 2622 572 inviolatam
2672 500 2957 571 reddere
2999 522 3130 592 po-

580 599 732 667 test,
784 588 1109 660 omnibus
1157 588 1524 678 suppliciis
1552 590 1949 660 fortiorem?
1995 594 2127 660 Nec
2180 588 2537 660 tormentis
2584 588 2927 680 frangitur
2971 612 3130 661 mea

581 675 938 756 confessio,
996 698 1123 747 nec
1155 677 1329 746 vitae
1431 678 1761 748 raesentis
1790 678 2238 749 delectatione
2263 677 2657 768 corrigitur,
2715 699 2839 748 nec
2879 678 3130 750 timore

582 763 822 836 mortis
867 766 1185 853 quamvis
1214 787 1370 835 acer
1420 787 1498 835 ae
1529 767 1781 838 mentis
1829 788 2019 838 meae
2065 765 2377 837 soliditas
2408 768 2872 857 perturbatur.
2912 792 2938 831 n

668 857 707 941 ἓ
754 860 846 925 6.
900 854 1257 925 Amantius
1302 860 1583 926 Praeses
1613 855 1814 926 dicit:
1870 860 2065 926 «Cur
2112 856 2378 926 instans
2417 876 2492 926 es
2537 855 2625 925 ad
2676 867 2993 939 mortem,
3051 869 3130 927 ut

583 941 719 1012 diis
766 944 1055 1013 Romani
1116 944 1399 1032 Imperii
1446 966 1783 1037 appareas
1841 944 2202 1015 indevotus
2231 999 2248 1025 ,
2299 956 2367 1015 et
2423 951 2678 1015 contra
2728 943 3126 1015 humanum

586 1052 844 1101 morem
886 1032 1096 1102 vitam
1138 1031 1263 1102 tibi
1307 1033 1395 1102 eli
1446 1055 1523 1105 as
1555 1032 2060 1124 denegandam,
2112 1033 2283 1104 dum
2334 1033 2408 1103 hi
2454 1033 2577 1120 qui
2609 1032 2895 1104 evadere
2938 1055 3130 1104 mor-

583 1133 717 1188 tem
785 1143 871 1190 cu
925 1120 1099 1200 iunt‚
1156 1141 1375 1210 negan
1429 1143 1469 1191 o
1527 1145 1709 1211 quae
1755 1134 2138 1211 gesserunt,
2193 1135 2530 1194 tormenta
2585 1121 2976 1193 deludunt?
3024 1128 3132 1194 Tu

585 1221 811 1278 autem
904 1210 1028 1278 icis
1075 1208 1251 1278 vitae
1298 1222 1452 1281 tuae
1481 1209 1923 1281 dulcedinem
1953 1211 2268 1291 otiosam,
2319 1223 2388 1280 et
2431 1209 2726 1281 festinus
2772 1212 3001 1283 curris
3035 1212 3128 1281 ad

586 1309 898 1378 mortem,
937 1299 1475 1396 Imperatoribus
1524 1299 1963 1370 contradicis.
2017 1305 2298 1391 Propter
2336 1299 2519 1387 quod
2577 1299 2807 1369 adhuc
2856 1312 2921 1369 te
2966 1299 3132 1369 hor·

587 1398 836 1465 tamur,
892 1398 969 1456 ut
1014 1408 1224 1467 vivaS,
1277 1401 1340 1456 et
1374 1389 1580 1464 vitam
1632 1400 1821 1459 tuam
1874 1387 2198 1465 redimas,
2248 1400 2316 1457 et
2361 1385 2694 1458 cultorem
2741 1400 2805 1457 te
2853 1387 3130 1478 legibus

585 1474 914 1543 Romanis
944 1474 1329 1544 exhibeas»
1358 1477 1690 1558 Quirinus
1720 1477 2100 1568 Episcopus
2130 1476 2342 1547 dixit:
2383 1500 2418 1543 «
2438 1476 2770 1547 Allocutio
2802 1477 2931 1546 ista
2954 1476 3134 1548 forte

586 1564 812 1631 flectat
856 1564 1127 1635 animos
1174 1564 1448 1648 senileS,
1499 1566 1622 1654 qui
1669 1565 2002 1656 longioris
2049 1564 2228 1635 vitae
2287 1564 2510 1655 spatia
2548 1566 2926 1655 suspirant.
2981 1570 3125 1656 Ego

586 1663 814 1719 autem
863 1651 1076 1722 didici
1129 1675 1168 1721 a
1232 1657 1364 1723 Deo
1402 1675 1578 1734 meo,
1630 1668 1710 1725 ut
1755 1654 2041 1725 debeam
2094 1653 2181 1724 ad
2235 1653 2430 1724 illam
2487 1653 2701 1725 vitam
2769 1656 3144 1743 pervenire

585 1761 761 1825 quae
820 1753 971 1828 post
1030 1754 1341 1822 mortem,
1408 1744 1649 1813 mortis
1700 1744 1851 1832 jam
1911 1742 2352 1815 intercisione
2411 1764 2546 1814 non
2603 1742 2997 1813 clauditur:
3065 1757 3131 1814 et

584 1827 738 1898 ideo
786 1828 868 1899 ad
935 1829 1378 1919 temporalem
1441 1832 1653 1921 hujus
1707 1831 1884 1902 vitae
1945 1832 2319 1902 terminum
2367 1830 2596 1902 fidelis
2643 1830 2918 1901 accedo.
2980 1836 3125 1902 Non

585 1917 770 1987 enim
821 1916 1070 1987 similis
1117 1940 1272 1988 sum
1303 1921 1690 2002 noxiorum,
1723 1920 1903 1991 sicut
1942 1933 2239 2011 potestas
2265 1933 2381 1990 tua
2413 1920 2742 2008 loquitur.
2796 1920 2906 1989 Illi
2932 1921 3128 1992 enim

585 2004 753 2075 dum
789 2006 1009 2076 vivere
1069 2007 1380 2096 cupiunt,
1436 2008 1753 2100 negando
1804 2014 2018 2079 Deum
2065 2031 2219 2079 vere
2269 2009 2683 2080 moriuntur.
2725 2013 2863 2100 Ego
2893 2023 3130 2080 autem

586 2093 672 2162 ad
722 2089 1187 2165 aeternitatem
1258 2098 1430 2166 vitae
1483 2097 1874 2168 confitendo
1929 2099 2287 2188 pervenio:
2359 2119 2485 2169 nec
2541 2098 2784 2168 vestris
2852 2097 3130 2188 legibus

585 2185 968 2270 acquiesco,
1023 2185 1187 2271 quia
1234 2185 1477 2256 Christi
1531 2186 1649 2255 Dei
1697 2187 1832 2256 mei
1880 2186 2188 2345 legitima
2239 2208 2418 2275 quae
2473 2185 2801 2257 fidelibus
2831 2187 3130 2276 ,praedi-

585 2273 755 2353 cavi,
793 2272 1171 2344 custodio.»
1208 2276 1567 2346 Amantius
1612 2280 1894 2348 Praeses
1995 2275 2148 2345 ixit:
2183 2275 2356 2345 «Diu
2404 2287 2467 2346 te
2522 2274 2608 2345 ad
2655 2273 3128 2348 obedientiam

583 2361 921 2451 regalium
972 2375 1490 2462 praeceptorum
1524 2362 1861 2434 inclinare
1890 2363 2264 2444 voluimus,
2311 2364 2430 2435 sed
2460 2364 2626 2452 quia
2659 2363 2886 2453 rigore
2935 2386 3132 2434 men·

586 2450 672 2520 tis
731 2449 1000 2522 domari
1049 2473 1182 2523 non
1234 2452 1540 2543 potuisti,
1594 2452 1731 2523 eris
1777 2453 1850 2523 in
1898 2453 2290 2543 exemplum
2327 2453 2657 2524 omnium
2707 2451 3130 2525 Christiano-

587 2561 774 2621 rum,
829 2554 906 2610 ut
951 2540 1240 2611 formam
1314 2553 1471 2612 tuae
1529 2542 1767 2612 mortis
1826 2542 1948 2631 qui
1996 2542 2220 2613 vivere
2256 2542 2554 2632 cupiunt
2597 2553 3128 2632 expavescant.»

582 2633 769 2699 Tunc
831 2631 1007 2699 inter
1039 2643 1341 2700 caeteras
1376 2652 1551 2717 quas
1584 2631 1867 2722 pertulit
1945 2631 2279 2712 assiones,
2322 2631 2538 2721 jussit
2575 2642 2812 2701 sancto
2862 2631 2983 2701 Dei
3015 2653 3129 2701 sa·

582 2719 839 2788 cerdoti
907 2718 1008 2787 vel
1058 2718 1317 2789 famulo
1367 2719 1621 2789 molam
1671 2719 1759 2789 ad
1816 2742 1895 2792 co
1927 2719 2074 2791 lum
2123 2719 2361 2812 ligari,
2424 2731 2492 2790 et
2542 2718 2734 2790 unda
2785 2719 3127 2811 demergi.

584 2810 887 2893 Cumque
936 2807 1019 2876 de
1076 2820 1280 2897 ponte
1315 2808 1806 2899 praecipitatus
1855 2809 2099 2880 fuisset
2148 2810 2219 2879 in
2254 2807 2571 2890 fluvium,
2625 2819 2694 2878 et
2735 2807 3132 2879 diutissime

583 2905 1081 2984 supernataret,
1145 2907 1209 2966 et
1255 2918 1412 2965 cum
1456 2898 1931 2987 spectantibus
1981 2897 2252 2968 locutus
2297 2909 2422 2980 est,
2478 2918 2565 2966 ne
2613 2919 2740 2981 suo
2787 2908 3131 2967 terreren-

584 2998 697 3053 tur
727 2983 1061 3073 exemplo,
1102 2984 1210 3053 vix
1248 3006 1454 3055 orans
1487 2998 1563 3056 ut
1594 2998 2020 3077 mergeretur
2064 2986 2385 3057 obtinuit.
2423 2985 2636 3074 Cujus
2667 3006 2945 3076 corpus,
2985 3007 3129 3057 non

582 3072 784 3161 longe
838 3073 926 3142 ab
973 3072 1209 3142 eodem
1263 3072 1409 3146 loco
1475 3075 1598 3145 ubi
1645 3075 2044 3145 demersum
2101 3074 2347 3156 fuerat,
2399 3074 2756 3144 inventum
2802 3086 2946 3145 est:
3000 3076 3129 3147 ubi

581 3161 783 3229 etiam
837 3159 1031 3243 locus
1076 3162 1405 3233 orationis
1442 3163 1758 3235 habetur.
1798 3163 1925 3233 Sed
1957 3163 2188 3253 ipsum
2239 3175 2555 3234 sanctum
2606 3184 2860 3253 corpus
2902 3163 2974 3231 in
2999 3163 3130 3233 ba-

584 3248 782 3319 silica
840 3250 927 3318 ad
985 3251 1589 3324 Scarabentensem
1639 3264 1905 3342 portam
1956 3265 2060 3321 est
2103 3252 2518 3343 depositum,
2573 3251 2696 3321 ubi
2745 3252 2964 3342 major
3021 3266 3148 3325 est.

582 3358 708 3427 pro
741 3339 1004 3409 meritis
1032 3340 1185 3430 ejus
1216 3339 1600 3429 frequentia
1630 3339 2072 3430 procedendi.
2108 3347 2361 3413 Passus
2397 3351 2500 3411 est
2521 3340 2764 3412 beatus
2788 3340 3128 3422 Quirinus

580 3427 964 3517 Episcopus
1013 3429 1429 3509 sciscianus,
1491 3441 1753 3517 martyr
1802 3428 2073 3511 Christi,
2137 3430 2269 3500 sub
2322 3428 2435 3499 die
2495 3428 2718 3520 pridie
2773 3433 3127 3500 Nonarum

580 3515 974 3598 Iuniarum,
1028 3528 1094 3587 et
1153 3531 1520 3588 coronatus
1580 3530 1684 3588 est
1729 3539 1771 3587 a
1825 3519 2112 3591 Domino
2161 3530 2392 3589 nostro
2437 3523 2605 3588 Jesu
2665 3517 2954 3600 ChristO,
3008 3518 3128 3589 cui

581 3603 801 3675 honor
846 3619 913 3675 et
968 3606 1190 3697 gloria
1243 3618 1308 3676 et
1354 3617 1652 3697 potestas
1698 3606 1770 3676 in
1820 3606 2099 3678 saecula
2131 3607 2593 3688 saeculorum,
2646 3610 2887 3676 Arnen.

669 3695 705 3779 ἓ
750 3698 827 3765 2.
883 3700 1082 3765 Facta
1128 3706 1357 3765 autem
1391 3695 1789 3766 incursione
1835 3697 2295 3766 Barbarorum
2329 3697 2398 3764 in
2441 3707 2669 3786 partes
2701 3695 3120 3775 Pannoniae,

582 3782 881 3871 populus
914 3783 1344 3856 Christianus
1391 3782 1477 3853 de
1525 3784 1999 3856 Scarabatensi
2049 3785 2224 3855 urbe
2271 3790 2559 3857 Romam
2615 3782 2913 3874 fugie'nS,
2968 3804 3128 3854 san-

580 3882 767 3940 ctum
817 3892 1070 3962 corpus
1117 3871 1389 3954 Quirini
1437 3872 1761 3964 Episcopi
1814 3885 1880 3943 et
1925 3874 2245 3963 martyris
2292 3873 2653 3944 afferentes
2706 3893 2942 3945 secum
3009 3872 3126 3942 de-

578 3958 944 4030 duxerunt.
1000 3966 1214 4044 Quem
1255 3960 1365 4030 via
1396 3960 1614 4051 Appia
1660 3961 1989 4033 milliario
2036 3965 2233 4033 tertio
2261 3962 2682 4052 sepelierunt
2729 3961 2798 4030 in
2836 3960 3127 4031 basilica

576 4048 1051 4137 Apostolorum
1082 4048 1261 4119 Petri
1286 4061 1350 4119 et
1388 4047 1608 4131 Pauli,
1662 4052 1790 4122 ubi
1827 4050 2203 4140 aliquando
2239 4052 2637 4142 jacuerunt,
2666 4061 2733 4119 et
2761 4049 2886 4120 ubi
2917 4054 2985 4119 S.
3014 4054 3128 4119 Se-

580 4137 943 4207 bastianus
988 4151 1251 4227 martyr
1286 4138 1532 4209 Christi
1566 4140 1956 4228 requiescit,
2002 4140 2075 4210 in
2112 4139 2439 4228 loco-qui
2484 4136 2746 4210 dicim}
2799 4137 2884 4208 ad
2930 4141 3125 4209 Cata-

580 4225 903 4294 cumbas:
958 4225 1400 4299 aedificantes
1448 4228 1717 4299 nomini
1772 4229 1925 4317 ejus
1971 4228 2256 4320 dignam
2304 4228 2692 4309 ecclesiam,
2745 4226 2878 4301 ubi,
2930 4248 3125 4316 prae-

582 4324 852 4383 stantur
879 4313 1207 4385 beneficia
1245 4317 1419 4407 ejus,
1473 4338 1697 4405 usque
1746 4318 1815 4388 in
1852 4317 2266 4388 hodiernum
2317 4316 2500 4405 diem
2525 4317 2585 4384 ²⁵.

653 4421 685 4456 ’⁸¹
724 4420 1111 4503 ibiquesfflls.
1157 4424 1519 4488 Vaticanum
1561 4424 1756 4503 addit)
1800 4424 2153 4489 venerabile
2179 4440 2397 4504 corpus
2437 4426 2568 4503 ejus
2609 4424 2714 4488 diu
2756 4422 2974 4498 latuit:
3018 4421 3122 4486 sed
