3357 4995
229 356 451 422 JUNII
500 358 583 419 25
943 376 1020 421 na
1068 375 1125 421 s.
1177 376 1489 424 ranaomA
1538 376 1707 424 vute.
1763 375 1838 422 ET
1885 376 2075 423 mar.
2561 361 2690 425 547

229 454 601 524 Febroniae
633 453 882 534 afferri,
942 455 1175 524 animo
1227 455 1578 534 deficiens,
1635 456 1701 525 in
1756 456 1980 526 solum
2043 457 2289 527 cecidit
2348 458 2435 525 ad
2505 458 2776 528 Hieriae

228 542 459 632 pedes.
511 547 696 625 Quae
748 565 906 612 voce
940 564 1191 633 magna
1222 546 1511 615 emissa:
1550 550 1725 613 «Vae
1754 546 1948 625 mihi,
2004 546 2251 633 inquit,
2295 546 2626 616 Febronia
2663 571 2774 616 so-

229 654 365 712 ror,
421 654 540 701 vae
586 631 779 712 mihi,
847 632 1177 722 magistra
1244 655 1441 714 mea,
1493 636 1823 722 quoniam
1888 647 2037 725 post
2109 636 2234 704 hac
2298 635 2609 704 doctrina
2661 649 2779 703 tua

229 722 493 811 privata
540 721 753 789 fuero.
810 725 952 790 Non
984 721 1209 791 solum
1243 737 1470 793 autem
1524 738 1583 794 te
1617 724 1845 803 amisi,
1901 724 2014 794 sed
2053 724 2258 793 etiam
2292 724 2768 794 Thomaidem.

227 816 324 879 En
355 822 418 880 et
454 811 604 899 ipsa
641 811 743 878 tui
776 813 983 879 causa
1013 812 1372 881 moritur.»
1402 818 1563 882 Cum
1605 824 1834 881 autem
1868 813 2135 881 Hieriae
2176 835 2408 882 vocem
2445 814 2778 883 Febronia

216 901 457 990 jacens
506 900 576 966 in
608 898 753 968 solo
792 899 1191 980 audivisset,
1238 902 1499 991 rogavit
1548 901 1826 981 militeS‚
1861 914 1935 971 ut
1961 924 2213 988 aquam
2255 903 2324 969 in
2376 902 2776 972 Thomaidis

222 988 467 1058 faciem
520 1001 980 1078 aspergerent,
1018 1010 1155 1076 quo
1210 991 1523 1060 animum
1575 990 1898 1080 colligere
1948 1006 2194 1080 posset.
2251 991 2494 1059 Milites
2544 991 2774 1061 statim

220 1099 476 1164 aquam
511 1076 909 1154 attulerunt,
946 1100 1154 1163 quam
1189 1101 1347 1149 cum
1390 1082 1457 1146 in
1510 1080 1659 1169 ejus
1710 1079 1950 1148 faciem
1995 1079 2475 1169 aspersissent‚
2522 1079 2636 1148 illa
2687 1080 2774 1147 ad

221 1189 295 1235 se
347 1165 570 1236 rediit.
626 1170 813 1235 Tunc
860 1166 1080 1234 Judex
1113 1166 1283 1236 dixit
1317 1168 1726 1237 Febroniae:
1791 1168 2390 1250 «Qualisnamtibi
2421 1170 2608 1238 visus
2643 1182 2769 1248 est,

224 1256 582 1332 Febronia,
636 1255 904 1345 primus
932 1255 1330 1411 (palaestrae
1355 1279 1769 1346 congressus
1793 1261 1861 1325 5²»
1918 1263 2087 1325 Tum
2142 1257 2282 1325 illa:
2324 1261 2473 1325 «Ex
2521 1259 2768 1346 prim0‚

220 1345 470 1432 inquit,
516 1364 894 1432 congressu
983 1343 1233 1413 idicisti
1270 1367 1377 1414 me
1411 1345 1732 1414 invictam
1777 1367 1947 1422 esse,
1983 1357 2047 1413 et
2090 1358 2423 1414 tormenta
2455 1359 2570 1414 tua
2605 1369 2774 1413 eon-

221 1447 598 1502 temnere.»
636 1433 754 1501 His
804 1433 1082 1508 auditis,
1140 1434 1424 1504 Selenus
1472 1435 1684 1503 dixit:
1725 1439 1842 1501 «ln
1877 1434 2062 1533 ligno
2101 1434 2288 1503 illam
2341 1435 2766 1522 suspendite,

218 1536 283 1591 et
317 1522 555 1590 ferreis
602 1521 991 1611 pectinibus
1026 1523 1174 1610 ejus
1206 1522 1417 1592 latera
1455 1523 1805 1591 dilaniate:
1839 1524 2228 1610 quinimmo
2265 1523 2490 1612 ignem
2528 1545 2772 1591 rursus

220 1611 600 1690 admovete,
657 1623 731 1679 ut
778 1611 982 1679 etiam
1048 1632 1203 1680 ossa
1262 1613 1836 1680 comburantur.»
1891 1613 2126 1680 Statim
2173 1613 2382 1700 igitur
2409 1613 2773 1679 carnifices

217 1712 553 1790 ceperunt
602 1701 928 1787 pectineS‚
972 1711 1036 1766 et
1068 1699 1158 1767 ita
1207 1722 1357 1768 eam
1412 1701 1784 1782 laniarunt,
1821 1714 1898 1769 ut
1930 1723 2171 1769 carnes
2200 1701 2387 1790 ipsae
2437 1723 2769 1770 unacum

218 1789 561 1879 sanguine
610 1789 679 1855 in
731 1801 979 1856 terram
1022 1787 1433 1858 deciderent.
1473 1790 1934 1872 Admoverunt
1971 1791 2173 1858 etiam
2210 1792 2463 1879 ignem,
2489 1811 2626 1875 quo
2672 1789 2772 1856 vel

218 1879 373 1968 ipsa
406 1878 662 1946 viscera
712 1876 1317 1946 comburebantur.
1373 1882 1448 1947 At
1498 1878 1849 1956 Febronia,
1905 1879 2122 1947 oculis
2174 1879 2237 1945 in
2307 1878 2572 1946 eoelum
2623 1899 2769 1945 ere-

216 1967 388 2036 ctis:
445 1990 480 2031 «
514 1967 699 2043 Veni,
757 1966 1002 2052 inquit,
1064 1967 1342 2035 Domine
1393 1969 1460 2035 in
1513 1968 1852 2036 auxilium
1914 1990 2169 2046 meum,
2225 1981 2288 2034 et
2340 1989 2422 2034 ne
2472 1967 2769 2035 derelin-

216 2077 393 2143 quas
446 2076 553 2123 me
582 2055 647 2123 in
684 2055 810 2123 hac
846 2056 1094 2123 horam
1146 2057 1263 2126 His
1312 2055 1536 2136 dictis,
1592 2057 1942 2135 conticuit,
1988 2057 2305 2142 quamvis
2356 2056 2513 2144 igne
2576 2056 2770 2122 valde

218 2156 555 2213 ureretur.
597 2144 786 2213 Multi
820 2167 978 2212 vero
1010 2158 1446 2234 spectatores,
1496 2167 1627 2213 non
1668 2146 1956 2214 t’erentes
1987 2145 2206 2213 Seleni
2258 2144 2763 2217 crudelitatem.

214 2257 255 2300 a
289 2232 683 2321 spectaculo
713 2232 1153 2321 aufugerunt.
1212 2234 1336 2302 Alii
1396 2235 1693 2303 summis
1746 2235 2167 2303 clamoribus
2220 2256 2256 2300 a
2309 2233 2555 2300 ,iudice
2604 2255 2770 2300 con-

217 2320 614 2400 tendebant,
641 2335 714 2390 ut
743 2323 924 2412 ignis
956 2321 1068 2389 ille
1104 2321 1475 2391 tolleretur.
1520 2323 1822 2411 Etjussit
1853 2321 2135 2391 Selenus
2179 2322 2404 2410 ignem
2441 2322 2766 2388 amoveri.

303 2413 340 2496 ξ
388 2413 535 2482 24.
592 2416 757 2479 Cum
814 2433 965 2479 vero
1016 2411 1242 2480 adhuc
1297 2412 1364 2478 in
1405 2411 1589 2499 ligno
1643 2417 1894 2499 Martyr
1947 2412 2289 2500 penderet,
2339 2431 2578 2479 rursus
2616 2430 2770 2477 coe-

213 2500 316 2600 pit
368 2521 523 2568 eam
591 2501 1034 2589 interrogare.
1089 2500 1218 2568 Sed
1265 2524 1425 2570 cum
1476 2524 1551 2569 ea
1606 2501 2016 2590 respondere
2075 2523 2208 2567 non
2264 2512 2509 2588 posset,
2561 2499 2771 2582 jussit

212 2588 412 2658 illam
450 2610 487 2655 e
536 2588 722 2677 ligno
771 2588 1048 2678 deponi,
1102 2601 1166 2657 et
1214 2590 1370 2678 palo
1436 2589 1730 2679 alligari.
1796 2603 1859 2657 et
1907 2589 2301 2657 carnificem
2363 2588 2527 2656 illuc
2577 2588 2765 2655 duci.

209 2678 336 2748 Cui
384 2676 601 2745 dixit:
657 2683 875 2746 «Cum
927 2678 1410 2747 scelestissima
1476 2680 1641 2747 haec
1682 2692 1746 2746 et
1795 2678 2054 2747 nefaria
2091 2677 2341 2744 mulier
2391 2676 2560 2744 nolit
2597 2676 2770 2743 mihi

213 2766 654 2856 respondere,
690 2765 1140 2835 abscindatur
1170 2767 1321 2854 ejus
1364 2766 1625 2855 lingua,
1663 2781 1728 2835 et
1758 2767 1824 2834 in
1869 2769 2096 2856 ignem
2125 2766 2559 2853 dejiciatur.»
2610 2770 2770 2833 Exe-

212 2856 341 2923 mit
394 2854 702 2945 linguam
760 2855 1136 2934 Febronia,
1199 2868 1263 2923 et
1312 2867 1486 2924 nutu
1535 2855 1973 2945 significabat
2046 2855 2395 2932 carnifici,
2449 2867 2524 2921 ut
2577 2853 2767 2921 illam

210 2943 672 3014 abscinderet.
730 2947 895 3013 Cum
942 2965 1096 3013 vero
1147 2944 1205 3011 is
1268 2943 1575 3033 linguam
1636 2944 1987 3033 tetigisset,
2042 2957 2106 3011 et
2153 2964 2302 3011 eam
2356 2942 2767 3011 abscindere

209 3033 742 3123 augi-ederetur,
799 3034 1040 3101 turbae
1090 3054 1211 3132 per
1257 3033 1541 3102 deorum
1602 3033 1892 3101 salutem
1947 3033 2267 3100 Selenum
2318 3032 2761 3110 obtestantes·‚

210 3086 312 3191 iffi
371 3133 884 3211 persuaserunt,
944 3144 1025 3191 ne
1085 3121 1151 3189 id
1204 3122 1472 3191 faceret.
1543 3128 1893 3191 Caeterum
1971 3121 2500 3190 scelestissimus
2555 3122 2769 3209 jussit

212 3212 407 3280 illius
439 3211 677 3279 dentes
724 3210 1083 3280 eradicari.
1141 3211 1519 3297 Statimque
1572 3210 1875 3279 carnifex
1927 3210 2182 3278 ferrum
2233 3210 2449 3298 cepit,
2496 3222 2560 3277 et
2609 3231 2770 3283 san-

209 3313 359 3369 ctae
402 3298 674 3389 puellae
713 3297 951 3368 dentes
1000 3298 1192 3378 illos,
1237 3321 1412 3386 quos
1458 3300 1873 3377 eradicabat,
1934 3300 2000 3366 in
2066 3312 2313 3366 terrain
2376 3298 2762 3386 dejiciebat.

209 3394 385 3458 Cum
431 3388 667 3457 decem
720 3386 931 3477 igitur
976 3400 1042 3456 et
1089 3401 1346 3479 septem
1398 3388 1636 3458 dentes
1689 3388 1908 3458 evulsi
1970 3401 2220 3465 essent,
2282 3400 2345 3456 et
2401 3409 2523 3455 san
2581 3388 2772 3456 uinis

210 3480 339 3547 rivi
382 3478 455 3546 in
494 3490 740 3546 terram
792 3475 1195 3557 defluerent,
1223 3478 1437 3565 jussit
1468 3478 1755 3547 Selenus
1790 3477 2058 3546 nullum
2096 3476 2400 3565 amplius
2432 3497 2546 3543 eve
2581 3475 2648 3541 li.
2701 3480 2771 3541 At

204 3590 368 3637 cum
414 3566 751 3635 Febronia
784 3577 1041 3635 tantam
1095 3566 1460 3655 sanguinis
1507 3566 1780 3655 copiam
1825 3566 2125 3643 vidisset,
2181 3588 2331 3633 earn
2373 3565 2547 3631 vires
2583 3564 2769 3631 dese-

204 3667 479 3726 cerunt.
538 3654 794 3724 Medico
851 3668 1078 3723 autem
1131 3655 1360 3723 statim
1396 3655 1776 3724 remedium
1830 3654 2175 3731 afferente,
2220 3653 2507 3741 sanguis
2559 3654 2772 3721 fluere

205 3745 491 3815 destitit.

294 3838 345 3991 ἓ
387 3837 544 3906 ²5.
601 3832 833 3921 Coepit
879 3834 1089 3921 igitur
1125 3832 1411 3902 Selenus
1448 3855 1693 3902 rursus
1722 3854 1875 3902 eam
1928 3832 2386 3920 interrogare:
2436 3835 2699 3907 «Num,
2734 3852 2771 3895 o

211 3926 295 3990 Fe
351 3924 571 4001 tonia,
628 3919 865 3992 saltem
904 3943 1089 3991 nunc
1111 3920 1381 4010 judicio
1413 3924 1672 4011 parere,
1715 3935 1779 3990 et
1808 3922 1974 3990 deos
2006 3922 2194 4009 ipsos
2242 3918 2558 3989 confiteri
2591 3918 2765 3985 visi»

210 4011 330 4078 Cui
383 4010 545 4078 illa:
593 4031 629 4074 «
661 4009 960 4079 Pessime
989 4021 1055 4078 et
1101 4009 1584 4081 scelestissime
1639 4032 1868 4090 senex,
1929 4023 2000 4079 tu
2052 4010 2225 4077 viam
2274 4029 2495 4075 meam
2555 4008 2769 4105 impe-

208 4098 358 4167 dire
406 4098 666 4179 studeS‚
707 4120 927 4186 neque
960 4099 1132 4168 sinis
1180 4120 1291 4169 me
1329 4099 1416 4168 ad
1446 4120 1784 4190 sponsum
1837 4096 2447 4168 meurnaccedere?
2500 4100 2770 4163 Festina

210 4208 424 4273 quam
461 4188 754 4256 maxime
802 4199 992 4278 potes
1022 4209 1104 4257 ex
1152 4188 1362 4278 hujus
1415 4189 1546 4256 mei
1594 4187 1904 4277 corporis
1945 4189 2089 4256 luto
2130 4208 2236 4254 mc
2280 4187 2568 4274 eripere,
2604 4206 2771 4282 quo-

210 4276 401 4344 niam
435 4288 697 4346 amator
728 4298 925 4347 meus
956 4276 1264 4347 Christus
1295 4299 1405 4347 me
1432 4287 1809 4366 expectat.»
1844 4282 2014 4347 Tum
2050 4275 2358 4344 Selenus:
2396 4278 2760 4369 «Omnino,

212 4363 467 4451 inquit,
520 4384 680 4434 ense
726 4377 790 4436 et
841 4366 997 4456 igne
1065 4387 1316 4456 corpus
1364 4376 1561 4436 tuum
1625 4363 1912 4435 delebo:
1968 4364 2162 4433 video
2210 4363 2396 4431 enim
2452 4374 2512 4430 te
2562 4372 2768 4428 etiam

212 4474 407 4526 nunc
456 4466 734 4543 propter
780 4455 1281 4526 adolescentiae
1332 4466 1483 4525 tuae
1554 4455 2004 4526 temeritatem
2066 4452 2540 4541 impudentem
2590 4469 2761 4518 esse.
