<?xml version="1.0" encoding="UTF-8"?>
<!DOCTYPE html PUBLIC "-//W3C//DTD XHTML 1.0 Transitional//EN"
    "http://www.w3.org/TR/xhtml1/DTD/xhtml1-transitional.dtd">
<html xmlns="http://www.w3.org/1999/xhtml" xml:lang="en" lang="en">
 <head>
  <title>
</title>
<meta http-equiv="Content-Type" content="text/html;charset=utf-8" />
  <meta name='ocr-system' content='tesseract 3.04.00' />
  <meta name='ocr-capabilities' content='ocr_page ocr_carea ocr_par ocr_line ocrx_word'/>
</head>
<body>
  <div class='ocr_page' id='page_1' title='image "./historiaeseuvit02lippgoog_0365.png"; bbox 0 0 3357 4995; ppageno 0'>
   <div class='ocr_carea' id='block_1_1' title="bbox 332 320 2803 396">
    <p class='ocr_par' dir='ltr' id='par_1_1' title="bbox 332 320 2803 396">
     <span class='ocr_line' id='line_1_1' title="bbox 332 320 2803 396; baseline -0 -11"><span class='ocrx_word' id='word_1_1' title='bbox 332 320 549 386; x_wconf 74' lang='lat' dir='ltr'><strong>JUNII</strong></span> <span class='ocrx_word' id='word_1_2' title='bbox 613 321 686 384; x_wconf 79' lang='grc'><strong>15</strong></span> <span class='ocrx_word' id='word_1_3' title='bbox 916 339 992 384; x_wconf 73' lang='lat' dir='ltr'><strong>na</strong></span> <span class='ocrx_word' id='word_1_4' title='bbox 1042 338 1134 385; x_wconf 91' lang='lat' dir='ltr'><strong>sS.</strong></span> <span class='ocrx_word' id='word_1_5' title='bbox 1191 338 1358 396; x_wconf 80' lang='lat' dir='ltr'><strong>v1To,</strong></span> <span class='ocrx_word' id='word_1_6' title='bbox 1413 336 1794 385; x_wconf 68' lang='lat' dir='ltr'><strong>canscssnrm</strong></span> <span class='ocrx_word' id='word_1_7' title='bbox 1842 338 1916 383; x_wconf 76' lang='grc' dir='ltr'><strong>ΕΤ</strong></span> <span class='ocrx_word' id='word_1_8' title='bbox 1964 336 2248 384; x_wconf 66' lang='lat' dir='ltr'><strong>nonesto</strong></span> <span class='ocrx_word' id='word_1_9' title='bbox 2676 320 2803 385; x_wconf 75' lang='lat'><strong>349</strong></span> 
     </span>
    </p>
   </div>
   <div class='ocr_carea' id='block_1_2' title="bbox 265 420 2906 4505">
    <p class='ocr_par' dir='ltr' id='par_1_2' title="bbox 335 420 2897 1753">
     <span class='ocr_line' id='line_1_2' title="bbox 337 420 2889 511; baseline 0 -21"><span class='ocrx_word' id='word_1_10' title='bbox 337 434 401 491; x_wconf 92' lang='lat' dir='ltr'><strong>et</strong></span> <span class='ocrx_word' id='word_1_11' title='bbox 441 421 783 491; x_wconf 78' lang='lat' dir='ltr'>Modestus</span> <span class='ocrx_word' id='word_1_12' title='bbox 838 420 1120 491; x_wconf 88' lang='lat' dir='ltr'><strong>adducti</strong></span> <span class='ocrx_word' id='word_1_13' title='bbox 1168 420 1460 492; x_wconf 81' lang='lat' dir='ltr'><strong>fuissent</strong></span> <span class='ocrx_word' id='word_1_14' title='bbox 1524 422 1590 490; x_wconf 91' lang='lat' dir='ltr'><strong>in</strong></span> <span class='ocrx_word' id='word_1_15' title='bbox 1652 421 2289 511; x_wconf 76' lang='lat' dir='ltr'><strong>amphitheatrum,</strong></span> <span class='ocrx_word' id='word_1_16' title='bbox 2348 434 2632 491; x_wconf 86' lang='lat' dir='ltr'><strong>sanctus</strong></span> <span class='ocrx_word' id='word_1_17' title='bbox 2697 422 2889 491; x_wconf 90' lang='lat' dir='ltr'><strong>Vitus</strong></span> 
     </span>
     <span class='ocr_line' id='line_1_3' title="bbox 338 510 2884 598; baseline 0 -19"><span class='ocrx_word' id='word_1_18' title='bbox 338 511 699 580; x_wconf 75' lang='lat' dir='ltr'>admonuit</span> <span class='ocrx_word' id='word_1_19' title='bbox 748 510 1124 581; x_wconf 83' lang='lat' dir='ltr'><strong>Modestum</strong></span> <span class='ocrx_word' id='word_1_20' title='bbox 1180 532 1262 580; x_wconf 92' lang='lat' dir='ltr'><strong>ne</strong></span> <span class='ocrx_word' id='word_1_21' title='bbox 1309 533 1387 579; x_wconf 87' lang='lat' dir='ltr'><strong>ex</strong></span> <span class='ocrx_word' id='word_1_22' title='bbox 1441 524 1822 598; x_wconf 81' lang='lat' dir='ltr'><strong>avesceret,</strong></span> <span class='ocrx_word' id='word_1_23' title='bbox 1890 510 1981 579; x_wconf 88' lang='lat' dir='ltr'><strong>ita</strong></span> <span class='ocrx_word' id='word_1_24' title='bbox 2021 510 2305 579; x_wconf 87' lang='lat' dir='ltr'><strong>dicens:</strong></span> <span class='ocrx_word' id='word_1_25' title='bbox 2362 512 2639 580; x_wconf 86' lang='lat' dir='ltr'><strong>«Fortis</strong></span> <span class='ocrx_word' id='word_1_26' title='bbox 2718 522 2884 591; x_wconf 88' lang='lat' dir='ltr'><strong>est0,</strong></span> 
     </span>
     <span class='ocr_line' id='line_1_4' title="bbox 340 598 2891 690; baseline -0 -21"><span class='ocrx_word' id='word_1_27' title='bbox 340 612 553 690; x_wconf 84' lang='lat' dir='ltr'><strong>pater:</strong></span> <span class='ocrx_word' id='word_1_28' title='bbox 599 622 683 668; x_wconf 91' lang='lat' dir='ltr'><strong>ne</strong></span> <span class='ocrx_word' id='word_1_29' title='bbox 719 598 961 669; x_wconf 88' lang='lat' dir='ltr'><strong>timeas</strong></span> <span class='ocrx_word' id='word_1_30' title='bbox 1007 599 1314 689; x_wconf 84' lang='lat' dir='ltr'><strong>gladium</strong></span> <span class='ocrx_word' id='word_1_31' title='bbox 1366 599 1647 669; x_wconf 72' lang='lat' dir='ltr'><strong>‹iaboli.</strong></span> <span class='ocrx_word' id='word_1_32' title='bbox 1677 604 1831 668; x_wconf 84' lang='lat' dir='ltr'><strong>Jam</strong></span> <span class='ocrx_word' id='word_1_33' title='bbox 1874 600 2056 668; x_wconf 91' lang='lat' dir='ltr'><strong>enim</strong></span> <span class='ocrx_word' id='word_1_34' title='bbox 2094 600 2891 689; x_wconf 88' lang='lat' dir='ltr'><strong>appropinquatcorona</strong></span> 
     </span>
     <span class='ocr_line' id='line_1_5' title="bbox 337 687 2897 777; baseline 0 -21"><span class='ocrx_word' id='word_1_35' title='bbox 337 701 634 758; x_wconf 74' lang='lat' dir='ltr'><strong>nostra.»</strong></span> <span class='ocrx_word' id='word_1_36' title='bbox 682 687 972 757; x_wconf 78' lang='lat' dir='ltr'><strong>Aderant</strong></span> <span class='ocrx_word' id='word_1_37' title='bbox 1020 700 1246 758; x_wconf 87' lang='lat' dir='ltr'><strong>autem</strong></span> <span class='ocrx_word' id='word_1_38' title='bbox 1290 687 1374 756; x_wconf 90' lang='lat' dir='ltr'><strong>ad</strong></span> <span class='ocrx_word' id='word_1_39' title='bbox 1430 688 1554 758; x_wconf 90' lang='lat' dir='ltr'><strong>hoc</strong></span> <span class='ocrx_word' id='word_1_40' title='bbox 1604 687 2078 777; x_wconf 79' lang='lat' dir='ltr'><strong>spectaculum</strong></span> <span class='ocrx_word' id='word_1_41' title='bbox 2132 710 2343 776; x_wconf 84' lang='lat' dir='ltr'><strong>supra</strong></span> <span class='ocrx_word' id='word_1_42' title='bbox 2382 689 2691 774; x_wconf 83' lang='lat' dir='ltr'><strong>quinque</strong></span> <span class='ocrx_word' id='word_1_43' title='bbox 2739 687 2897 756; x_wconf 90' lang='lat' dir='ltr'><strong>mil-</strong></span> 
     </span>
     <span class='ocr_line' id='line_1_6' title="bbox 340 775 2896 867; baseline -0 -21"><span class='ocrx_word' id='word_1_44' title='bbox 340 776 432 846; x_wconf 89' lang='lat' dir='ltr'><strong>lia</strong></span> <span class='ocrx_word' id='word_1_45' title='bbox 481 777 826 847; x_wconf 88' lang='lat' dir='ltr'><strong>virorum:</strong></span> <span class='ocrx_word' id='word_1_46' title='bbox 886 799 1252 867; x_wconf 85' lang='lat' dir='ltr'><strong>puerorum</strong></span> <span class='ocrx_word' id='word_1_47' title='bbox 1287 798 1444 845; x_wconf 85' lang='lat' dir='ltr'><strong>vero</strong></span> <span class='ocrx_word' id='word_1_48' title='bbox 1477 790 1542 846; x_wconf 92' lang='lat' dir='ltr'><strong>et</strong></span> <span class='ocrx_word' id='word_1_49' title='bbox 1590 775 2458 845; x_wconf 84' lang='lat' dir='ltr'><strong>foeminarum-multitudo</strong></span> <span class='ocrx_word' id='word_1_50' title='bbox 2494 776 2896 845; x_wconf 88' lang='lat' dir='ltr'><strong>inaestima-</strong></span> 
     </span>
     <span class='ocr_line' id='line_1_7' title="bbox 335 864 2895 944; baseline -0 -9"><span class='ocrx_word' id='word_1_51' title='bbox 335 865 521 935; x_wconf 90' lang='lat' dir='ltr'><strong>bilis.</strong></span> <span class='ocrx_word' id='word_1_52' title='bbox 567 866 738 935; x_wconf 81' lang='lat' dir='ltr'><strong>Dixit</strong></span> <span class='ocrx_word' id='word_1_53' title='bbox 793 879 1036 935; x_wconf 90' lang='lat' dir='ltr'><strong>autem.</strong></span> <span class='ocrx_word' id='word_1_54' title='bbox 1074 865 1159 934; x_wconf 88' lang='lat' dir='ltr'><strong>ad</strong></span> <span class='ocrx_word' id='word_1_55' title='bbox 1210 879 1527 944; x_wconf 83' lang='lat' dir='ltr'><strong>sanctum</strong></span> <span class='ocrx_word' id='word_1_56' title='bbox 1577 866 1806 934; x_wconf 86' lang='lat' dir='ltr'><strong>Vitum</strong></span> <span class='ocrx_word' id='word_1_57' title='bbox 1863 864 2363 936; x_wconf 85' lang='lat' dir='ltr'><strong>Diocletianus:</strong></span> <span class='ocrx_word' id='word_1_58' title='bbox 2421 866 2602 934; x_wconf 88' lang='lat' dir='ltr'><strong>«Ubi</strong></span> <span class='ocrx_word' id='word_1_59' title='bbox 2645 865 2776 935; x_wconf 84' lang='lat' dir='ltr'><strong>&#39;am</strong></span> <span class='ocrx_word' id='word_1_60' title='bbox 2835 878 2895 934; x_wconf 92' lang='lat' dir='ltr'><strong>te</strong></span> 
     </span>
     <span class='ocr_line' id='line_1_8' title="bbox 336 952 2893 1034; baseline -0.001 -11"><span class='ocrx_word' id='word_1_61' title='bbox 336 956 564 1024; x_wconf 86' lang='lat' dir='ltr'><strong>cernis</strong></span> <span class='ocrx_word' id='word_1_62' title='bbox 612 956 755 1024; x_wconf 84' lang='lat' dir='ltr'><strong>Vite</strong></span> <span class='ocrx_word' id='word_1_63' title='bbox 774 959 846 1023; x_wconf 62' lang='lat' dir='ltr'><strong>t»</strong></span> <span class='ocrx_word' id='word_1_64' title='bbox 881 959 953 1023; x_wconf 77' lang='lat' dir='ltr'><strong>At</strong></span> <span class='ocrx_word' id='word_1_65' title='bbox 985 955 1224 1025; x_wconf 87' lang='lat' dir='ltr'><strong>beatus</strong></span> <span class='ocrx_word' id='word_1_66' title='bbox 1273 954 1484 1034; x_wconf 89' lang='lat' dir='ltr'><strong>Vitus,</strong></span> <span class='ocrx_word' id='word_1_67' title='bbox 1523 953 1817 1024; x_wconf 89' lang='lat' dir='ltr'><strong>sublatis</strong></span> <span class='ocrx_word' id='word_1_68' title='bbox 1858 953 1943 1023; x_wconf 91' lang='lat' dir='ltr'><strong>ad</strong></span> <span class='ocrx_word' id='word_1_69' title='bbox 1986 952 2249 1023; x_wconf 89' lang='lat' dir='ltr'><strong>coelum</strong></span> <span class='ocrx_word' id='word_1_70' title='bbox 2286 952 2527 1033; x_wconf 79' lang='lat' dir='ltr'><strong>oculiS‚</strong></span> <span class='ocrx_word' id='word_1_71' title='bbox 2571 954 2639 1022; x_wconf 91' lang='lat' dir='ltr'><strong>ni</strong></span> <span class='ocrx_word' id='word_1_72' title='bbox 2699 953 2744 1022; x_wconf 92' lang='lat' dir='ltr'><strong>il</strong></span> <span class='ocrx_word' id='word_1_73' title='bbox 2790 952 2893 1022; x_wconf 92' lang='lat' dir='ltr'><strong>illi</strong></span> 
     </span>
     <span class='ocr_line' id='line_1_9' title="bbox 338 1042 2887 1134; baseline -0.001 -22"><span class='ocrx_word' id='word_1_74' title='bbox 338 1043 716 1134; x_wconf 85' lang='lat' dir='ltr'><strong>respondit.</strong></span> <span class='ocrx_word' id='word_1_75' title='bbox 774 1048 1039 1113; x_wconf 87' lang='lat' dir='ltr'><strong>Rursus</strong></span> <span class='ocrx_word' id='word_1_76' title='bbox 1103 1056 1330 1113; x_wconf 87' lang='lat' dir='ltr'><strong>autern</strong></span> <span class='ocrx_word' id='word_1_77' title='bbox 1381 1042 1633 1112; x_wconf 86' lang='lat' dir='ltr'><strong>dicenti</strong></span> <span class='ocrx_word' id='word_1_78' title='bbox 1684 1043 2136 1133; x_wconf 86' lang='lat' dir='ltr'><strong>Imperatori,</strong></span> <span class='ocrx_word' id='word_1_79' title='bbox 2197 1042 2321 1111; x_wconf 92' lang='lat' dir='ltr'><strong>Ubi</strong></span> <span class='ocrx_word' id='word_1_80' title='bbox 2380 1055 2439 1112; x_wconf 91' lang='lat' dir='ltr'><strong>te</strong></span> <span class='ocrx_word' id='word_1_81' title='bbox 2494 1065 2676 1111; x_wconf 88' lang='lat' dir='ltr'><strong>nunc</strong></span> <span class='ocrx_word' id='word_1_82' title='bbox 2727 1063 2887 1111; x_wconf 90' lang='lat' dir='ltr'><strong>con-</strong></span> 
     </span>
     <span class='ocr_line' id='line_1_10' title="bbox 339 1130 2883 1222; baseline -0.001 -21"><span class='ocrx_word' id='word_1_83' title='bbox 339 1133 552 1222; x_wconf 90' lang='lat' dir='ltr'><strong>spicis</strong></span> <span class='ocrx_word' id='word_1_84' title='bbox 602 1133 793 1201; x_wconf 78' lang='lat' dir='ltr'><strong>vite?</strong></span> <span class='ocrx_word' id='word_1_85' title='bbox 832 1154 999 1221; x_wconf 89' lang='lat' dir='ltr'><strong>puer</strong></span> <span class='ocrx_word' id='word_1_86' title='bbox 1047 1144 1327 1201; x_wconf 87' lang='lat' dir='ltr'><strong>sanctus</strong></span> <span class='ocrx_word' id='word_1_87' title='bbox 1361 1130 1755 1218; x_wconf 89' lang='lat' dir='ltr'><strong>respondit:</strong></span> <span class='ocrx_word' id='word_1_88' title='bbox 1805 1131 2048 1201; x_wconf 80' lang='lat' dir='ltr'><strong>«Video</strong></span> <span class='ocrx_word' id='word_1_89' title='bbox 2099 1152 2208 1200; x_wconf 92' lang='lat' dir='ltr'><strong>me</strong></span> <span class='ocrx_word' id='word_1_90' title='bbox 2238 1131 2307 1199; x_wconf 90' lang='lat' dir='ltr'><strong>in</strong></span> <span class='ocrx_word' id='word_1_91' title='bbox 2344 1130 2883 1219; x_wconf 88' lang='lat' dir='ltr'><strong>amphitheatro.</strong></span> 
     </span>
     <span class='ocr_line' id='line_1_11' title="bbox 338 1218 2883 1308; baseline -0.003 -18"><span class='ocrx_word' id='word_1_92' title='bbox 338 1226 584 1290; x_wconf 87' lang='lat' dir='ltr'><strong>Verum</strong></span> <span class='ocrx_word' id='word_1_93' title='bbox 620 1221 964 1289; x_wconf 87' lang='lat' dir='ltr'><strong>enimvero</strong></span> <span class='ocrx_word' id='word_1_94' title='bbox 1015 1220 1118 1290; x_wconf 86' lang='lat' dir='ltr'><strong>fac</strong></span> <span class='ocrx_word' id='word_1_95' title='bbox 1144 1241 1384 1308; x_wconf 66' lang='lat' dir='ltr'><strong>ocyus‘,</strong></span> <span class='ocrx_word' id='word_1_96' title='bbox 1423 1220 1606 1306; x_wconf 89' lang='lat' dir='ltr'><strong>quod</strong></span> <span class='ocrx_word' id='word_1_97' title='bbox 1642 1219 1953 1290; x_wconf 86' lang='lat' dir='ltr'><strong>facturus</strong></span> <span class='ocrx_word' id='word_1_98' title='bbox 2000 1242 2144 1289; x_wconf 79' lang='lat' dir='ltr'><strong>es,»</strong></span> <span class='ocrx_word' id='word_1_99' title='bbox 2183 1218 2644 1289; x_wconf 88' lang='lat' dir='ltr'><strong>Diocletianus</strong></span> <span class='ocrx_word' id='word_1_100' title='bbox 2674 1220 2883 1288; x_wconf 83' lang='lat' dir='ltr'><strong>dixit:</strong></span> 
     </span>
     <span class='ocr_line' id='line_1_12' title="bbox 343 1308 2881 1398; baseline -0.002 -19"><span class='ocrx_word' id='word_1_101' title='bbox 343 1337 367 1370; x_wconf 73' lang='lat' dir='ltr'><strong>c</strong></span> <span class='ocrx_word' id='word_1_102' title='bbox 395 1310 684 1380; x_wconf 85' lang='lat' dir='ltr'><strong>Consule</strong></span> <span class='ocrx_word' id='word_1_103' title='bbox 726 1311 897 1379; x_wconf 82' lang='lat' dir='ltr'><strong>vitae</strong></span> <span class='ocrx_word' id='word_1_104' title='bbox 949 1324 1121 1389; x_wconf 88' lang='lat' dir='ltr'><strong>tuae,</strong></span> <span class='ocrx_word' id='word_1_105' title='bbox 1164 1309 1344 1388; x_wconf 92' lang='lat' dir='ltr'><strong>Vite,</strong></span> <span class='ocrx_word' id='word_1_106' title='bbox 1384 1322 1448 1378; x_wconf 91' lang='lat' dir='ltr'><strong>et</strong></span> <span class='ocrx_word' id='word_1_107' title='bbox 1497 1308 1811 1379; x_wconf 81' lang='lat' dir='ltr'><strong>sacrifica</strong></span> <span class='ocrx_word' id='word_1_108' title='bbox 1856 1309 2126 1398; x_wconf 88' lang='lat' dir='ltr'><strong>magnis</strong></span> <span class='ocrx_word' id='word_1_109' title='bbox 2175 1308 2373 1378; x_wconf 81' lang='lat' dir='ltr'><strong>diis.»</strong></span> <span class='ocrx_word' id='word_1_110' title='bbox 2410 1313 2477 1377; x_wconf 90' lang='lat' dir='ltr'><strong>S.</strong></span> <span class='ocrx_word' id='word_1_111' title='bbox 2509 1309 2697 1378; x_wconf 89' lang='lat' dir='ltr'><strong>Vitus</strong></span> <span class='ocrx_word' id='word_1_112' title='bbox 2746 1308 2881 1378; x_wconf 91' lang='lat' dir='ltr'><strong>ait:</strong></span> 
     </span>
     <span class='ocr_line' id='line_1_13' title="bbox 341 1396 2884 1484; baseline 0 -19"><span class='ocrx_word' id='word_1_113' title='bbox 341 1422 375 1464; x_wconf 81' lang='lat'>«</span> <span class='ocrx_word' id='word_1_114' title='bbox 413 1402 719 1467; x_wconf 79' lang='lat' dir='ltr'><strong>Demiror</strong></span> <span class='ocrx_word' id='word_1_115' title='bbox 765 1400 1051 1468; x_wconf 88' lang='lat' dir='ltr'><strong>frontem</strong></span> <span class='ocrx_word' id='word_1_116' title='bbox 1107 1410 1320 1477; x_wconf 90' lang='lat' dir='ltr'><strong>tuam,</strong></span> <span class='ocrx_word' id='word_1_117' title='bbox 1376 1397 1556 1484; x_wconf 87' lang='lat' dir='ltr'><strong>quod</strong></span> <span class='ocrx_word' id='word_1_118' title='bbox 1607 1421 1767 1468; x_wconf 89' lang='lat' dir='ltr'><strong>cum</strong></span> <span class='ocrx_word' id='word_1_119' title='bbox 1812 1409 2034 1467; x_wconf 88' lang='lat' dir='ltr'><strong>tantas</strong></span> <span class='ocrx_word' id='word_1_120' title='bbox 2085 1419 2326 1467; x_wconf 88' lang='lat' dir='ltr'><strong>cernas</strong></span> <span class='ocrx_word' id='word_1_121' title='bbox 2365 1396 2681 1477; x_wconf 82' lang='lat' dir='ltr'><strong>virtuteS,</strong></span> <span class='ocrx_word' id='word_1_122' title='bbox 2748 1419 2884 1467; x_wconf 90' lang='lat' dir='ltr'><strong>non</strong></span> 
     </span>
     <span class='ocr_line' id='line_1_14' title="bbox 336 1486 2878 1576; baseline 0 -22"><span class='ocrx_word' id='word_1_123' title='bbox 336 1487 689 1557; x_wconf 82' lang='lat' dir='ltr'><strong>erubescis</strong></span> <span class='ocrx_word' id='word_1_124' title='bbox 737 1486 962 1556; x_wconf 89' lang='lat' dir='ltr'><strong>isthuc</strong></span> <span class='ocrx_word' id='word_1_125' title='bbox 1002 1486 1171 1556; x_wconf 87' lang='lat' dir='ltr'><strong>mihi</strong></span> <span class='ocrx_word' id='word_1_126' title='bbox 1206 1486 1372 1554; x_wconf 77' lang='lat' dir='ltr'><strong>velle</strong></span> <span class='ocrx_word' id='word_1_127' title='bbox 1412 1486 1842 1575; x_wconf 84' lang='lat' dir='ltr'><strong>persuadere.</strong></span> <span class='ocrx_word' id='word_1_128' title='bbox 1884 1491 2019 1576; x_wconf 88' lang='lat' dir='ltr'><strong>Ego</strong></span> <span class='ocrx_word' id='word_1_129' title='bbox 2054 1509 2210 1557; x_wconf 89' lang='lat' dir='ltr'><strong>vero</strong></span> <span class='ocrx_word' id='word_1_130' title='bbox 2239 1486 2583 1556; x_wconf 82' lang='lat' dir='ltr'><strong>Christum</strong></span> <span class='ocrx_word' id='word_1_131' title='bbox 2637 1486 2878 1566; x_wconf 83' lang='lat' dir='ltr'><strong>habeo,</strong></span> 
     </span>
     <span class='ocr_line' id='line_1_15' title="bbox 339 1574 2888 1665; baseline 0 -21"><span class='ocrx_word' id='word_1_132' title='bbox 339 1577 452 1647; x_wconf 90' lang='lat' dir='ltr'><strong>cui</strong></span> <span class='ocrx_word' id='word_1_133' title='bbox 507 1576 838 1646; x_wconf 81' lang='lat' dir='ltr'><strong>hactenus</strong></span> <span class='ocrx_word' id='word_1_134' title='bbox 875 1588 1101 1644; x_wconf 88' lang='lat' dir='ltr'><strong>votum</strong></span> <span class='ocrx_word' id='word_1_135' title='bbox 1160 1575 1448 1664; x_wconf 88' lang='lat' dir='ltr'><strong>pectoris</strong></span> <span class='ocrx_word' id='word_1_136' title='bbox 1490 1576 1624 1644; x_wconf 92' lang='lat' dir='ltr'><strong>mei</strong></span> <span class='ocrx_word' id='word_1_137' title='bbox 1677 1574 2102 1645; x_wconf 84' lang='lat' dir='ltr'><strong>sacrificavi:</strong></span> <span class='ocrx_word' id='word_1_138' title='bbox 2162 1597 2346 1645; x_wconf 92' lang='lat' dir='ltr'><strong>nunc</strong></span> <span class='ocrx_word' id='word_1_139' title='bbox 2412 1575 2591 1662; x_wconf 88' lang='lat' dir='ltr'><strong>quod</strong></span> <span class='ocrx_word' id='word_1_140' title='bbox 2649 1596 2888 1665; x_wconf 91' lang='lat' dir='ltr'><strong>super-</strong></span> 
     </span>
     <span class='ocr_line' id='line_1_16' title="bbox 339 1664 2526 1753; baseline -0.001 -19"><span class='ocrx_word' id='word_1_141' title='bbox 339 1676 464 1744; x_wconf 86' lang='lat' dir='ltr'><strong>est,</strong></span> <span class='ocrx_word' id='word_1_142' title='bbox 506 1665 847 1753; x_wconf 90' lang='lat' dir='ltr'><strong>meipsum</strong></span> <span class='ocrx_word' id='word_1_143' title='bbox 901 1664 1284 1733; x_wconf 79' lang='lat' dir='ltr'><strong>sacrifico.»</strong></span> <span class='ocrx_word' id='word_1_144' title='bbox 2495 1699 2526 1746; x_wconf 60' lang='grc' dir='ltr'><strong>ς,</strong></span> 
     </span>
    </p>

    <p class='ocr_par' dir='ltr' id='par_1_3' title="bbox 265 1750 2890 3509">
     <span class='ocr_line' id='line_1_17' title="bbox 427 1750 2883 1843; baseline -0.002 -19"><span class='ocrx_word' id='word_1_145' title='bbox 427 1757 463 1841; x_wconf 67' lang='grc' dir='ltr'><strong>ξ</strong></span> <span class='ocrx_word' id='word_1_146' title='bbox 512 1757 668 1825; x_wconf 74' lang='grc' dir='ltr'><strong>ίθ.</strong></span> <span class='ocrx_word' id='word_1_147' title='bbox 722 1760 908 1823; x_wconf 92' lang='lat' dir='ltr'><strong>Tunc</strong></span> <span class='ocrx_word' id='word_1_148' title='bbox 945 1774 1103 1843; x_wconf 87' lang='lat' dir='ltr'><strong>prae</strong></span> <span class='ocrx_word' id='word_1_149' title='bbox 1153 1752 1369 1821; x_wconf 92' lang='lat' dir='ltr'><strong>nimio</strong></span> <span class='ocrx_word' id='word_1_150' title='bbox 1398 1750 1628 1822; x_wconf 85' lang='lat' dir='ltr'><strong>surore</strong></span> <span class='ocrx_word' id='word_1_151' title='bbox 1653 1753 1962 1843; x_wconf 88' lang='lat' dir='ltr'><strong>seipsum</strong></span> <span class='ocrx_word' id='word_1_152' title='bbox 1996 1775 2135 1822; x_wconf 90' lang='lat' dir='ltr'><strong>non</strong></span> <span class='ocrx_word' id='word_1_153' title='bbox 2160 1753 2445 1843; x_wconf 78' lang='lat' dir='ltr'><strong>&#39;capiens</strong></span> <span class='ocrx_word' id='word_1_154' title='bbox 2483 1751 2883 1843; x_wconf 85' lang='lat' dir='ltr'><strong>Imperator,</strong></span> 
     </span>
     <span class='ocr_line' id='line_1_18' title="bbox 330 1840 2883 1932; baseline 0 -22"><span class='ocrx_word' id='word_1_155' title='bbox 330 1840 544 1932; x_wconf 89' lang='lat' dir='ltr'><strong>jussit</strong></span> <span class='ocrx_word' id='word_1_156' title='bbox 593 1842 929 1914; x_wconf 85' lang='lat' dir='ltr'><strong>ministris</strong></span> <span class='ocrx_word' id='word_1_157' title='bbox 966 1862 1206 1931; x_wconf 88' lang='lat' dir='ltr'><strong>parare</strong></span> <span class='ocrx_word' id='word_1_158' title='bbox 1253 1840 1631 1923; x_wconf 86' lang='lat' dir='ltr'><strong>clibanum,</strong></span> <span class='ocrx_word' id='word_1_159' title='bbox 1686 1854 1751 1911; x_wconf 92' lang='lat' dir='ltr'><strong>et</strong></span> <span class='ocrx_word' id='word_1_160' title='bbox 1790 1842 1857 1911; x_wconf 89' lang='lat' dir='ltr'><strong>in</strong></span> <span class='ocrx_word' id='word_1_161' title='bbox 1892 1865 1970 1911; x_wconf 88' lang='lat' dir='ltr'><strong>eo</strong></span> <span class='ocrx_word' id='word_1_162' title='bbox 2022 1841 2440 1911; x_wconf 87' lang='lat' dir='ltr'><strong>inflammari</strong></span> <span class='ocrx_word' id='word_1_163' title='bbox 2492 1841 2883 1931; x_wconf 86' lang='lat' dir='ltr'><strong>plumbum,</strong></span> 
     </span>
     <span class='ocr_line' id='line_1_19' title="bbox 343 1930 2890 2021; baseline 0 -20"><span class='ocrx_word' id='word_1_164' title='bbox 343 1931 640 2001; x_wconf 89' lang='lat' dir='ltr'><strong>resinam</strong></span> <span class='ocrx_word' id='word_1_165' title='bbox 699 1944 764 2001; x_wconf 89' lang='lat' dir='ltr'><strong>et</strong></span> <span class='ocrx_word' id='word_1_166' title='bbox 816 1933 1060 2021; x_wconf 89' lang='lat' dir='ltr'><strong>picem.</strong></span> <span class='ocrx_word' id='word_1_167' title='bbox 1118 1935 1446 2000; x_wconf 87' lang='lat' dir='ltr'><strong>Fecerunt</strong></span> <span class='ocrx_word' id='word_1_168' title='bbox 1518 1931 1607 2001; x_wconf 86' lang='lat' dir='ltr'><strong>ita</strong></span> <span class='ocrx_word' id='word_1_169' title='bbox 1659 1930 1995 2010; x_wconf 90' lang='lat' dir='ltr'><strong>ministri,</strong></span> <span class='ocrx_word' id='word_1_170' title='bbox 2063 1944 2128 2000; x_wconf 90' lang='lat' dir='ltr'><strong>et</strong></span> <span class='ocrx_word' id='word_1_171' title='bbox 2173 1931 2645 2020; x_wconf 88' lang='lat' dir='ltr'><strong>deposuerunt</strong></span> <span class='ocrx_word' id='word_1_172' title='bbox 2692 1931 2759 1999; x_wconf 91' lang='lat' dir='ltr'><strong>in</strong></span> <span class='ocrx_word' id='word_1_173' title='bbox 2812 1952 2890 2001; x_wconf 92' lang='lat' dir='ltr'><strong>eo</strong></span> 
     </span>
     <span class='ocr_line' id='line_1_20' title="bbox 340 2018 2888 2107; baseline -0 -18"><span class='ocrx_word' id='word_1_174' title='bbox 340 2020 618 2089; x_wconf 88' lang='lat' dir='ltr'><strong>beatum</strong></span> <span class='ocrx_word' id='word_1_175' title='bbox 670 2019 910 2090; x_wconf 88' lang='lat' dir='ltr'><strong>Christi</strong></span> <span class='ocrx_word' id='word_1_176' title='bbox 963 2019 1286 2088; x_wconf 77' lang='lat' dir='ltr'><strong>athletam</strong></span> <span class='ocrx_word' id='word_1_177' title='bbox 1337 2018 1590 2088; x_wconf 86' lang='lat' dir='ltr'><strong>Vitum:</strong></span> <span class='ocrx_word' id='word_1_178' title='bbox 1645 2021 1875 2107; x_wconf 88' lang='lat' dir='ltr'><strong>aitque</strong></span> <span class='ocrx_word' id='word_1_179' title='bbox 1922 2018 2429 2090; x_wconf 83' lang='lat' dir='ltr'><strong>Diocletianus:</strong></span> <span class='ocrx_word' id='word_1_180' title='bbox 2485 2018 2888 2088; x_wconf 89' lang='lat' dir='ltr'><strong>Videbimus</strong></span> 
     </span>
     <span class='ocr_line' id='line_1_21' title="bbox 333 2107 2890 2198; baseline -0 -21"><span class='ocrx_word' id='word_1_181' title='bbox 333 2108 507 2198; x_wconf 86' lang='lat' dir='ltr'><strong>jam,</strong></span> <span class='ocrx_word' id='word_1_182' title='bbox 562 2107 619 2176; x_wconf 86' lang='lat' dir='ltr'><strong>si</strong></span> <span class='ocrx_word' id='word_1_183' title='bbox 654 2114 830 2178; x_wconf 89' lang='lat' dir='ltr'><strong>Deus</strong></span> <span class='ocrx_word' id='word_1_184' title='bbox 878 2122 1039 2178; x_wconf 91' lang='lat' dir='ltr'><strong>tuus</strong></span> <span class='ocrx_word' id='word_1_185' title='bbox 1089 2108 1304 2198; x_wconf 88' lang='lat' dir='ltr'><strong>possit</strong></span> <span class='ocrx_word' id='word_1_186' title='bbox 1340 2120 1399 2176; x_wconf 91' lang='lat' dir='ltr'><strong>te</strong></span> <span class='ocrx_word' id='word_1_187' title='bbox 1431 2108 1696 2197; x_wconf 87' lang='lat' dir='ltr'><strong>eripere</strong></span> <span class='ocrx_word' id='word_1_188' title='bbox 1742 2131 1822 2177; x_wconf 89' lang='lat' dir='ltr'><strong>ex</strong></span> <span class='ocrx_word' id='word_1_189' title='bbox 1850 2109 2175 2179; x_wconf 89' lang='lat' dir='ltr'><strong>manibus</strong></span> <span class='ocrx_word' id='word_1_190' title='bbox 2224 2108 2419 2178; x_wconf 89' lang='lat' dir='ltr'><strong>meis.</strong></span> <span class='ocrx_word' id='word_1_191' title='bbox 2474 2113 2680 2177; x_wconf 91' lang='lat' dir='ltr'><strong>Porro</strong></span> <span class='ocrx_word' id='word_1_192' title='bbox 2728 2107 2890 2177; x_wconf 84' lang='lat' dir='ltr'><strong>bea-</strong></span> 
     </span>
     <span class='ocr_line' id='line_1_22' title="bbox 344 2196 2886 2286; baseline -0.001 -20"><span class='ocrx_word' id='word_1_193' title='bbox 344 2209 453 2266; x_wconf 91' lang='lat' dir='ltr'><strong>tus</strong></span> <span class='ocrx_word' id='word_1_194' title='bbox 488 2196 700 2278; x_wconf 70' lang='lat' dir='ltr'><strong>Vnus,</strong></span> <span class='ocrx_word' id='word_1_195' title='bbox 754 2198 1174 2286; x_wconf 86' lang='lat' dir='ltr'><strong>consignans</strong></span> <span class='ocrx_word' id='word_1_196' title='bbox 1235 2218 1306 2266; x_wconf 90' lang='lat' dir='ltr'><strong>se</strong></span> <span class='ocrx_word' id='word_1_197' title='bbox 1366 2196 1562 2286; x_wconf 89' lang='lat' dir='ltr'><strong>signo</strong></span> <span class='ocrx_word' id='word_1_198' title='bbox 1613 2197 1920 2267; x_wconf 83' lang='lat' dir='ltr'><strong>vivificae</strong></span> <span class='ocrx_word' id='word_1_199' title='bbox 1980 2196 2249 2277; x_wconf 80' lang='lat' dir='ltr'><strong>CruciS‚</strong></span> <span class='ocrx_word' id='word_1_200' title='bbox 2296 2197 2598 2285; x_wconf 86' lang='lat' dir='ltr'><strong>jactatus</strong></span> <span class='ocrx_word' id='word_1_201' title='bbox 2668 2208 2769 2266; x_wconf 90' lang='lat' dir='ltr'><strong>est</strong></span> <span class='ocrx_word' id='word_1_202' title='bbox 2819 2196 2886 2265; x_wconf 90' lang='lat' dir='ltr'><strong>in</strong></span> 
     </span>
     <span class='ocr_line' id='line_1_23' title="bbox 346 2284 2888 2356; baseline -0 -2"><span class='ocrx_word' id='word_1_203' title='bbox 346 2285 651 2355; x_wconf 90' lang='lat' dir='ltr'><strong>medium</strong></span> <span class='ocrx_word' id='word_1_204' title='bbox 702 2286 957 2355; x_wconf 88' lang='lat' dir='ltr'><strong>clibani</strong></span> <span class='ocrx_word' id='word_1_205' title='bbox 993 2286 1210 2354; x_wconf 88' lang='lat' dir='ltr'><strong>instar</strong></span> <span class='ocrx_word' id='word_1_206' title='bbox 1246 2285 1454 2354; x_wconf 86' lang='lat' dir='ltr'><strong>maris</strong></span> <span class='ocrx_word' id='word_1_207' title='bbox 1485 2284 1943 2355; x_wconf 85' lang='lat' dir='ltr'><strong>fervescentis.</strong></span> <span class='ocrx_word' id='word_1_208' title='bbox 2001 2291 2148 2356; x_wconf 85' lang='lat' dir='ltr'><strong>Mox</strong></span> <span class='ocrx_word' id='word_1_209' title='bbox 2195 2300 2423 2354; x_wconf 89' lang='lat' dir='ltr'><strong>autem</strong></span> <span class='ocrx_word' id='word_1_210' title='bbox 2481 2284 2703 2354; x_wconf 86' lang='lat' dir='ltr'><strong>adfuit</strong></span> <span class='ocrx_word' id='word_1_211' title='bbox 2757 2289 2888 2354; x_wconf 76' lang='lat' dir='ltr'><strong>An-</strong></span> 
     </span>
     <span class='ocr_line' id='line_1_24' title="bbox 347 2372 2889 2464; baseline 0 -22"><span class='ocrx_word' id='word_1_212' title='bbox 347 2373 542 2464; x_wconf 82' lang='lat' dir='ltr'><strong>gelus</strong></span> <span class='ocrx_word' id='word_1_213' title='bbox 583 2374 876 2455; x_wconf 90' lang='lat' dir='ltr'><strong>Domini,</strong></span> <span class='ocrx_word' id='word_1_214' title='bbox 938 2389 1001 2444; x_wconf 87' lang='lat' dir='ltr'><strong>et</strong></span> <span class='ocrx_word' id='word_1_215' title='bbox 1046 2394 1320 2442; x_wconf 87' lang='lat' dir='ltr'><strong>omnem</strong></span> <span class='ocrx_word' id='word_1_216' title='bbox 1379 2372 1639 2443; x_wconf 91' lang='lat' dir='ltr'><strong>clibani</strong></span> <span class='ocrx_word' id='word_1_217' title='bbox 1708 2373 2039 2443; x_wconf 85' lang='lat' dir='ltr'><strong>fervorem</strong></span> <span class='ocrx_word' id='word_1_218' title='bbox 2090 2374 2416 2454; x_wconf 82' lang='lat' dir='ltr'><strong>extinxit,</strong></span> <span class='ocrx_word' id='word_1_219' title='bbox 2472 2384 2889 2459; x_wconf 87' lang='lat' dir='ltr'><strong>sanctusque</strong></span> 
     </span>
     <span class='ocr_line' id='line_1_25' title="bbox 343 2461 2889 2552; baseline -0 -20"><span class='ocrx_word' id='word_1_220' title='bbox 343 2464 533 2532; x_wconf 88' lang='lat' dir='ltr'><strong>Vitus</strong></span> <span class='ocrx_word' id='word_1_221' title='bbox 582 2477 770 2535; x_wconf 86' lang='lat' dir='ltr'><strong>stans</strong></span> <span class='ocrx_word' id='word_1_222' title='bbox 802 2465 869 2533; x_wconf 93' lang='lat' dir='ltr'><strong>in</strong></span> <span class='ocrx_word' id='word_1_223' title='bbox 903 2462 1125 2533; x_wconf 91' lang='lat' dir='ltr'><strong>medio</strong></span> <span class='ocrx_word' id='word_1_224' title='bbox 1159 2461 1439 2543; x_wconf 91' lang='lat' dir='ltr'><strong>clibani,</strong></span> <span class='ocrx_word' id='word_1_225' title='bbox 1475 2462 1813 2552; x_wconf 88' lang='lat' dir='ltr'><strong>hymnum</strong></span> <span class='ocrx_word' id='word_1_226' title='bbox 1849 2462 2118 2534; x_wconf 90' lang='lat' dir='ltr'><strong>dicebat</strong></span> <span class='ocrx_word' id='word_1_227' title='bbox 2154 2463 2463 2533; x_wconf 88' lang='lat' dir='ltr'><strong>Domino:</strong></span> <span class='ocrx_word' id='word_1_228' title='bbox 2503 2483 2889 2549; x_wconf 89' lang='lat' dir='ltr'><strong>vocansque</strong></span> 
     </span>
     <span class='ocr_line' id='line_1_26' title="bbox 265 2551 2890 2642; baseline 0 -23"><span class='ocrx_word' id='word_1_229' title='bbox 265 2568 272 2575; x_wconf 86' lang='lat'><strong>·</strong></span> <span class='ocrx_word' id='word_1_230' title='bbox 344 2552 839 2623; x_wconf 89' lang='lat' dir='ltr'><strong>Diocletianum</strong></span> <span class='ocrx_word' id='word_1_231' title='bbox 909 2558 1435 2642; x_wconf 78' lang='lat' dir='ltr'><strong>Imperatorem,</strong></span> <span class='ocrx_word' id='word_1_232' title='bbox 1489 2552 1660 2622; x_wconf 87' lang='lat' dir='ltr'><strong>dixit</strong></span> <span class='ocrx_word' id='word_1_233' title='bbox 1706 2553 1805 2622; x_wconf 88' lang='lat' dir='ltr'><strong>ei:</strong></span> <span class='ocrx_word' id='word_1_234' title='bbox 1867 2578 1891 2615; x_wconf 74' lang='grc' dir='ltr'>ι</span> <span class='ocrx_word' id='word_1_235' title='bbox 1936 2553 2199 2622; x_wconf 89' lang='lat' dir='ltr'><strong>Gratias</strong></span> <span class='ocrx_word' id='word_1_236' title='bbox 2274 2551 2395 2622; x_wconf 91' lang='lat' dir='ltr'><strong>tibi</strong></span> <span class='ocrx_word' id='word_1_237' title='bbox 2446 2573 2574 2642; x_wconf 87' lang='lat' dir='ltr'><strong>ago</strong></span> <span class='ocrx_word' id='word_1_238' title='bbox 2634 2551 2890 2620; x_wconf 86' lang='lat' dir='ltr'><strong>Diocle-</strong></span> 
     </span>
     <span class='ocr_line' id='line_1_27' title="bbox 342 2639 2889 2729; baseline 0 -21"><span class='ocrx_word' id='word_1_239' title='bbox 342 2641 524 2709; x_wconf 88' lang='lat' dir='ltr'><strong>tiane</strong></span> <span class='ocrx_word' id='word_1_240' title='bbox 557 2655 621 2710; x_wconf 90' lang='lat' dir='ltr'><strong>et</strong></span> <span class='ocrx_word' id='word_1_241' title='bbox 672 2641 1004 2710; x_wconf 90' lang='lat' dir='ltr'><strong>ministris</strong></span> <span class='ocrx_word' id='word_1_242' title='bbox 1041 2641 1198 2720; x_wconf 89' lang='lat' dir='ltr'><strong>tuis,</strong></span> <span class='ocrx_word' id='word_1_243' title='bbox 1251 2639 1432 2727; x_wconf 91' lang='lat' dir='ltr'><strong>quod</strong></span> <span class='ocrx_word' id='word_1_244' title='bbox 1484 2653 1620 2710; x_wconf 90' lang='lat' dir='ltr'><strong>tam</strong></span> <span class='ocrx_word' id='word_1_245' title='bbox 1672 2641 2114 2711; x_wconf 90' lang='lat' dir='ltr'><strong>commodum</strong></span> <span class='ocrx_word' id='word_1_246' title='bbox 2165 2640 2334 2708; x_wconf 89' lang='lat' dir='ltr'><strong>mihi</strong></span> <span class='ocrx_word' id='word_1_247' title='bbox 2369 2640 2715 2709; x_wconf 89' lang='lat' dir='ltr'><strong>lavacrum</strong></span> <span class='ocrx_word' id='word_1_248' title='bbox 2766 2661 2889 2729; x_wconf 91' lang='lat' dir='ltr'><strong>ap-</strong></span> 
     </span>
     <span class='ocr_line' id='line_1_28' title="bbox 343 2728 2890 2820; baseline -0 -22"><span class='ocrx_word' id='word_1_249' title='bbox 343 2731 711 2820; x_wconf 72' lang='lat' dir='ltr'><strong>parastiS.»</strong></span> <span class='ocrx_word' id='word_1_250' title='bbox 744 2735 934 2799; x_wconf 89' lang='lat' dir='ltr'><strong>Tunc</strong></span> <span class='ocrx_word' id='word_1_251' title='bbox 973 2730 1273 2820; x_wconf 89' lang='lat' dir='ltr'><strong>populus</strong></span> <span class='ocrx_word' id='word_1_252' title='bbox 1307 2728 1671 2800; x_wconf 89' lang='lat' dir='ltr'><strong>universus</strong></span> <span class='ocrx_word' id='word_1_253' title='bbox 1700 2752 1857 2800; x_wconf 90' lang='lat' dir='ltr'><strong>voce</strong></span> <span class='ocrx_word' id='word_1_254' title='bbox 1899 2728 2167 2799; x_wconf 88' lang='lat' dir='ltr'><strong>sublata</strong></span> <span class='ocrx_word' id='word_1_255' title='bbox 2198 2728 2623 2798; x_wconf 84' lang='lat' dir='ltr'><strong>exclamavit:</strong></span> <span class='ocrx_word' id='word_1_256' title='bbox 2679 2733 2890 2797; x_wconf 87' lang='lat' dir='ltr'><strong>Tanta</strong></span> 
     </span>
     <span class='ocr_line' id='line_1_29' title="bbox 344 2817 2890 2908; baseline 0 -23"><span class='ocrx_word' id='word_1_257' title='bbox 344 2817 694 2888; x_wconf 88' lang='lat' dir='ltr'><strong>mirabilia</strong></span> <span class='ocrx_word' id='word_1_258' title='bbox 744 2840 1102 2906; x_wconf 90' lang='lat' dir='ltr'><strong>nunquam</strong></span> <span class='ocrx_word' id='word_1_259' title='bbox 1148 2817 1472 2887; x_wconf 89' lang='lat' dir='ltr'><strong>vidimus.</strong></span> <span class='ocrx_word' id='word_1_260' title='bbox 1540 2822 1794 2888; x_wconf 88' lang='lat' dir='ltr'><strong>Revera</strong></span> <span class='ocrx_word' id='word_1_261' title='bbox 1843 2840 2045 2888; x_wconf 90' lang='lat' dir='ltr'><strong>verus</strong></span> <span class='ocrx_word' id='word_1_262' title='bbox 2092 2831 2158 2890; x_wconf 90' lang='lat' dir='ltr'><strong>et</strong></span> <span class='ocrx_word' id='word_1_263' title='bbox 2206 2840 2502 2908; x_wconf 90' lang='lat' dir='ltr'><strong>magnus</strong></span> <span class='ocrx_word' id='word_1_264' title='bbox 2561 2829 2663 2886; x_wconf 88' lang='lat' dir='ltr'><strong>est</strong></span> <span class='ocrx_word' id='word_1_265' title='bbox 2716 2821 2890 2886; x_wconf 91' lang='lat' dir='ltr'><strong>Deus</strong></span> 
     </span>
     <span class='ocr_line' id='line_1_30' title="bbox 346 2905 2887 2998; baseline 0 -23"><span class='ocrx_word' id='word_1_266' title='bbox 346 2908 548 2996; x_wconf 90' lang='lat' dir='ltr'><strong>pueri</strong></span> <span class='ocrx_word' id='word_1_267' title='bbox 597 2908 831 2998; x_wconf 88' lang='lat' dir='ltr'><strong>hujus.</strong></span> <span class='ocrx_word' id='word_1_268' title='bbox 887 2907 1182 2976; x_wconf 87' lang='lat' dir='ltr'><strong>Exiliens</strong></span> <span class='ocrx_word' id='word_1_269' title='bbox 1239 2920 1466 2976; x_wconf 89' lang='lat' dir='ltr'><strong>autem</strong></span> <span class='ocrx_word' id='word_1_270' title='bbox 1519 2907 1761 2977; x_wconf 88' lang='lat' dir='ltr'><strong>beatus</strong></span> <span class='ocrx_word' id='word_1_271' title='bbox 1810 2907 2001 2978; x_wconf 81' lang='lat' dir='ltr'><strong>Vitus</strong></span> <span class='ocrx_word' id='word_1_272' title='bbox 2054 2929 2091 2975; x_wconf 90' lang='lat' dir='ltr'><strong>e</strong></span> <span class='ocrx_word' id='word_1_273' title='bbox 2137 2906 2446 2987; x_wconf 90' lang='lat' dir='ltr'><strong>clibano,</strong></span> <span class='ocrx_word' id='word_1_274' title='bbox 2506 2905 2766 2976; x_wconf 90' lang='lat' dir='ltr'><strong>nullam</strong></span> <span class='ocrx_word' id='word_1_275' title='bbox 2819 2906 2887 2975; x_wconf 91' lang='lat' dir='ltr'><strong>in</strong></span> 
     </span>
     <span class='ocr_line' id='line_1_31' title="bbox 341 2994 2888 3085; baseline -0.001 -20"><span class='ocrx_word' id='word_1_276' title='bbox 341 3016 628 3085; x_wconf 88' lang='lat' dir='ltr'><strong>corpore</strong></span> <span class='ocrx_word' id='word_1_277' title='bbox 664 2995 1004 3065; x_wconf 90' lang='lat' dir='ltr'><strong>maculam</strong></span> <span class='ocrx_word' id='word_1_278' title='bbox 1041 2996 1305 3077; x_wconf 87' lang='lat' dir='ltr'><strong>habuit,</strong></span> <span class='ocrx_word' id='word_1_279' title='bbox 1346 2996 1559 3066; x_wconf 88' lang='lat' dir='ltr'><strong>immo</strong></span> <span class='ocrx_word' id='word_1_280' title='bbox 1596 3018 1749 3065; x_wconf 88' lang='lat' dir='ltr'><strong>vero</strong></span> <span class='ocrx_word' id='word_1_281' title='bbox 1796 3019 1957 3069; x_wconf 89' lang='lat' dir='ltr'><strong>caro</strong></span> <span class='ocrx_word' id='word_1_282' title='bbox 2003 2996 2155 3085; x_wconf 85' lang='lat' dir='ltr'><strong>ejus</strong></span> <span class='ocrx_word' id='word_1_283' title='bbox 2207 2995 2400 3065; x_wconf 90' lang='lat' dir='ltr'><strong>niveo</strong></span> <span class='ocrx_word' id='word_1_284' title='bbox 2432 2995 2730 3064; x_wconf 88' lang='lat' dir='ltr'><strong>candore</strong></span> <span class='ocrx_word' id='word_1_285' title='bbox 2785 2994 2888 3062; x_wconf 92' lang='lat' dir='ltr'><strong>ni-</strong></span> 
     </span>
     <span class='ocr_line' id='line_1_32' title="bbox 341 3084 2884 3176; baseline -0 -23"><span class='ocrx_word' id='word_1_286' title='bbox 341 3084 548 3154; x_wconf 86' lang='lat' dir='ltr'><strong>tebat.</strong></span> <span class='ocrx_word' id='word_1_287' title='bbox 604 3090 838 3171; x_wconf 89' lang='lat' dir='ltr'><strong>Itaque</strong></span> <span class='ocrx_word' id='word_1_288' title='bbox 879 3084 1179 3174; x_wconf 87' lang='lat' dir='ltr'><strong>psallens</strong></span> <span class='ocrx_word' id='word_1_289' title='bbox 1209 3085 1516 3154; x_wconf 90' lang='lat' dir='ltr'><strong>dicebat:</strong></span> <span class='ocrx_word' id='word_1_290' title='bbox 1557 3087 1865 3155; x_wconf 74' lang='lat' dir='ltr'><strong>Probasti</strong></span> <span class='ocrx_word' id='word_1_291' title='bbox 1907 3108 2011 3154; x_wconf 85' lang='lat' dir='ltr'><strong>me</strong></span> <span class='ocrx_word' id='word_1_292' title='bbox 2057 3086 2331 3154; x_wconf 76' lang='lat' dir='ltr'><strong>Domine</strong></span> <span class='ocrx_word' id='word_1_293' title='bbox 2364 3086 2563 3176; x_wconf 77' lang='lat' dir='ltr'><strong>quasi</strong></span> <span class='ocrx_word' id='word_1_294' title='bbox 2609 3106 2884 3163; x_wconf 75' lang='lat' dir='ltr'><strong>aarum,</strong></span> 
     </span>
     <span class='ocr_line' id='line_1_33' title="bbox 341 3172 2884 3265; baseline -0 -24"><span class='ocrx_word' id='word_1_295' title='bbox 341 3174 498 3263; x_wconf 74' lang='lat' dir='ltr'><strong>iqne</strong></span> <span class='ocrx_word' id='word_1_296' title='bbox 527 3197 630 3243; x_wconf 86' lang='lat' dir='ltr'><strong>me</strong></span> <span class='ocrx_word' id='word_1_297' title='bbox 671 3176 1105 3254; x_wconf 71' lang='lat' dir='ltr'><strong>emamz‘nasti,</strong></span> <span class='ocrx_word' id='word_1_298' title='bbox 1149 3185 1210 3243; x_wconf 79' lang='lat' dir='ltr'><strong>et</strong></span> <span class='ocrx_word' id='word_1_299' title='bbox 1241 3197 1369 3242; x_wconf 84' lang='lat' dir='ltr'><strong>non</strong></span> <span class='ocrx_word' id='word_1_300' title='bbox 1407 3185 1500 3243; x_wconf 79' lang='lat' dir='ltr'><strong>est</strong></span> <span class='ocrx_word' id='word_1_301' title='bbox 1530 3175 1805 3243; x_wconf 77' lang='lat' dir='ltr'><strong>inventa</strong></span> <span class='ocrx_word' id='word_1_302' title='bbox 1837 3177 1905 3243; x_wconf 78' lang='lat' dir='ltr'><strong>in</strong></span> <span class='ocrx_word' id='word_1_303' title='bbox 1930 3197 2032 3243; x_wconf 83' lang='lat' dir='ltr'><strong>me</strong></span> <span class='ocrx_word' id='word_1_304' title='bbox 2075 3175 2398 3265; x_wconf 77' lang='lat' dir='ltr'><strong>iniquitas</strong></span> <span class='ocrx_word' id='word_1_305' title='bbox 2425 3174 2565 3263; x_wconf 67' lang='lat' dir='ltr'><strong>(Em</strong></span> <span class='ocrx_word' id='word_1_306' title='bbox 2594 3178 2700 3242; x_wconf 85' lang='lat' dir='ltr'><strong>Ps.</strong></span> <span class='ocrx_word' id='word_1_307' title='bbox 2748 3172 2884 3261; x_wconf 78' lang='grc'>16).</span> 
     </span>
     <span class='ocr_line' id='line_1_34' title="bbox 342 3262 2890 3354; baseline 0.001 -25"><span class='ocrx_word' id='word_1_308' title='bbox 342 3265 549 3332; x_wconf 88' lang='lat' dir='ltr'><strong>Porro</strong></span> <span class='ocrx_word' id='word_1_309' title='bbox 586 3267 1070 3354; x_wconf 85' lang='lat' dir='ltr'><strong>Imperatorem</strong></span> <span class='ocrx_word' id='word_1_310' title='bbox 1111 3262 1514 3352; x_wconf 85' lang='lat' dir='ltr'><strong>objurgans,</strong></span> <span class='ocrx_word' id='word_1_311' title='bbox 1572 3286 1607 3328; x_wconf 89' lang='lat'>«</span> <span class='ocrx_word' id='word_1_312' title='bbox 1645 3265 2007 3344; x_wconf 86' lang='lat' dir='ltr'><strong>Erubesce,</strong></span> <span class='ocrx_word' id='word_1_313' title='bbox 2062 3262 2308 3350; x_wconf 90' lang='lat' dir='ltr'><strong>inquit,</strong></span> <span class='ocrx_word' id='word_1_314' title='bbox 2350 3283 2508 3332; x_wconf 92' lang='lat' dir='ltr'><strong>cum</strong></span> <span class='ocrx_word' id='word_1_315' title='bbox 2546 3275 2734 3351; x_wconf 92' lang='lat' dir='ltr'><strong>patre</strong></span> <span class='ocrx_word' id='word_1_316' title='bbox 2776 3274 2890 3331; x_wconf 89' lang='lat' dir='ltr'><strong>tuo</strong></span> 
     </span>
     <span class='ocr_line' id='line_1_35' title="bbox 341 3350 2888 3449; baseline -0 -30"><span class='ocrx_word' id='word_1_317' title='bbox 341 3363 606 3449; x_wconf 77' lang='lat' dir='ltr'><strong>satana3</strong></span> <span class='ocrx_word' id='word_1_318' title='bbox 648 3351 815 3420; x_wconf 93' lang='lat' dir='ltr'><strong>dum</strong></span> <span class='ocrx_word' id='word_1_319' title='bbox 866 3350 1144 3440; x_wconf 81' lang='lat' dir='ltr'><strong>aspiciS,</strong></span> <span class='ocrx_word' id='word_1_320' title='bbox 1188 3365 1517 3437; x_wconf 89' lang='lat' dir='ltr'><strong>quantam</strong></span> <span class='ocrx_word' id='word_1_321' title='bbox 1569 3351 1888 3422; x_wconf 88' lang='lat' dir='ltr'><strong>virtutem</strong></span> <span class='ocrx_word' id='word_1_322' title='bbox 1939 3351 2242 3422; x_wconf 89' lang='lat' dir='ltr'><strong>declarat</strong></span> <span class='ocrx_word' id='word_1_323' title='bbox 2301 3351 2634 3421; x_wconf 89' lang='lat' dir='ltr'><strong>Dominus</strong></span> <span class='ocrx_word' id='word_1_324' title='bbox 2693 3371 2888 3419; x_wconf 90' lang='lat' dir='ltr'><strong>meus</strong></span> 
     </span>
     <span class='ocr_line' id='line_1_36' title="bbox 343 3460 1933 3509; baseline -0.001 -2"><span class='ocrx_word' id='word_1_325' title='bbox 343 3460 414 3508; x_wconf 92' lang='lat' dir='ltr'><strong>1n</strong></span> <span class='ocrx_word' id='word_1_326' title='bbox 469 3461 575 3508; x_wconf 92' lang='lat' dir='ltr'><strong>me</strong></span> <span class='ocrx_word' id='word_1_327' title='bbox 608 3461 879 3509; x_wconf 88' lang='lat' dir='ltr'><strong>servum</strong></span> <span class='ocrx_word' id='word_1_328' title='bbox 917 3460 1197 3509; x_wconf 85' lang='lat' dir='ltr'><strong>suum.»</strong></span> <span class='ocrx_word' id='word_1_329' title='bbox 1928 3498 1933 3505; x_wconf 86' lang='lat'><strong>.</strong></span> 
     </span>
    </p>

    <p class='ocr_par' dir='ltr' id='par_1_4' title="bbox 335 3526 2906 4505">
     <span class='ocr_line' id='line_1_37' title="bbox 433 3526 2894 3620; baseline -0.002 -19"><span class='ocrx_word' id='word_1_330' title='bbox 433 3530 470 3614; x_wconf 70' lang='grc' dir='ltr'>ξ</span> <span class='ocrx_word' id='word_1_331' title='bbox 516 3534 649 3601; x_wconf 81' lang='lat'><strong>11.</strong></span> <span class='ocrx_word' id='word_1_332' title='bbox 709 3533 1088 3618; x_wconf 90' lang='lat' dir='ltr'><strong>Imperator</strong></span> <span class='ocrx_word' id='word_1_333' title='bbox 1136 3527 1347 3619; x_wconf 88' lang='lat' dir='ltr'><strong>igitur</strong></span> <span class='ocrx_word' id='word_1_334' title='bbox 1383 3528 1603 3619; x_wconf 89' lang='lat' dir='ltr'><strong>magis</strong></span> <span class='ocrx_word' id='word_1_335' title='bbox 1649 3551 1731 3598; x_wconf 91' lang='lat' dir='ltr'><strong>ac</strong></span> <span class='ocrx_word' id='word_1_336' title='bbox 1764 3529 1985 3620; x_wconf 89' lang='lat' dir='ltr'><strong>magis</strong></span> <span class='ocrx_word' id='word_1_337' title='bbox 2014 3528 2115 3598; x_wconf 72' lang='lat' dir='ltr'><strong>ira</strong></span> <span class='ocrx_word' id='word_1_338' title='bbox 2164 3528 2659 3607; x_wconf 76' lang='lat' dir='ltr'><strong>inflammatu3‚</strong></span> <span class='ocrx_word' id='word_1_339' title='bbox 2695 3526 2894 3617; x_wconf 85' lang='lat' dir='ltr'><strong>jubet</strong></span> 
     </span>
     <span class='ocr_line' id='line_1_38' title="bbox 347 3615 2894 3718; baseline 0 -34"><span class='ocrx_word' id='word_1_340' title='bbox 347 3615 598 3685; x_wconf 89' lang='lat' dir='ltr'><strong>adduci</strong></span> <span class='ocrx_word' id='word_1_341' title='bbox 631 3616 927 3697; x_wconf 76' lang='lat' dir='ltr'><strong>leonem,</strong></span> <span class='ocrx_word' id='word_1_342' title='bbox 982 3618 1186 3718; x_wconf 77' lang='lat' dir='ltr'><strong>cujus</strong></span> <span class='ocrx_word' id='word_1_343' title='bbox 1214 3617 1419 3686; x_wconf 88' lang='lat' dir='ltr'><strong>etiam</strong></span> <span class='ocrx_word' id='word_1_344' title='bbox 1475 3618 1745 3707; x_wconf 87' lang='lat' dir='ltr'><strong>rugitus</strong></span> <span class='ocrx_word' id='word_1_345' title='bbox 1795 3616 2200 3687; x_wconf 87' lang='lat' dir='ltr'><strong>hominibus</strong></span> <span class='ocrx_word' id='word_1_346' title='bbox 2249 3638 2460 3708; x_wconf 90' lang='lat' dir='ltr'><strong>prope</strong></span> <span class='ocrx_word' id='word_1_347' title='bbox 2492 3630 2670 3687; x_wconf 88' lang='lat' dir='ltr'><strong>esset</strong></span> <span class='ocrx_word' id='word_1_348' title='bbox 2718 3616 2894 3685; x_wconf 90' lang='lat' dir='ltr'><strong>into-</strong></span> 
     </span>
     <span class='ocr_line' id='line_1_39' title="bbox 346 3704 2895 3796; baseline 0.001 -24"><span class='ocrx_word' id='word_1_349' title='bbox 346 3704 674 3776; x_wconf 88' lang='lat' dir='ltr'><strong>lerabilis.</strong></span> <span class='ocrx_word' id='word_1_350' title='bbox 711 3704 1017 3776; x_wconf 84' lang='lat' dir='ltr'><strong>Adducto</strong></span> <span class='ocrx_word' id='word_1_351' title='bbox 1058 3706 1200 3786; x_wconf 83' lang='lat' dir='ltr'><strong>illo,</strong></span> <span class='ocrx_word' id='word_1_352' title='bbox 1239 3706 1334 3775; x_wconf 88' lang='lat' dir='ltr'><strong>ait</strong></span> <span class='ocrx_word' id='word_1_353' title='bbox 1381 3705 1464 3774; x_wconf 93' lang='lat' dir='ltr'><strong>ad</strong></span> <span class='ocrx_word' id='word_1_354' title='bbox 1519 3710 1583 3775; x_wconf 93' lang='lat' dir='ltr'><strong>S.</strong></span> <span class='ocrx_word' id='word_1_355' title='bbox 1642 3706 1894 3776; x_wconf 89' lang='lat' dir='ltr'><strong>Vitum:</strong></span> <span class='ocrx_word' id='word_1_356' title='bbox 1956 3731 1981 3770; x_wconf 74' lang='grc' dir='ltr'>ι</span> <span class='ocrx_word' id='word_1_357' title='bbox 2012 3710 2187 3775; x_wconf 89' lang='lat' dir='ltr'><strong>Num</strong></span> <span class='ocrx_word' id='word_1_358' title='bbox 2219 3705 2424 3775; x_wconf 88' lang='lat' dir='ltr'><strong>etiam</strong></span> <span class='ocrx_word' id='word_1_359' title='bbox 2474 3705 2585 3775; x_wconf 91' lang='lat' dir='ltr'><strong>hic</strong></span> <span class='ocrx_word' id='word_1_360' title='bbox 2618 3725 2895 3796; x_wconf 87' lang='lat' dir='ltr'><strong>praeva-</strong></span> 
     </span>
     <span class='ocr_line' id='line_1_40' title="bbox 344 3792 2889 3896; baseline 0.001 -35"><span class='ocrx_word' id='word_1_361' title='bbox 344 3792 582 3864; x_wconf 90' lang='lat' dir='ltr'><strong>lebunt</strong></span> <span class='ocrx_word' id='word_1_362' title='bbox 625 3794 931 3885; x_wconf 88' lang='lat' dir='ltr'><strong>magicae</strong></span> <span class='ocrx_word' id='word_1_363' title='bbox 969 3808 1148 3865; x_wconf 91' lang='lat' dir='ltr'><strong>artes</strong></span> <span class='ocrx_word' id='word_1_364' title='bbox 1182 3810 1335 3863; x_wconf 90' lang='lat' dir='ltr'><strong>tuae</strong></span> <span class='ocrx_word' id='word_1_365' title='bbox 1354 3797 1425 3862; x_wconf 61' lang='grc' dir='ltr'><strong>ἲ»</strong></span> <span class='ocrx_word' id='word_1_366' title='bbox 1482 3798 1775 3865; x_wconf 90' lang='lat' dir='ltr'><strong>Sanctus</strong></span> <span class='ocrx_word' id='word_1_367' title='bbox 1809 3794 2002 3864; x_wconf 88' lang='lat' dir='ltr'><strong>Vitus</strong></span> <span class='ocrx_word' id='word_1_368' title='bbox 2046 3794 2437 3896; x_wconf 90' lang='lat' dir='ltr'><strong>respondit:</strong></span> <span class='ocrx_word' id='word_1_369' title='bbox 2478 3794 2889 3887; x_wconf 85' lang='lat' dir='ltr'><strong>«Insipiens,</strong></span> 
     </span>
     <span class='ocr_line' id='line_1_41' title="bbox 350 3882 2894 3963; baseline 0 -11"><span class='ocrx_word' id='word_1_370' title='bbox 350 3882 593 3963; x_wconf 86' lang='lat' dir='ltr'><strong>stulte,</strong></span> <span class='ocrx_word' id='word_1_371' title='bbox 648 3905 775 3951; x_wconf 92' lang='lat' dir='ltr'><strong>cur</strong></span> <span class='ocrx_word' id='word_1_372' title='bbox 824 3882 1098 3953; x_wconf 86' lang='lat' dir='ltr'><strong>tandem</strong></span> <span class='ocrx_word' id='word_1_373' title='bbox 1153 3905 1284 3953; x_wconf 88' lang='lat' dir='ltr'><strong>non</strong></span> <span class='ocrx_word' id='word_1_374' title='bbox 1344 3882 1640 3952; x_wconf 87' lang='lat' dir='ltr'><strong>advertis</strong></span> <span class='ocrx_word' id='word_1_375' title='bbox 1701 3882 1942 3952; x_wconf 91' lang='lat' dir='ltr'><strong>adesse</strong></span> <span class='ocrx_word' id='word_1_376' title='bbox 2002 3882 2176 3952; x_wconf 81' lang='lat' dir='ltr'><strong>mihi</strong></span> <span class='ocrx_word' id='word_1_377' title='bbox 2225 3884 2592 3953; x_wconf 89' lang='lat' dir='ltr'><strong>Dominum</strong></span> <span class='ocrx_word' id='word_1_378' title='bbox 2663 3903 2894 3952; x_wconf 90' lang='lat' dir='ltr'><strong>meum</strong></span> 
     </span>
     <span class='ocr_line' id='line_1_42' title="bbox 342 3970 2900 4062; baseline 0.001 -23"><span class='ocrx_word' id='word_1_379' title='bbox 342 3974 578 4040; x_wconf 87' lang='lat' dir='ltr'><strong>Jesum</strong></span> <span class='ocrx_word' id='word_1_380' title='bbox 614 3970 984 4053; x_wconf 87' lang='lat' dir='ltr'><strong>Christum,</strong></span> <span class='ocrx_word' id='word_1_381' title='bbox 1037 3973 1239 4061; x_wconf 88' lang='lat' dir='ltr'><strong>cujus</strong></span> <span class='ocrx_word' id='word_1_382' title='bbox 1277 3972 1486 4061; x_wconf 88' lang='lat' dir='ltr'><strong>jussu</strong></span> <span class='ocrx_word' id='word_1_383' title='bbox 1519 3994 1627 4041; x_wconf 92' lang='lat' dir='ltr'><strong>me</strong></span> <span class='ocrx_word' id='word_1_384' title='bbox 1654 3977 1748 4041; x_wconf 81' lang='lat' dir='ltr'><strong>An</strong></span> <span class='ocrx_word' id='word_1_385' title='bbox 1804 3971 1955 4041; x_wconf 88' lang='lat' dir='ltr'><strong>elus</strong></span> <span class='ocrx_word' id='word_1_386' title='bbox 1984 3970 2135 4060; x_wconf 89' lang='lat' dir='ltr'><strong>ejus</strong></span> <span class='ocrx_word' id='word_1_387' title='bbox 2180 3971 2265 4041; x_wconf 90' lang='lat' dir='ltr'><strong>de</strong></span> <span class='ocrx_word' id='word_1_388' title='bbox 2300 3972 2539 4062; x_wconf 91' lang='lat' dir='ltr'><strong>poenis</strong></span> <span class='ocrx_word' id='word_1_389' title='bbox 2572 3971 2900 4042; x_wconf 87' lang='lat' dir='ltr'><strong>omnibus</strong></span> 
     </span>
     <span class='ocr_line' id='line_1_43' title="bbox 345 3995 2902 4151; baseline 0 -23"><span class='ocrx_word' id='word_1_390' title='bbox 345 4071 412 4128; x_wconf 88' lang='lat' dir='ltr'><strong>et</strong></span> <span class='ocrx_word' id='word_1_391' title='bbox 457 4060 541 4129; x_wconf 89' lang='lat' dir='ltr'><strong>de</strong></span> <span class='ocrx_word' id='word_1_392' title='bbox 578 4060 713 4129; x_wconf 89' lang='lat' dir='ltr'><strong>tuis</strong></span> <span class='ocrx_word' id='word_1_393' title='bbox 749 4062 1235 4151; x_wconf 82' lang='lat' dir='ltr'><strong>manibusjam</strong></span> <span class='ocrx_word' id='word_1_394' title='bbox 1287 3995 2186 4151; x_wconf 52' lang='lat' dir='ltr'><strong>potentissimeqiberavitb</strong></span> <span class='ocrx_word' id='word_1_395' title='bbox 2229 4066 2534 4149; x_wconf 87' lang='lat' dir='ltr'><strong>Cumque</strong></span> <span class='ocrx_word' id='word_1_396' title='bbox 2568 4060 2902 4132; x_wconf 89' lang='lat' dir='ltr'><strong>dimissus</strong></span> 
     </span>
     <span class='ocr_line' id='line_1_44' title="bbox 343 4148 2906 4240; baseline 0.001 -24"><span class='ocrx_word' id='word_1_397' title='bbox 343 4161 522 4219; x_wconf 90' lang='lat' dir='ltr'><strong>esset</strong></span> <span class='ocrx_word' id='word_1_398' title='bbox 572 4148 698 4230; x_wconf 89' lang='lat' dir='ltr'><strong>leo,</strong></span> <span class='ocrx_word' id='word_1_399' title='bbox 739 4154 803 4219; x_wconf 93' lang='lat' dir='ltr'><strong>S.</strong></span> <span class='ocrx_word' id='word_1_400' title='bbox 862 4150 1050 4219; x_wconf 90' lang='lat' dir='ltr'><strong>Vitus</strong></span> <span class='ocrx_word' id='word_1_401' title='bbox 1099 4151 1377 4240; x_wconf 89' lang='lat' dir='ltr'><strong>signum</strong></span> <span class='ocrx_word' id='word_1_402' title='bbox 1430 4162 1708 4219; x_wconf 89' lang='lat' dir='ltr'><strong>sanctae</strong></span> <span class='ocrx_word' id='word_1_403' title='bbox 1758 4149 1993 4219; x_wconf 91' lang='lat' dir='ltr'><strong>Crucis</strong></span> <span class='ocrx_word' id='word_1_404' title='bbox 2062 4148 2278 4219; x_wconf 91' lang='lat' dir='ltr'><strong>edidit</strong></span> <span class='ocrx_word' id='word_1_405' title='bbox 2334 4149 2402 4217; x_wconf 91' lang='lat' dir='ltr'><strong>in</strong></span> <span class='ocrx_word' id='word_1_406' title='bbox 2456 4148 2654 4220; x_wconf 93' lang='lat' dir='ltr'><strong>illum</strong></span> <span class='ocrx_word' id='word_1_407' title='bbox 2689 4205 2704 4230; x_wconf 91' lang='lat'>‚</span> <span class='ocrx_word' id='word_1_408' title='bbox 2756 4170 2906 4219; x_wconf 87' lang='lat' dir='ltr'><strong>cor-</strong></span> 
     </span>
     <span class='ocr_line' id='line_1_45' title="bbox 343 4236 2904 4330; baseline 0.001 -26"><span class='ocrx_word' id='word_1_409' title='bbox 343 4237 623 4325; x_wconf 86' lang='lat' dir='ltr'><strong>ruitque</strong></span> <span class='ocrx_word' id='word_1_410' title='bbox 667 4237 768 4307; x_wconf 91' lang='lat' dir='ltr'><strong>leo</strong></span> <span class='ocrx_word' id='word_1_411' title='bbox 816 4238 899 4306; x_wconf 92' lang='lat' dir='ltr'><strong>ad</strong></span> <span class='ocrx_word' id='word_1_412' title='bbox 956 4238 1160 4329; x_wconf 85' lang='lat' dir='ltr'><strong>pedes</strong></span> <span class='ocrx_word' id='word_1_413' title='bbox 1223 4239 1411 4326; x_wconf 81' lang='lat' dir='ltr'><strong>ejuS,</strong></span> <span class='ocrx_word' id='word_1_414' title='bbox 1470 4250 1918 4328; x_wconf 89' lang='lat' dir='ltr'><strong>porrectaque</strong></span> <span class='ocrx_word' id='word_1_415' title='bbox 1984 4238 2227 4329; x_wconf 65' lang='lat' dir='ltr'><strong>lingua</strong></span> <span class='ocrx_word' id='word_1_416' title='bbox 2278 4236 2584 4330; x_wconf 83' lang='lat' dir='ltr'><strong>lingebat</strong></span> <span class='ocrx_word' id='word_1_417' title='bbox 2632 4237 2904 4329; x_wconf 90' lang='lat' dir='ltr'><strong>plantas</strong></span> 
     </span>
     <span class='ocr_line' id='line_1_46' title="bbox 342 4325 2906 4417; baseline 0 -24"><span class='ocrx_word' id='word_1_418' title='bbox 342 4325 518 4414; x_wconf 88' lang='lat' dir='ltr'><strong>ejus.</strong></span> <span class='ocrx_word' id='word_1_419' title='bbox 592 4326 767 4396; x_wconf 89' lang='lat' dir='ltr'><strong>Dixit</strong></span> <span class='ocrx_word' id='word_1_420' title='bbox 836 4339 1064 4397; x_wconf 88' lang='lat' dir='ltr'><strong>autem</strong></span> <span class='ocrx_word' id='word_1_421' title='bbox 1131 4327 1373 4396; x_wconf 86' lang='lat' dir='ltr'><strong>beatus</strong></span> <span class='ocrx_word' id='word_1_422' title='bbox 1411 4349 1581 4417; x_wconf 92' lang='lat' dir='ltr'><strong>puer</strong></span> <span class='ocrx_word' id='word_1_423' title='bbox 1630 4327 1714 4395; x_wconf 90' lang='lat' dir='ltr'><strong>ad</strong></span> <span class='ocrx_word' id='word_1_424' title='bbox 1767 4331 2286 4417; x_wconf 87' lang='lat' dir='ltr'><strong>Imperatorem:</strong></span> <span class='ocrx_word' id='word_1_425' title='bbox 2327 4349 2363 4392; x_wconf 90' lang='lat'>«</span> <span class='ocrx_word' id='word_1_426' title='bbox 2420 4332 2516 4395; x_wconf 89' lang='lat' dir='ltr'><strong>En</strong></span> <span class='ocrx_word' id='word_1_427' title='bbox 2570 4326 2906 4416; x_wconf 87' lang='lat' dir='ltr'><strong>impiissi-</strong></span> 
     </span>
     <span class='ocr_line' id='line_1_47' title="bbox 335 4414 2903 4505; baseline 0.002 -24"><span class='ocrx_word' id='word_1_428' title='bbox 335 4434 469 4495; x_wconf 87' lang='lat' dir='ltr'><strong>me,</strong></span> <span class='ocrx_word' id='word_1_429' title='bbox 526 4414 725 4496; x_wconf 77' lang='lat' dir='ltr'><strong>bruta</strong></span> <span class='ocrx_word' id='word_1_430' title='bbox 786 4415 1117 4485; x_wconf 87' lang='lat' dir='ltr'><strong>animalia</strong></span> <span class='ocrx_word' id='word_1_431' title='bbox 1183 4415 1481 4485; x_wconf 89' lang='lat' dir='ltr'><strong>reddunt</strong></span> <span class='ocrx_word' id='word_1_432' title='bbox 1540 4416 1873 4485; x_wconf 89' lang='lat' dir='ltr'><strong>honorem</strong></span> <span class='ocrx_word' id='word_1_433' title='bbox 1931 4419 2084 4496; x_wconf 91' lang='lat' dir='ltr'><strong>Deo,</strong></span> <span class='ocrx_word' id='word_1_434' title='bbox 2138 4428 2203 4485; x_wconf 90' lang='lat' dir='ltr'><strong>et</strong></span> <span class='ocrx_word' id='word_1_435' title='bbox 2253 4428 2326 4485; x_wconf 90' lang='lat' dir='ltr'><strong>tu</strong></span> <span class='ocrx_word' id='word_1_436' title='bbox 2375 4436 2510 4484; x_wconf 94' lang='lat' dir='ltr'><strong>non</strong></span> <span class='ocrx_word' id='word_1_437' title='bbox 2562 4435 2903 4505; x_wconf 88' lang='lat' dir='ltr'><strong>agnosces</strong></span> 
     </span>
    </p>
   </div>
  </div>
 </body>
</html>
