3357 4995
162 383 179 414 ¹
221 329 425 394 JUNII
478 329 517 392 ὃ
1018 346 1094 391 DE
1146 346 1201 392 s.
1254 344 1617 392 nonrssssnro
1665 343 1960 393 Emscoro
2387 316 2393 324 ’
2543 331 2668 395 <169

226 454 263 500 a
301 453 429 518 quo
482 430 927 519 praedicandi
961 429 1435 499 auctoritatem
1478 441 1854 519 acceperat,
1889 431 2185 519 migrare
2233 453 2275 499 a
2323 432 2591 502 seculo:
2643 433 2757 503 cui

229 520 545 591 successit
592 519 893 589 Calixtus
926 519 1327 589 Viennensis
1357 518 1750 609 episcopua
1791 519 1941 607 piae
1973 532 2038 588 et
2084 532 2360 588 sanctae
2399 542 2757 592 conversa-

231 609 421 679 tionis
452 608 684 688 homo‚
722 621 785 677 et
834 608 1085 698 dignae
1133 608 1649 688 recordationis,
1689 629 1891 694 quem
1927 619 2196 677 constat
2242 609 2427 698 apud
2481 609 2756 681 Clunia-

231 720 374 767 cum
424 698 718 767 electum
766 693 1003 777 fuisse:
1037 708 1100 764 et
1149 697 1218 764 in
1271 696 1432 766 sede
1480 695 1893 767 universalis
1933 696 2278 766 Ecclesiae
2374 709 2751 779 otestatem‚

231 786 637 873 honorisque
670 796 735 855 et
783 785 1138 874 dignitatis
1186 784 1458 854 culmen
1511 785 1868 854 communi
1917 785 2229 855 omnium
2282 807 2315 854 e
2348 787 2610 856 ectione
2644 793 2758 857 s'u·

229 876 540 964 scepisse.
588 874 974 944 Transierat
1018 874 1200 943 enim
1242 875 1388 962 jam
1441 874 1668 943 dictus
1702 879 1886 962 Papa·
1923 873 2236 944 Gelasius
2282 897 2443 944 cum
2494 877 2754 945 saniori

225 977 409 1053 parte
457 962 953 1042 Cardinalium,
996 976 1070 1030 nt
1117 974 1423 1032 sanctam
1462 977 1756 1031 matrem
1791 961 2162 1031 Ecclesiam
2193 962 2262 1030 in
2299 964 2632 1033 membris
2657 967 2756 1033 vi-

220 1053 472 1122 sitaret.
512 1058 724 1120 Tanto
764 1051 1058 1137 denique
1110 1063 1297 1140 patre
1328 1051 1545 1121 orbati
1598 1051 2014 1131 cardinales,
2061 1051 2447 1138 caeterique
2480 1068 2757 1123 sanctae

216 1141 559 1218 Ecclesiae
607 1140 730 1208 filii
775 1140 892 1226 qui
926 1141 1006 1208 ad
1050 1140 1370 1226 exequias
1412 1140 1657 1209 Gelasii
1712 1152 2194 1218 convenerant,
2234 1141 2320 1210 ab
2358 1162 2436 1209 eo
2485 1143 2604 1228 qui
2654 1142 2758 1210 di-

210 1244 421 1308 xerat,
463 1235 604 1298 Non
649 1231 1031 1320 relinquam
1079 1251 1190 1297 vos
1231 1229 1583 1318 orphanos,
1640 1227 1930 1297 consilio
1978 1217 2304 1313 quaesito*
2336 1243 2400 1297 et
2446 1244 2749 1320 acceptO,

211 1319 289 1386 ad
350 1317 850 1407 perficiendum
900 1317 1081 1404 quod
1147 1330 1460 1406 coeperat
1527 1317 2046 1406 praedecessor,
2125 1317 2423 1388 Calixtus
2473 1320 2806 1388 Rhemis'

213 1407 586 1476 concilium
640 1407 1054 1475 convocavit.
1116 1406 1237 1474 Ubi
1285 1419 1349 1473 et
1385 1407 1737 1474 introitum
1771 1427 1975 1474 suum
2029 1405 2329 1476 Ecclesia
2379 1408 2751 1476 confirma-

216 1497 324 1571 vit.
366 1510 433 1564 et
486 1497 630 1585 ipse
669 1516 844 1581 quae
892 1495 1064 1563 bene
1096 1507 1285 1584 gesta
1333 1507 1525 1563 erant
1582 1517 1669 1584 ap
1727 1494 1989 1564 robavit
2035 1507 2099 1563 et
2147 1496 2642 1565 corroboravit:
2689 1511 2755 1566 et

211 1607 388 1671 quae
421 1584 709 1654 sinistra
743 1584 1012 1652 inventa
1061 1597 1218 1652 sunt
1248 1597 1312 1651 et
1338 1584 1648 1673 corrigen
1706 1606 1768 1664 a,
1823 1583 2224 1652 auctoritate
2266 1588 2575 1653 Romana
2601 1608 2754 1655 cor-

212 1674 406 1741 rexit.
453 1673 755 1741 Audiens
804 1695 959 1740 vero
1017 1672 1220 1740 homo
1274 1673 1384 1740 Dei
1433 1678 1478 1740 A
1531 1671 1856 1741 ostolicae
1905 1671 2088 1740 sedis
2136 1672 2539 1761 dignitatem
2607 1696 2778 1744 esse·

210 1762 635 1839 innovatam,
676 1760 972 1829 Rhemos
1020 1760 1226 1828 adiit:
1282 1761 1401 1830 ubi
1449 1783 1484 1829 a
1562 1760 1918 1850 Episcopis
1947 1761 2412 1830 etAbbatibus
2438 1763 2558 1848 qui
2588 1786 2752 1832 con—

210 1863 564 1928 venerant,
599 1870 755 1917 cum
808 1849 1064 1948 gaudio
1091 1864 1454 1938 susceptus
1480 1863 1603 1931 est,
1653 1872 1785 1924 non
1834 1850 2200 1918 minimum
2236 1849 2750 1921 admirantibus

205 1961 421 2029 super
471 1936 872 2006 excellentia
912 1938 1273 2007 verborum
1315 1938 1843 2026 praedicationis
1890 1950 1956 2006 et
2004 1938 2532 2027 responsionum
2571 1942 2745 2030 ejus,

204 2032 275 2095 Et
311 2049 403 2094 ne
437 2027 525 2094 ab
575 2025 929 2111 aliquibus
954 2025 1458 2096 oblatrantibus
1488 2049 1655 2096 sana
1687 2028 1836 2115 ejus
1878 2026 2188 2096 doctrina
2224 2028 2294 2095 in
2324 2026 2559 2114 aliquo
2593 2052 2752 2118 pos·

208 2131 310 2185 set
366 2115 735 2192 infirmari,
775 2114 1005 2184 literas
1051 2115 1472 2204 Apostolicae
1512 2115 1962 2196 auctoritatiS,
2008 2137 2181 2201 quas
2207 2137 2243 2182 a
2274 2120 2451 2206 Papa
2484 2117 2751 2189 Gelasio

200 2216 594 2293 acceperat,
636 2205 882 2272 iterum
933 2204 1241 2273 renovari
1289 2204 1680 2289 postulavit.

289 2295 327 2380 ἓ
388 2298 534 2365 21.
590 2292 853 2373 Quibus
905 2293 1228 2382 acceptiS‚
1268 2293 1593 2361 dominus
1645 2298 1827 2381 Papa
1871 2291 2241 2361 venerabili
2311 2295 2749 2364 Laudunensi

196 2383 537 2470 episcopo
577 2381 1095 2449 Bartholomaeo
1141 2381 1509 2471 praecepit,
1546 2394 1620 2449 ut
1669 2403 1907 2449 curam
1945 2381 2093 2470 ejus
2143 2381 2327 2450 susci
2383 2396 2544 2450 eret.
2594 2389 2749 2452 Erat

196 2471 394 2539 enim
438 2470 594 2559 ipse
622 2470 849 2550 hom0,
885 2469 1144 2540 habens
1192 2492 1272 2539 ex
1323 2492 1446 2560 pro
1496 2470 1648 2539 enie
1691 2470 1927 2539 matris
1953 2470 2104 2559 ejus
2134 2491 2306 2556 quos
2360 2493 2467 2539 am
2506 2471 2570 2540 in
2603 2473 2748 2561 epi-

196 2571 526 2648 scopatu,
591 2571 656 2627 et
715 2580 953 2629 eorum
1007 2560 1336 2628 instinctu
1386 2582 1467 2628 su
1526 2560 1830 2628 monitus
1875 2571 2021 2627 erat
2065 2560 2456 2648 episcopus,
2506 2560 2749 2629 liuma-

198 2649 449 2716 nitatis
477 2648 540 2715 ei
591 2670 871 2719 manum
929 2670 1046 2736 per
1076 2647 1353 2734 aliquod
1408 2661 1680 2736 tempus
1730 2648 1914 2737 porri
1967 2669 2101 2716 ere.
2139 2653 2284 2729 Quo
2325 2648 2642 2725 deducto,
2685 2661 2751 2718 et

198 2737 403 2806 finito
435 2736 756 2815 conciliO,
794 2740 973 2825 Papa
1026 2758 1157 2805 non
1213 2750 1360 2825 post
1409 2736 1708 2806 multum
1760 2741 1896 2804 Lau
1956 2758 2171 2805 unum
2227 2735 2520 2804 devenit.
2577 2742 2748 2806 Tum

200 2848 360 2895 vero
412 2825 798 2914 Episcopus
831 2847 989 2893 cum
1030 2830 1207 2914 Papa
1257 2825 1624 2894 consilium
1682 2824 1856 2901 iniit,
1892 2847 2099 2910 quom
2201 2846 2239 2893 o
2272 2845 2429 2892 eum
2461 2826 2750 2895 retinere

202 2927 474 3002 posset:
523 2926 729 2999 atque
766 2935 844 2981 eo
890 2914 1165 2982 nomine
1195 2913 1443 2983 obtulit
1499 2915 1561 2982 ei
1609 2914 1971 2983 ecclesiam
2023 2919 2094 2983 Β.
2197 2914 2400 2981 artini
2453 2936 2628 3000 quae
2678 2916 2745 2983 in

198 3003 548 3073 suburbio
588 3002 717 3070 sita
752 3012 893 3071 est:
940 3003 1005 3069 in
1060 2996 1192 3088 qua
1234 3002 1434 3091 pauci
1485 3002 1728 3073 fratres
1777 3015 1994 3083 erant,
2049 3003 2180 3073 sub
2244 3002 2481 3092 regula
2540 3026 2748 3072 cano-

198 3093 398 3161 nicae
450 3090 900 3181 professionis
931 3090 1277 3181 degentes.
1316 3096 1393 3159 At
1434 3092 1535 3159 vir
1566 3092 1676 3160 Dei
1746 3090 1968 3161 modis
2009 3091 2337 3160 omnibus
2388 3094 2744 3162 renuebat.

199 3181 506 3249 Tandem
554 3201 720 3271 ‘cum
756 3193 1135 3269 cogeretur,
1176 3201 1261 3248 ne
1309 3179 1562 3248 summi
1604 3179 1952 3249 Pontificis
1999 3180 2358 3259 offensam,
2398 3194 2462 3249 et
2510 3181 2748 3250 inobe-

199 3267 506 3338 dientiae
560 3282 785 3336 notam
822 3267 1199 3338 incurreret
1226 3268 1406 3354 quod
1461 3268 1819 3357 petebatur
1866 3269 2137 3348 annuit,
2187 3268 2242 3337 si
2281 3281 2503 3338 tamen
2541 3291 2749 3340 cano-

198 3357 341 3426 nici
376 3357 523 3426 illic
562 3369 1091 3437 commorantes,
1129 3378 1231 3433 ea,
1285 3378 1461 3443 quae
1502 3357 1884 3433 secundum
1938 3356 2416 3446 Evangelicam
2466 3369 2530 3425 et
2577 3363 2750 3448 Apo-

201 3446 517 3516 stolicam
545 3445 1041 3514 institutionem
1066 3467 1180 3515 eos
1202 3445 1531 3514 docturus
1553 3458 1751 3525 esset,
1777 3448 2139 3514 observare
2166 3467 2296 3513 non
2324 3468 2559 3515 recusa
2572 3459 2742 3515 rent.

201 3534 327 3604 Sed
379 3557 545 3605 cum
606 3534 989 3603 ostenderet
1034 3535 1133 3603 eis
1198 3534 1484 3602 formam
1547 3533 1994 3624 Evangelicae
2045 3533 2523 3615 institutionis,
2578 3557 2748 3621 quo-

199 3623 406 3693 modo
454 3622 833 3692 imitatores
881 3623 1151 3701 Christi,
1187 3633 1690 3712 contemptores
1741 3622 2162 3692 mundiesse
2186 3622 2534 3702 deberent,
2572 3645 2743 3709 quo-

200 3713 405 3782 modo
474 3711 856 3801 praeceptis
912 3724 976 3779 et
1038 3710 1297 3801 regulis
1356 3722 1752 3780 sanctorum
1825 3724 2095 3801 patrum
2160 3711 2588 3781 obedientes:
2646 3712 2747 3779 illi

198 3802 429 3869 statim
483 3800 569 3868 ad
621 3800 903 3868 verbum
953 3813 1018 3868 et
1064 3812 1420 3889 aspectum
1484 3800 1635 3888 ejus
1746 3799 2065 3880 erterriti,
2122 3800 2483 3869 dixerunt·:
2537 3799 2748 3869 Nolu-

198 3910 360 3957 mus
408 3889 599 3958 hunc
651 3909 935 3978 regnare
984 3910 1193 3978 super
1242 3910 1388 3967 nos,
1422 3889 1587 3974 quia
1631 3902 1696 3957 ta
1726 3908 1833 3958 em
1869 3889 2277 3979 magistrum
2332 3904 2560 3958 nostra
2606 3911 2739 3957 non

198 3978 389 4046 novit
455 3999 580 4046 nec
648 3977 1248 4067 praedecessorum
1315 3991 1704 4046 nostrorum
1767 3977 2218 4047 consuetudo.
2275 3978 2497 4047 Liceat
2548 3978 2745 4047 nobis

198 4079 433 4134 nostro
487 4087 674 4135 more
720 4066 981 4135 vivere:
1036 4066 1372 4154 castigare
1420 4065 1702 4163 quidem
1773 4070 1945 4136 Deus
2010 4064 2199 4145 vult,
2263 4088 2398 4135 non
2451 4065 2744 4135 mortifi-

196 4175 382 4224 care.
419 4155 528 4223 Sic
577 4154 783 4255 homo
839 4155 951 4222 Dei
990 4168 1056 4223 et
1093 4153 1415 4234 obedivit,
1467 4167 1533 4223 et
1579 4155 1666 4224 ab
1719 4154 2108 4224 obedientia
2157 4155 2449 4237 solutuS‚
2486 4156 2573 4225 ab
2625 4154 2745 4223 illa

202 4264 346 4312 non
389 4257 695 4312 recessit.
978 4322 985 4329 ,

297 4332 337 4417 ἓ
389 4334 549 4401 ²².
602 4331 847 4401 Mansit
906 4332 1132 4417 itaque
1182 4331 1463 4399 ibidem.
1521 4331 1761 4400 Socius
1823 4332 2005 4400 enim
2056 4332 2253 4421 ejus,
2315 4331 2398 4402 de
2451 4353 2587 4417 quo
2635 4354 2750 4399 su-

202 4419 448 4507 perius
505 4420 754 4489 mentio
803 4420 981 4489 facta
1027 4431 1150 4500 est,
1212 4441 1371 4489 cum
1425 4420 1897 4491 Cameracensi
1966 4420 2291 4511 episcopo
2337 4418 2747 4489 -Burchardo
