3357 4995
155 326 378 390 JUNII
428 327 510 390 25
914 345 989 389 nn
1039 345 1093 389 s.
1147 344 1387 391 numo
1435 344 1693 391 uuam.
1747 343 1950 396 muse.
2488 329 2614 394 557

156 451 237 497 as
291 450 483 497 erum
544 440 608 495 et
656 448 973 495 amarum
1030 439 1153 496 est.
1209 433 1374 496 Tum
1427 430 1611 497 enim
1665 442 1898 528 pastor
1945 428 2190 497 Christi
2255 430 2483 518 gregis
2533 430 2703 499 lacte

154 451 490 595 reiicitur,
542 515 820 602 quando
884 516 1219 609 bonorum
1285 537 1571 606 operum
1620 540 1772 606 eJus
1820 517 2114 586 candore
2164 518 2480 587 laetatur.
2537 519 2703 600 Quis

153 606 342 673 enim
395 604 637 674 fratres
688 604 753 673 in
809 604 1000 673 vobis
1042 627 1176 672 non
1228 606 1523 694 graviter
1561 605 1730 676 ferat
1760 607 1928 694 (non
1967 619 2193 674 tamen
2243 606 2326 675 de
2377 607 2704 677 omnibus

153 694 339 772 dico;
394 705 557 763 sunt
604 693 789 762 enim
841 694 1015 762 inter
1063 716 1181 765 vos
1227 716 1401 780 quos
1457 695 1762 765 debeatis
1811 694 2060 762 habere
2107 695 2493 784 exemplo),
2547 697 2704 782 quis

159 784 448 869 inquam
500 804 636 851 non
690 782 972 851 moleste
1022 782 1190 851 forat
1237 784 1336 852 sic
1387 805 1504 852 vos
1550 806 1698 853 esse
1747 797 2005 852 vestrae
2051 783 2298 853 salutis
2347 785 2705 853 immemo-

153 893 292 948 res,
346 885 422 940 ut
460 871 664 940 etiam
713 871 901 940 coelo
937 885 1100 941 teste
1143 872 1682 960 peccetis?Nam
1734 894 1892 941 cum
1943 886 2098 941 ante
2146 873 2293 941 dies
2347 873 2705 962 plerosque

153 961 241 1028 de
290 973 548 1030 vestrae
597 959 918 1028 avaritiae
966 960 1340 1050 cupiditate
1390 960 1848 1049 pulsaverim;
1887 961 1905 1028 i
1961 983 2034 1030 sa
2076 961 2187 1029 die
2235 962 2420 1030 circa
2471 985 2701 1052 vespe-

156 1072 316 1118 rum
372 1061 557 1119 tanta
605 1048 995 1118 vociferatio
1063 1050 1301 1139 populi
1351 1050 1589 1129 extitit,
1643 1061 1721 1118 ut
1771 1050 1903 1117 irre
1935 1049 2245 1148 igiositas
2302 1051 2452 1138 ejus
2505 1073 2706 1140 pene-

150 1150 366 1207 traret
424 1138 510 1206 ad
563 1137 855 1207 coelum.
926 1137 1118 1219 Quod
1168 1161 1329 1207 cum
1381 1138 1797 1225 requirerem
1865 1139 2034 1224 quid
2085 1139 2217 1207 sibi
2265 1139 2529 1207 clamor
2590 1141 2703 1209 bic

149 1227 354 1305 velit;
394 1227 715 1296 dixerunt
762 1227 932 1295 mibi
981 1227 1165 1312 quod
1217 1228 1555 1296 laboranti
1608 1226 1811 1295 lunae
1851 1240 2073 1297 vestra
2123 1228 2509 1297 vociferatio
2543 1230 2702 1298 sub-

149 1317 441 1396 veniret,
495 1328 559 1384 et
607 1314 946 1384 desectum
994 1317 1145 1405 ejus
1187 1317 1333 1385 suis
1365 1316 1790 1385 clamoribus
1839 1317 2275 1405 adjuvaret...
2323 1323 2697 1405 Tamquam

156 1404 492 1474 infirmus
530 1404 714 1472 enim
761 1403 1004 1492 (Deus)
1049 1417 1113 1472 et
1174 1404 1563 1484 imbecilliS,
1619 1405 1755 1473 nisi
1809 1405 2048 1474 vestris
2097 1404 2540 1494 adjuvaretur
2588 1429 2704 1475 vo-

151 1494 360 1562 cibus
404 1514 537 1561 non
638 1506 816 1560 osset
867 1493 1237 1561 luminaria
1286 1494 1648 1562 defendere
1698 1515 1874 1579 quae
1915 1495 2188 1562 creavit.
2232 1518 2266 1558 »
2320 1499 2484 1562 Cum
2545 1496 2703 1564 inde

151 1582 511 1652 auditores
560 1515 714 1649 illos
762 1603 927 1650 suos
974 1581 1093 1667 qui
1146 1581 1211 1649 id
1263 1583 1426 1650 mali
1474 1596 1539 1651 et
1587 1582 1916 1651 stultitiae
1981 1596 2495 1672 perpetrarant,
2552 1585 2704 1652 irri—

153 1671 334 1740 dens
380 1670 755 1738 insectatus
801 1684 998 1746 esset,
1056 1670 1425 1739 tacendum
1475 1670 1609 1738 sibi
1650 1692 1800 1740 esse
1837 1693 1969 1741 non
2012 1671 2293 1761 putavit,
2334 1673 2560 1757 quoad
2600 1696 2705 1742 ra-

152 1760 415 1829 dicitus
466 1758 531 1827 id
583 1759 1092 1847 superstitionis
1161 1781 1380 1848 genus
1427 1760 1841 1847 extirpatum
1913 1782 2047 1828 non
2113 1760 2413 1829 vidisset.
2481 1767 2704 1843 Quare

153 1847 459 1918 Homilia
507 1870 590 1926 ci,
648 1870 713 1936 p.
767 1851 893 1915 337
927 1871 940 1914 :
978 1871 1011 1912 «
1046 1851 1211 1915 Ante
1259 1847 1430 1926 dies,
1468 1849 1716 1934 inquit,
1758 1849 2098 1937 prosecuti
2126 1869 2395 1928 sumus,
2433 1849 2697 1930 fratreS,

152 1937 491 2006 adversus
541 1935 692 2005 illos
739 1937 859 2022 qui
912 1948 1228 2025 putarent
1277 1935 1512 2005 lunam
1565 1936 1649 2005 de
1699 1936 1927 2017 coelO,
1977 1943 2326 2025 Magorum
2377 1939 2704 2008 carmini-

150 2028 290 2095 bus
331 2047 531 2114 posse
577 2023 851 2106 deduci,
896 2038 961 2094 et
1006 2046 1241 2094 eorum
1285 2024 1674 2096 retudimus
1706 2027 2095 2105 vanitatem,
2131 2026 2253 2113 qui
2302 2047 2434 2095 non
2471 2029 2704 2098 minus

148 2113 500 2184 desectum
551 2114 909 2201 patiuntur
954 2114 1194 2193 animi,
1251 2134 1458 2200 quam
1514 2113 1803 2182 luminis
1854 2114 2111 2204 patitur
2161 2113 2279 2183 illa
2328 2115 2697 2195 defectum;

146 2224 327 2291 quos
377 2214 443 2272 et
492 2202 736 2271 hortati
785 2224 1030 2271 sumus
1077 2216 1154 2271 ut
1204 2204 1686 2291 praetermisso
1738 2225 1966 2271 errore
2026 2202 2313 2292 gentili,
2367 2217 2503 2273 tam
2569 2206 2701 2274 cito

146 2291 234 2362 ad
286 2291 702 2390 sapientiam
754 2291 1053 2372 redeant,
1107 2313 1317 2377 quam
1351 2292 1484 2360 cito
1526 2291 1610 2359 ad
1650 2291 2149 2381 plenitudinem
2189 2314 2386 2362 suam
2443 2292 2557 2361 illa
2594 2315 2702 2363 re-

144 2390 466 2449 vertitur.
509 2402 544 2444 »

233 2473 270 2557 ξ
318 2473 413 2541 4.
469 2468 765 2540 Alterum
815 2484 959 2540 erat
1005 2482 1215 2560 caput
1263 2469 1794 2560 superstitionis,
1840 2491 1979 2574 qua
2026 2469 2243 2558 aliqui
2284 2492 2322 2539 e
2356 2470 2556 2560 plebe
2586 2493 2702 2540 ca-

147 2560 272 2649 pti,
328 2557 651 2628 kalendis
689 2560 1081 2637 Januariis,
1136 2560 1447 2648 auspicia
1493 2560 1801 2628 ementiti
1851 2562 2119 2629 tuerant
2152 2561 2416 2646 quibus
2467 2582 2536 2628 se
2593 2582 2703 2629 co-

149 2648 473 2748 gnituros
519 2647 964 2727 confiderent,
1018 2648 1305 2717 adversa
1344 2670 1428 2718 ne
1458 2648 1592 2717 sibi
1621 2648 1856 2717 omnia
1882 2670 1968 2716 an
2004 2649 2334 2729 secunda,
2379 2671 2459 2717 eo
2490 2671 2699 2735 quem

152 2737 428 2805 lnibant
475 2758 679 2812 anno,
732 2749 1056 2805 eventura
1088 2751 1339 2806 essent.
1392 2742 1621 2823 Neque
1668 2758 1825 2806 vero
1862 2737 2096 2806 inania
2127 2738 2350 2808 solum
2386 2738 2702 2827 auspicia

155 2827 644 2904 observarant;
696 2847 932 2894 verum
996 2826 1198 2894 etiam
1256 2826 1459 2895 ferias
1527 2826 1912 2895 habuerant
1974 2826 2409 2895 ethnicorum
2463 2848 2695 2907 more,

156 2915 684 3001 frequentesque
722 2913 807 2982 ad
859 2915 1167 2983 scenicos
1214 2914 1417 2984 ludos
1463 2915 1791 2995 coierant,
1826 2915 1895 2983 in
1936 2915 2195 3001 quibus
2243 2915 2559 3005 dignosci
2592 2916 2702 2984 vix

156 3015 390 3093 posset
439 3002 685 3091 plusne
734 3003 1187 3092 turpitudinis
1236 3003 1491 3073 inesset
1538 3026 1625 3072 an
1677 3004 2073 3094 impietatis.
2132 3004 2208 3073 Id
2258 3025 2536 3091 quoque
2584 3027 2702 3094 ge-

156 3114 291 3162 nus
332 3091 845 3180 superstitionis
893 3090 1207 3163 funditus
1256 3092 1490 3162 tollere
1538 3093 1875 3162 Maximus
1921 3093 2112 3163 omni
2162 3093 2390 3163 studio
2420 3104 2521 3163 est
2552 3094 2699 3163 eni-

155 3203 307 3250 xus.
364 3185 603 3266 Itaque
642 3192 844 3280 saepe
875 3203 1027 3249 eam
1058 3183 1146 3251 ob
1178 3203 1459 3251 causam
1499 3181 1835 3271 populum
1864 3180 2125 3250 vocavit
2151 3182 2236 3250 ad
2264 3182 2694 3252 concionem.

153 3274 269 3339 Est
316 3270 469 3358 ejus
518 3268 817 3338 Homilia
863 3292 967 3338 xV1
1016 3270 1095 3339 de
1133 3271 1298 3339 Kal.
1333 3272 1689 3339 Januariz's
1720 3271 1821 3361 (p.
1852 3276 1962 3349 453
1999 3270 2152 3340 vide
2182 3283 2244 3340 et
2271 3273 2519 3340 Homil.
2558 3293 2693 3352 ctu,

150 3382 218 3447 p.
266 3363 419 3439 543,
475 3368 539 3426 et
582 3361 962 3428 Sermonem
1001 3382 1088 3438 vi,
1120 3383 1191 3449 p.
1231 3359 1414 3448 4⁴0).
1455 3360 1676 3446 Hujus
1725 3359 1922 3429 initio
1965 3360 2277 3429 hortatur
2312 3360 2579 3450 plebem
2615 3383 2701 3429 ne

155 3469 233 3515 ae
286 3469 359 3516 re
401 3447 599 3517 toties
643 3447 880 3516 eadem
930 3446 1016 3515 de
1050 3469 1122 3517 re
1150 3448 1394 3518 audire
1427 3446 1618 3518 ferat.
1658 3448 1967 3517 Meminit
1994 3448 2360 3519 verborum
2399 3449 2701 3538 Apostoli

152 3536 236 3622 (P
287 3539 481 3638 z'lipp.
539 3535 646 3624 ω)
691 3535 978 3624 aJentis:
1034 3542 1329 3617 Fratres,
1367 3538 1599 3606 eadem
1640 3538 1822 3607 vobis
1866 3539 2173 3614 scribere,
2219 3539 2396 3607 mihi
2430 3539 2701 3639 quidem

152 3646 282 3692 non
336 3647 640 3715 pzqrum,
686 3625 868 3694 vobis
915 3636 1142 3694 autem
1187 3628 1662 3696 necessarium.
1701 3649 1738 3692 «
1773 3632 1860 3696 Ac
1892 3626 2385 3706 necessarium,
2441 3628 2693 3713 lnquit,

154 3733 278 3781 nec
311 3714 748 3804 superfluum
802 3734 955 3782 reor
988 3714 1047 3782 si
1097 3736 1221 3804 pro
1267 3715 1805 3785 commonitione
1843 3727 2083 3784 sancta
2130 3715 2402 3786 dudum
2436 3715 2694 3798 habita,

151 3802 716 3953 praecedentium
756 3806 1035 3872 Patrum
1085 3803 1278 3874 vobis
1325 3816 1723 3894 repetantur
1769 3803 2155 3891 alloquia...
2200 3809 2334 3875 Nec
2367 3805 2556 3873 enim
2584 3805 2700 3876 de-

203 3900 268 3986 et
295 3888 519 3961 fidelis
553 3891 811 3972 anima,
862 3912 1040 3978 quae
1086 3891 1503 3982 Angelorum
1536 3893 1880 3964 consortia
1928 3893 2383 3984 concupiscit,
2422 3893 2699 3965 daemo-

159 3995 432 4048 morum
484 3980 761 4050 lusibus
817 3979 1164 4051 delectari.
1220 3986 1449 4070 Neque
1509 4003 1666 4051 vero
1714 3982 1857 4052 luci
1906 4005 1985 4052 ac
2044 3981 2370 4061 tenebris,
2433 3983 2700 4054 veritati

156 4071 357 4149 atque
414 4068 819 4149 mendacio,
872 4070 1293 4160 turpitudini
1340 4083 1405 4140 et
1461 4070 1804 4142 honestati
1859 4070 2045 4162 apud
2105 4072 2223 4142 Dei
2271 4092 2503 4142 servos
2551 4072 2700 4142 ulla

158 4161 561 4256 potestesse
607 4159 1032 4229 communio.
1086 4160 1519 4317 Quicumqlue
1567 4181 1730 4251 ergo
1792 4160 2222 4231 credentium
2255 4161 2359 4231 vel
2390 4172 2493 4231 est
2528 4172 2698 4231 tem-

156 4236 353 4327 plum
403 4246 517 4312 Dei
565 4246 667 4315 vel
701 4269 852 4319 esse
889 4246 1255 4329 desiderat,
1310 4248 1603 4318 solicite
1648 4262 1906 4331 caveat,
1954 4271 2039 4319 ne
2087 4262 2360 4320 mortua
2406 4262 2473 4320 et
2519 4272 2697 4320 vana

156 4328 503 4413 sectando,
542 4333 867 4407 desinens
898 4358 1048 4407 esse
1087 4336 1422 4428 templum
1466 4336 1606 4418 Dei,
1660 4337 1782 4408 fiat
1842 4336 2174 4409 habitatio
2226 4339 2690 4421 tenebrarum,

156 4413 276 4485 fiat
305 4414 657 4491 daemonis
693 4439 1245 4498 monumentum.
1285 4449 1321 4493 »
