3357 4995
682 334 811 400 332
1500 307 1596 396 ΒΕ·
1628 351 1684 397 s.
1742 347 1987 397 mismo
2036 346 2250 394 uacuo
2791 329 3014 396 JUNII
3067 330 3151 396 ⁴4

589 445 656 503 et
700 431 913 502 eremi
963 431 1308 520 magister,
1379 451 1745 520 precemur
1790 450 1933 520 una
1984 427 2376 507 Dominum,
2432 437 2652 517 potest
2684 428 2872 497 enim
2924 428 2985 500 is
3049 427 3155 498 fa-

562 544 742 594 -cere
787 519 971 608 quod
1005 532 1219 609 optes,
1277 519 1458 588 sicut
1504 519 1844 608 scriptum
1893 533 2030 587 est:
2080 520 2500 586 Voluntatem
2530 518 2910 586 timentium
2937 540 3009 587 se
3033 520 3149 607 fa-

590 615 737 691 ciet,
775 621 836 679 et
869 611 1396 699 deprecationem
1425 630 1654 677 eorum
1678 607 2026 686 eoeaudiet,
2066 617 2128 674 et
2156 609 2377 675 salvos
2405 607 2613 693 saciet
2639 629 2745 675 eos
2767 607 2906 696 (Ps.
2945 608 3134 696 444).

677 709 716 781 ἓ
768 703 921 771 tu.
978 697 1334 783 Simulque
1385 696 1643 786 prolixe
1702 708 1999 775 oranteS,
2066 717 2228 764 cum
2304 693 2581 763 tandem
2631 696 3139 776 surrexissent,

588 789 760 858 dixit
798 793 1087 877 Magnus
1126 786 1463 856 Basilius:
1518 789 1673 864 Cur,
1730 785 2010 853 domine
2050 784 2414 875 Ephraem,
2453 804 2591 852 non
2632 796 2695 852 te
2747 786 3003 873 pateris
3034 808 3153 854 or-

589 878 818 948 dinari
864 877 1368 967 presbyterum,
1424 895 1585 943 cum
1636 875 1732 944 sis
1794 874 2052 962 dignus
2100 885 2164 942 et
2212 872 2546 941 idoneus?
2596 873 2976 963 Respondit
3027 873 3156 944 ille

589 989 712 1056 per
760 967 1238 1055 interpretem:
1311 964 1485 1045 Quia
1531 975 1848 1051 peccator
1911 984 2092 1030 sum.
2147 967 2222 1030 At
2280 961 2617 1030 Basilius:
2675 963 2976 1043 Utinam,
3039 964 3152 1032 in-

589 1056 760 1143 quit,
817 1054 971 1124 talis
1007 1075 1044 1122 e
1095 1075 1134 1121 o
1183 1064 1498 1142 peccator
1528 1073 1792 1121 essem:
1846 1050 2291 1136 addiditque:
2348 1049 2732 1120 Flectamus
2773 1073 3029 1140 genum
3078 1066 3148 1121 et

589 1167 751 1215 cum
801 1156 1029 1214 essent
1129 1142 1274 1210 umi
1321 1141 1640 1231 prostrati
1692 1161 1941 1210 manus
1991 1161 2155 1209 suas
2204 1144 2492 1228 Magnus
2552 1139 2847 1211 Basilius
2905 1156 3149 1210 sancto

592 1233 928 1323 Ephraem
967 1231 1317 1320 imposuit,
1362 1251 1662 1314 eumque
1697 1228 2066 1297 diaconum
2119 1228 2494 1297 ordinavit:
2527 1229 2760 1314 aitque
2787 1227 2927 1296 illi:
2966 1235 3003 1298 J
3015 1229 3151 1299 ube

591 1315 1073 1410 nos‘surgere.
1131 1318 1365 1388 Soluta
1411 1318 1626 1408 igitur
1681 1317 1924 1408 lingua
1985 1317 2180 1404 ejuS,
2233 1316 2402 1386 dicit
2466 1330 2750 1386 sanctus
2804 1318 3151 1407 Ephraem

592 1415 849 1480 Graeco
912 1429 1262 1478 sermone:
1316 1408 1622 1496 Suscipe,
1696 1405 1906 1486 salva,
1963 1406 2309 1486 miserere,
2363 1418 2428 1474 et
2474 1406 2744 1475 custodi
2796 1427 2920 1475 nos
2973 1412 3152 1476 Deus

590 1499 812 1589 gratia
841 1510 980 1566 tua.
1022 1502 1211 1565 Tunc
1261 1495 1594 1575 nimirum
1642 1495 2003 1584 impletum
2037 1508 2139 1564 est
2189 1491 2357 1562 illud
2404 1494 2656 1565 Isaiae:
2717 1501 2893 1564 Tunc
2946 1497 3150 1565 saliet

589 1590 764 1655 sieut
816 1608 1070 1667 cet-vm,
1125 1586 1433 1662 claudus,
1493 1595 1554 1653 et
1609 1596 1850 1674 aperta
1891 1587 2018 1653 erit
2083 1586 2323 1684 linqua
2369 1594 2731 1653 mutorum.
2791 1588 2883 1652 Eo
2932 1585 3151 1674 igitur

593 1676 763 1745 hora
809 1674 1046 1744 eadem
1085 1678 1333 1743 Graece
1363 1673 1706 1760 loquente,
1761 1678 1974 1742 Deum
2031 1672 2510 1762 glorificarunt
2567 1672 3142 1762 omnipotentem,

644 1786 828 1835 reces
877 1762 1224 1832 orantium
1273 1774 1337 1831 et
1388 1762 1777 1831 timentium
1812 1782 1902 1830 ‘se
1948 1761 2450 1831 exaudientem.
2506 1766 2712 1830 Porro
2743 1761 2966 1832 tribus
3001 1762 3150 1831 die-

644 1876 726 1922 us
778 1850 1069 1942 spiritali
1094 1850 1534 1940 jucunditate
1568 1851 1951 1930 transactis,
1988 1872 2148 1919 cum
2179 1850 2475 1919 Basilius
2505 1863 2789 1919 sanctus
2822 1851 3151 1921 sacerdos

557 1941 1033 2031 ·interpretem
1085 1939 1363 2026 quidem
1400 1940 1798 2019 diaconum,
1853 1939 2192 2028 Ephraem
2243 1961 2399 2008 vero
2434 1939 2915 2029 presbyterum
2960 1939 3152 2008 ordi-

591 2044 846 2112 nasset,
893 2030 1159 2098 dimisit
1204 2051 1320 2098 eos
1368 2030 1437 2096 in
1490 2049 1680 2118 pace,
1735 2027 2198 2117 glorificantes
2236 2034 2440 2100 Deum
2495 2028 2564 2097 in
2607 2028 2935 2098 omnibus
2969 2050 3151 2116 quae

592 2119 960 2188 audierant
1005 2130 1070 2186 et
1119 2117 1451 2197 viderant,
1490 2118 1669 2187 sicut
1701 2117 1974 2185 locutus
2002 2130 2104 2186 est
2141 2116 2228 2185 ad
2261 2139 2399 2186 eos.

679 2211 715 2294 ξ
768 2211 922 2278 85.
980 2212 1215 2276 Postea
1275 2228 1486 2292 quam
1550 2229 1588 2274 a
1638 2206 1839 2274 nobis
1899 2205 2308 2277 discesserat
2376 2211 2509 2275 Deo
2576 2206 2843 2275 invisus
2897 2206 3144 2276 Valens

591 2302 991 2385 Imperator,
1031 2306 1366 2384 petentem
1413 2294 1608 2363 illurn
1647 2293 2072 2384 praeclaram
2133 2294 2820 2384 Constantinopolim,
2878 2295 3145 2382 iterque

589 2385 950 2454 facientem
1002 2405 1125 2473 per
1175 2383 1474 2463 Niceam,
1534 2383 1856 2452 adierunt
1910 2383 2232 2452 Arrianae
2274 2384 2577 2453 haeresis
2625 2382 2951 2452 hexarchi
3001 2385 3147 2453 sive

591 2474 802 2543 duces
850 2487 915 2543 et
966 2473 1335 2563 principes,
1397 2472 1875 2563 petieruntque
1925 2472 2011 2541 ab
2067 2495 2146 2541 eo
2196 2473 2465 2562 copiam
2518 2472 2971 2541 orthodoxum
3025 2473 3144 2542 Dei

591 2564 929 2654 populum
979 2562 1298 2652 ejiciendi
1338 2583 1417 2630 ex
1464 2562 1757 2631 ecclesia
1789 2562 2142 2631 doctrinae
2168 2561 2551 2631 Catholicae
2584 2574 2649 2630 et
2697 2561 3141 2650 apostolicae,

590 2674 882 2739 eamque
931 2650 1247 2721 tradendi
1300 2650 1627 2719 Arrianis.
1690 2656 1925 2737 Itaque
1977 2663 2311 2739 tyrannus
2367 2650 2504 2730 ille,
2578 2649 2914 2740 indignus
2979 2673 3144 2740 pur-

640 2730 791 2821 urii,
848 2740 1031 2828 quod
1083 2739 1592 2809 abominandae
1641 2739 1945 2809 haeresis
1976 2752 2308 2829 patronus
2337 2753 2537 2819 esset,
2591 2738 2871 2809 illorum
2927 2740 3149 2829 preci-

591 2764 724 2901 bus
754 2829 1090 2899 assensit:
1145 2828 1493 2914 missaque
1529 2827 1814 2897 militari
1862 2850 2101 2909 manu,
2154 2828 2418 2918 expulit
2469 2826 2739 2928 fidelem
2780 2828 3143 2919 populum,

483 2948 494 2959 ·
591 2931 655 2988 et
716 2918 906 2987 dedit
959 2917 1319 2989 ecclesiam
1371 2917 1702 2985 Arrianis
1744 2916 2034 2986 Multum
2091 2918 2305 3007 igitur
2337 2917 2523 2986 anxii
2562 2919 2656 3006 pii
2706 2939 2972 2997 omneS,
3032 2939 3150 2987 no-

592 3020 844 3094 ctuque
898 3007 1160 3093 diuque
1190 3011 1403 3075 Deum
1453 3006 2028 3096 deprecabantur,
2100 3028 2184 3075 ne
2243 3007 2495 3074 sineret
2532 3005 2892 3077 ecclesiam
2948 3028 3147 3075 suam

592 3096 832 3177 cedere
881 3095 1097 3183 injus
1145 3094 1672 3163 haereticorum.
1713 3095 2010 3164 Accessit
2055 3108 2280 3164 autem
2334 3095 2419 3163 ad
2468 3116 2619 3163 eam
2671 3095 2940 3176 urbem,
3032 3107 3149 3164 uta

593 3184 894 3261 Niceam,
951 3183 1349 3253 communis
1398 3183 1867 3253 Ecclesiarum
1915 3182 2238 3253 defensor
2289 3197 2353 3252 et
2401 3182 2773 3252 advocatus
2819 3182 2976 3252 Basi
3008 3184 3145 3262 iuS,

592 3286 1065 3359 veneruntque
1114 3271 1201 3341 ad
1250 3293 1406 3340 eum
1446 3266 1773 3343 Catholici
1807 3294 2069 3352 omnes,
2127 3272 2508 3342 clamantes
2546 3284 2612 3341 et
2640 3272 3150 3340 annunciantes

590 3363 651 3432 ei
712 3361 972 3430 illatam
1022 3361 1193 3450 ipsis
1242 3362 1330 3429 ab
1387 3365 1806 3451 Imperatore
1856 3360 2213 3449 injuriam.
2285 3361 2550 3443 Quibus
2591 3359 2706 3429 ille
2744 3360 2878 3429 ait:
2922 3385 2957 3427 «
2994 3364 3151 3430 Ces-

592 3463 734 3522 sate
795 3472 834 3518 a
894 3450 1222 3539 lacrymis
1271 3449 1397 3518 filii
1440 3450 1878 3519 charissimi:
1936 3471 2157 3537 neque
2204 3452 2389 3518 enim
2440 3449 2523 3518 ad
2566 3462 2949 3519 extremum
2999 3471 3152 3539 per-

594 3540 811 3608 mittet
854 3544 1053 3618 DeuS,
1107 3552 1186 3607 ut
1232 3540 1323 3608 ita
1355 3539 1495 3619 fiat,
1549 3550 1761 3607 estote
1802 3538 2016 3633 igitur
2067 3538 2526 3630 longanimes,
2580 3550 2646 3607 et
2704 3537 2820 3606 Dei
2876 3538 3152 3607 miseri-

590 3628 896 3698 cordiam
936 3628 1285 3699 sustinete.
1331 3653 1356 3690 n
1402 3627 1651 3696 Abiens
1701 3640 1926 3695 autem
1963 3626 2624 3716 Constantinopolim
2677 3627 2780 3695 vir
2831 3639 3144 3708 sanctuS,

590 3731 669 3787 ut
708 3716 875 3785 vidit
915 3722 1405 3806 Imperatorem
1443 3715 1817 3795 Valentem,
1873 3716 1966 3784 ait
2000 3716 2084 3785 ad
2115 3716 2353 3785 illum:
2393 3715 2735 3806 Scriptum
2775 3727 2897 3795 est,
2943 3738 2983 3784 ο
3015 3722 3149 3785 Im-

591 3817 898 3896 perator:
936 3810 1163 3875 Honor
1190 3808 1371 3895 reqis
1401 3806 1745 3893 judicium
1794 3805 2049 3894 (iniqu,
2085 3827 2164 3875 ex
2203 3811 2308 3876 Ps.
2363 3811 2473 3884 98,
2526 3818 2592 3873 et
2642 3804 2993 3893 Sapientia
3039 3803 3148 3872 di-

591 3894 719 3964 cit:
761 3896 1108 3964 :Iudicium
1151 3896 1332 3983 regis
1367 3895 1670 3981 justitia.
1734 3897 1956 3976 Quare
2011 3894 2225 3984 igitur
2273 3907 2469 3963 tuum
2524 3893 2897 3982 imperium
2935 3891 3153 3962 voluit

590 3983 835 4073 ejicere
900 3983 1312 4053 orthodoxos
1377 4002 1455 4050 ex
1506 3981 1786 4050 illorum
1844 3982 2156 4063 ecclesia,
2212 3996 2277 4052 et
2322 3994 2722 4052 construere
2771 3982 2841 4049 in
2892 4002 2976 4050 ea
3023 3981 3153 4050 ho-

591 4073 814 4144 mines
847 4072 1253 4162 depravatae
1287 4070 1711 4140 sententiae?
1744 4072 1863 4140 Cui
1913 4071 2191 4140 Valens:
2230 4077 2513 4151 Iterum,
2561 4071 2812 4158 inquit,
2863 4070 2951 4139 ad
2981 4092 3150 4138 con-

591 4161 914 4231 tumelias
963 4159 1319 4229 reverteris
1369 4159 1618 4230 Basili?
1669 4160 1900 4231 isthuc
1953 4160 2241 4229 minime
2290 4174 2353 4229 te
2399 4160 2617 4230 decet.
2652 4164 2748 4234 ‚At
2804 4159 3144 4228 Basilius:

591 4256 693 4320 Me
741 4272 920 4329 vere,
979 4248 1228 4335 inquit,
1268 4270 1390 4337 pro
1409 4248 1681 4337 justitia
1713 4249 1908 4318 decet
1954 4249 2159 4318 etiam
2212 4260 2497 4318 mortem
2540 4260 2885 4338 oppetere.
2945 4252 3150 4316 Cum-

590 4348 726 4426 q‘ue
761 4340 939 4408 inter
986 4359 1058 4406 se
1105 4336 1308 4406 verba
1351 4337 1770 4419 conferrent,
1827 4359 1984 4408 ecce
2036 4337 2546 4417 Demosthenes,
2586 4336 2957 4427 epularum
3012 4340 3152 4404 Im-

591 4427 928 4518 peratoris
977 4425 1342 4496 familiaris
1392 4426 1809 4517 praefectuS,
1864 4426 2228 4496 haereticis
2277 4426 2447 4496 dum
2499 4424 2645 4495 vult
2694 4423 3143 4516 patrocinari,
