3357 4995
667 300 797 364 466
1239 317 1317 363 ns
1364 317 1457 363 ss.
1511 318 1816 366 esnvAsm
1863 321 1937 366 ET
1987 319 2287 367 rnonsm
2334 317 2448 367 uu.
2764 302 2982 366 JUNII
3035 303 3116 366 «19

579 410 786 475 Erant
838 401 1054 473 clausi
1106 402 1217 471 isti
1266 401 1473 483 oculi,
1544 403 1859 490 quandiu
1907 405 2152 474 obruta
2201 409 2608 473 Sanctorum
2662 425 2949 493 corpora
2998 403 3114 471 de-

579 492 1002 562 litescebant.
1075 491 1353 581 Aperuit
1398 491 1637 562 oculos
1707 505 1974 564 nostros
2023 494 2386 572 DominuS,
2445 491 2757 561 videmus
2805 492 3103 571 auxilia,

578 579 835 670 quibus
883 601 1129 648 sumus
1168 601 1370 669 saepe
1427 579 1713 650 defensi.
1769 587 1910 651 Non
1949 580 2350 651 videbamus
2400 581 2590 662 haec,
2645 580 2761 650 sed
2813 581 3116 651 habeba-

580 692 737 740 mus
788 682 1036 738 tamen.
1091 671 1326 756 Itaque
1375 670 1877 760 trepidantibus
1927 670 2146 750 nobis,
2203 670 2401 758 quasi
2449 669 2696 739 dixerit
2747 670 3112 739 Dominus:

578 758 893 849 Aspicite,
932 770 1229 858 quantos
1255 758 1447 829 vobis
1480 771 1814 848 martyres
1843 758 2150 829 dederim
2180 782 2191 823 ε
2248 759 2340 828 ita
2375 759 2691 828 reseratis
2716 757 2938 828 oculis
2967 758 3118 848 glo-

579 849 749 917 riam
781 846 1051 946 Dommi
1079 845 1545 936 speculamur,
1583 869 1762 935 quae
1794 860 1895 917 est
1928 860 2314 937 martyrum
2350 847 2669 937 passione
2718 847 3105 938 praeterita,

575 949 639 1006 et
685 947 1077 1026 operatlone
1129 956 1475 1024 praesens.

662 1028 699 1112 ἓ
746 1028 826 1096 S.
881 1024 1240 1094 Evasimus
1268 1023 1507 1093 iratres
1533 1046 1668 1094 non
1698 1023 2108 1094 mediocrem
2139 1024 2424 1113 pudoris
2462 1025 2841 1095 sarcinam:
2882 1035 3112 1113 patro-

578 1136 702 1183 nos
751 1113 1178 1182 habebamus
1198 1124 1261 1180 et
1291 1113 1792 1183 nesciebamus.
1839 1113 2238 1183 Invenimus
2264 1136 2483 1182 unum
2516 1113 2680 1194 hoc,
2712 1135 2847 1200 quo
2882 1113 3115 1182 videa-

577 1225 736 1271 mur
765 1212 1106 1292 praestare
1130 1200 1528 1290 majoribus
1550 1206 1953 1271 Sanctorum
1982 1214 2359 1291 martyrum
2391 1203 2876 1292 cognitionem,
2903 1222 3116 1288 quam

575 1291 675 1360 illi
705 1290 1107 1368 amiserunt,
1149 1311 1272 1359 nos
1300 1288 1527 1380 adepti
1561 1312 1829 1359 sumus,
1883 1295 2239 1360 Eruuntur
2289 1289 2553 1360 nobiles
2603 1290 2956 1377 Reliquiae
3005 1311 3114 1359 se-

577 1380 820 1470 pulcro
860 1376 1194 1468 ignobili,
1247 1378 1704 1448 ostenduntur
1749 1377 1935 1448 coelo
2000 1379 2344 1468 trophaea.
2401 1379 2747 1467 Sanguine
2798 1379 3113 1449 tumulus

577 1467 827 1546 madet,
884 1478 1215 1556 apparent
1256 1489 1532 1537 cruores
1581 1466 2058 1556 triumphales,
2113 1479 2308 1536 notae
2340 1467 2723 1546 inviolatae,
2782 1468 3115 1555 reliquiae

578 1555 723 1626 loco
774 1576 897 1623 suo
946 1567 1010 1623 et
1056 1555 1294 1624 ordine
1329 1569 1656 1645 repertae,
1710 1555 2027 1625 avulsum
2072 1555 2380 1626 humeris
2405 1569 2635 1647 caput.
2674 1562 2867 1627 Nunc
2914 1578 3113 1625 senes

578 1656 918 1734 repetunt,
970 1642 1247 1714 audisse
1295 1666 1366 1713 se
1414 1644 1788 1731 aliquando
1837 1644 2087 1713 horum
2140 1659 2520 1734 martyrum
2573 1646 2893 1723 nomina,
2947 1644 3112 1713 titu-
3199 1684 3204 1689 ·

577 1732 860 1819 lumque
893 1732 952 1800 le
1004 1732 1173 1801 isse:
1216 1732 1604 1822 perdiderat
1641 1733 1882 1803 civitas
1910 1754 2074 1803 suos
2106 1746 2436 1822 martyres
2468 1755 2646 1820 quae
2685 1734 2915 1823 rapuit
2949 1732 3112 1801 alie-

576 1844 726 1890 nos.
781 1820 917 1889 Etsi
1016 1842 1093 1889 oc
1136 1823 1251 1890 Dei
1302 1844 1558 1892 munus
1609 1833 1732 1903 est,
1796 1834 2019 1891 tamen
2069 1823 2386 1912 gratiam,
2441 1844 2648 1908 quam
2685 1822 3110 1911 temporibus

578 1909 939 1979 sacerdotii
978 1910 1109 1978 mei
1160 1910 1491 1981 Dominus
1536 1911 1735 1981 lesus
1767 1911 2027 1991 tribuit,
2087 1933 2334 2000 negare
2389 1932 2525 1980 non
2571 1932 2891 2001 possum;
2944 1911 3110 1998 quia

574 2000 720 2088 ipse
787 2010 1047 2086 martyr
1108 2020 1256 2068 esse
1307 2021 1590 2085 neque0,
1645 1999 1771 2069 hos
1820 1999 2011 2069 vobis
2060 2012 2235 2069 mart
2289 2021 2393 2068 res
2441 2000 2799 2085 acquisivi.
2860 2005 3107 2069 Succe-

574 2087 739 2155 dant
786 2086 1100 2155 victimae
1148 2087 1598 2175 triumphales
1632 2088 1702 2155 in
1761 2088 1988 2157 locum
2038 2088 2160 2157 ubi
2192 2022 2500 2157 Christus
2534 2087 2758 2158 hostia
2805 2100 2927 2160 est.
2981 2088 3106 2157 Sed

575 2175 690 2244 ille
739 2198 945 2275 super
1004 2174 1237 2254 altare,
1294 2177 1415 2263 qui
1467 2198 1586 2265 pro
1653 2177 1978 2246 omnibus
2045 2198 2288 2266 passus
2341 2188 2479 2245 est:
2536 2176 2647 2246 isti
2696 2177 2827 2246 sub
2877 2176 3095 2256 altari,

572 2265 693 2351 qui
745 2262 930 2334 ill1us
982 2264 1315 2354 redempti
1366 2276 1528 2333 sunt
1578 2265 1918 2354 passione.
1952 2269 2151 2334 Hunc
2198 2287 2324 2355 ego
2374 2264 2598 2334 locum
2641 2264 3107 2355 praedestina-

574 2375 797 2421 veram
867 2351 1059 2420 mihi.
1123 2353 1421 2443 Dignum
1471 2365 1572 2422 est
1618 2354 1829 2432 enim,
1895 2366 1970 2422 ut
2018 2354 2113 2423 ibi
2165 2353 2547 2439 requiescat
2595 2353 2937 2428 sacerdos,
2983 2354 3099 2422 ubi

573 2442 813 2511 offerre
861 2440 1233 2511 consuevit.
1292 2440 1417 2511 Sed
1475 2441 1640 2512 cedo
1682 2442 1895 2511 sacris
1954 2442 2247 2513 victimis
2280 2442 2622 2512 dexteram
2676 2444 3096 2535 portionem:

573 2530 762 2602 locus
794 2532 917 2598 iste
960 2531 1381 2621 martyribus
1430 2531 1829 2601 debebatur.

659 2622 695 2706 ξ
743 2622 835 2690 9.
892 2620 1281 2690 Condamus
1328 2642 1490 2710 ergo
1520 2620 1871 2706 Reliquias
1920 2632 2414 2700 sacrosanctas,
2445 2633 2510 2689 et
2542 2619 2773 2711 dignis
2812 2620 3097 2689 aedibus

574 2707 982 2778 invehamus
1012 2708 1139 2797 (a),
1197 2720 1551 2797 totumque
1590 2708 1770 2777 diem
1824 2708 1963 2778 fida
2010 2708 2363 2778 devotione
2390 2708 2837 2778 celebremus.
2872 2708 3102 2777 Accla-

574 2796 780 2865 mavit
832 2797 1151 2887 populuS‚
1208 2809 1283 2865 ut
1330 2799 1397 2866 in
1450 2797 1879 2867 dominicum
1910 2796 2301 2866 differretur
2340 2798 2523 2867 diem
2567 2811 2945 2888 martyrum
2986 2795 3103 2863 de-

569 2886 853 2974 positio:
923 2885 1040 2953 sed
1092 2885 1364 2954 tandem
1425 2888 1804 2966 obtentum,
1860 2899 1934 2955 ut
1983 2887 2293 2974 sequenti
2344 2886 2536 2955 fieret
2594 2886 2726 2956 die.
2781 2884 3097 2971 Sequenti

568 2973 678 3042 die
720 2973 874 3042 talis
915 2973 1084 3042 mihi
1118 2974 1203 3043 ad
1257 2974 1590 3064 populum
1645 2974 1892 3045 iterum
1929 2996 2153 3044 sermo
2195 2974 2345 3044 fuit.

616 3172 871 3251 ITEM
925 3172 1062 3250 DE
1117 3171 1720 3252 EORUMDEM
1774 3173 1880 3251 IN
1886 3171 2411 3252 VENTIONE
2469 3171 3054 3251 CORPORUM

1320 3335 1390 3399 D.
1455 3334 1938 3400 AMBROSII
2003 3334 2342 3400 SERMO

652 3494 687 3578 ξ
736 3497 811 3563 1.
868 3494 1193 3560 Hesterno
1243 3491 1520 3559 tractavi
1583 3489 2033 3569 versiculum,
2091 3492 2240 3558 Dies
2287 3491 2427 3558 diei
2473 3498 2732 3558 eructat
2787 3492 3100 3569 verbum,

565 3592 770 3668 prout
805 3579 1015 3648 nostri
1051 3591 1294 3669 captus
1328 3578 1482 3648 tulit
1530 3578 1832 3669 ingenii:
1873 3577 2074 3647 hodie
2111 3578 2282 3647 mihi
2312 3601 2447 3647 non
2488 3578 2709 3648 solum
2749 3579 3104 3669 superiore

556 3772 562 3778 ’
614 3778 674 3823 (a)
693 3777 869 3817 Horum
890 3777 965 3816 SS.
985 3776 1242 3824 Martyrum
1264 3777 1423 3815 cultus
1442 3775 1687 3814 Insubriae
1708 3776 1754 3815 et
1771 3776 1935 3815 Italise
1956 3776 2072 3815 fines
2092 3776 2334 3821 excedens,
2355 3785 2380 3815 a
2399 3777 2565 3824 quinto
2585 3776 2773 3815 saeculo
2790 3777 3106 3825 Germaniam,

562 3827 754 3875 Gallias.
784 3831 1140 3880 Hispaniasque,
1168 3830 1374 3870 basilicis
1410 3830 1802 3878 monasteriisque
1821 3839 1984 3869 eorum
2007 3832 2193 3870 nomine
2212 3830 2513 3873 consecratis.
2533 3830 2755 3878 pervasit,
2774 3830 3005 3869 celebrior
3027 3831 3108 3869 ubi

563 3893 726 3924 eorum
745 3884 987 3933 Reliquiae
1005 3882 1228 3923 dicuntur
1245 3879 1423 3922 haberi.
1444 3883 1535 3921 Eue
1555 3884 1712 3922 autem
1734 3879 1974 3930 Reliquiae
1991 3893 2096 3923 esse
2120 3884 2375 3931 potuerunt
2392 3883 2449 3922 de
2466 3881 2859 3923 vestimentorum
2876 3886 2922 3923 et
2939 3884 3106 3923 lintea·

564 3934 744 3977 minum
770 3937 1057 3987 fragmentis,
1088 3937 1145 3977 de
1174 3937 1334 3985 paucis
1363 3935 1601 3979 ossiculis.
1634 3936 1711 3975 vel
1740 3936 1797 3975 de
1830 3932 2068 3976 cineribus
2099 3937 2147 3976 in
2167 3945 2274 3976 arcs
2295 3937 2510 3986 repertis,
2529 3945 2581 3974 sc
2602 3936 2903 3986 potissimum
2923 3937 2981 3976 de
3001 3947 3110 3977 ssu-

560 3992 714 4039 guise.
741 3992 865 4031 circs
893 4002 1027 4031 saera
1045 4001 1241 4039 corpora
1259 3987 1401 4041 (teste
1421 3990 1607 4028 oculato
1627 3989 1668 4028 S.
1694 3990 1954 4038 Augustino
1981 3987 2267 4038 incorrupta,
2283 3990 2432 4029 terme
2458 3989 2649 4029 scilicet
2672 3991 2872 4039 integra)
2891 3987 3038 4030 fluido
3057 3993 3107 4031 et

565 4041 765 4093 copioso,
792 4046 846 4085 ut
866 4045 915 4084 in
936 4045 1166 4093 superiori
1187 4043 1388 4091 epistola
1407 4042 1464 4081 sd
1488 4051 1697 4082 sororem
1717 4045 1874 4082 narrat
1897 4043 2170 4083 Ambrosius
2195 4044 2319 4091 ipse:
2343 4043 2435 4082 huc
2455 4043 2570 4082 illuc
2594 4043 2762 4083 deinde
2784 4044 2953 4083 suntne
2975 4045 3024 4083 et
3045 4045 3113 4084 di-

564 4098 794 4138 stributae
823 4099 881 4138 ab
910 4097 1150 4148 Episcopis
1182 4106 1302 4144 quos
1337 4093 1645 4144 quadriennio
1664 4102 1771 4147 post
1787 4097 2113 4137 Inventionem
2149 4098 2192 4136 ei
2228 4097 2503 4137 solemniter
2541 4096 2846 4137 celebrandae
2876 4099 3114 4137 acciverat

564 4151 610 4192 S.
626 4149 986 4192 Mediolanensis
1007 4151 1229 4189 Antistes.

611 4204 1007 4254 uomonymorum
1036 4204 1191 4243 autem
1211 4204 1484 4242 Sanctorum
1501 4212 1698 4251 corpora
1716 4212 1835 4251 quae
1861 4203 2123 4243 Placentise
2145 4205 2460 4248 asservantur,
2489 4214 2514 4243 e
2545 4204 2675 4243 Rom.
2700 4203 2988 4243 Coemeterio
3008 4205 3106 4243 Pri-

561 4258 725 4298 scillae
754 4261 867 4299 suut
894 4257 1029 4298 eruta
1049 4257 1209 4305 pauno
1229 4260 1335 4305 post
1356 4257 1561 4295 medium
1579 4258 1759 4295 saeculi
1782 4265 1880 4295 xvu
1903 4260 1955 4296 ut
1973 4266 2027 4296 ex
2050 4256 2332 4297 authenticis
2352 4259 2538 4297 constat
2556 4257 2896 4297 monumentis:
2912 4257 3112 4297 minime

563 4320 673 4361 ergo
701 4322 808 4352 cum
834 4310 1263 4351 Mediolanensibus
1289 4310 1629 4355 confundenda,
1658 4320 1860 4358 quorum
1890 4319 1999 4350 ossa
2016 4313 2185 4349 cuncta
2206 4311 2412 4358 reperire
2432 4312 2594 4351 datum
2612 4311 2685 4350 est
2705 4319 2825 4350 anno
2847 4319 3110 4351 Mocccnxxt

561 4364 613 4403 in
641 4374 747 4405 orca
770 4366 858 4405 sub
881 4362 1017 4404 ulturi
1038 4363 1248 4413 principe
1268 4363 1495 4403 Basilicse
1515 4364 1846 4404 Ambrosisnse
1865 4373 1972 4403 cum
1993 4363 2038 4403 S.
2059 4361 2287 4403 Ambrosii
2312 4366 2510 4410 exuviis.
2529 4364 2717 4405 biennio
2738 4365 2845 4413 post
2862 4365 2956 4404 rite
2975 4374 3108 4404 reco-

562 4418 705 4466 gntts.
733 4418 823 4458 Sed
842 4418 900 4457 de
920 4417 1006 4456 hnc
1026 4426 1204 4465 nupera
1226 4417 1502 4455 Inventione
1524 4418 1676 4456 nisius
1699 4418 1822 4457 intra
1841 4418 1897 4457 al
1916 4414 2043 4456 diem
2066 4426 2129 4457 vu
2148 4417 2421 4458 decembris.
