3357 4995
220 347 445 414 JUNII
496 346 578 409 ⁴9
871 363 949 408 m:
998 363 1085 412 ss.
1138 361 1444 408 canusio
1493 362 1568 409 m·
1617 361 1943 419 Paorasio,
1997 358 2133 410 Ere.
2564 343 2690 407 463

226 461 574 528 sanctum,
645 470 781 534 quo
817 459 1144 537 perpetuo
1196 446 1529 514 memoria
1578 460 1986 526 servaretur,
2040 447 2190 536 eJus
2239 446 2614 536 imaginem
2654 447 2781 516 hoc

227 537 436 609 modo
488 537 709 636 pingi:
756 536 941 623 quod
990 549 1055 604 et
1102 535 1185 603 ad
1226 535 1404 603 hanc
1437 534 1616 602 diem
1670 536 2002 604 cernitur.

315 631 352 714 ξ
400 629 492 696 8.
545 625 942 713 Aliquorum
992 637 1093 692 est
1140 624 1345 692 etiam
1401 624 1760 703 sententia,
1835 624 2230 693 Ursicinum
2295 623 2479 693 hunc
2527 624 2776 711 quinto

229 714 680 786 Calendarum
737 714 889 802 Maji
958 713 1181 802 capite
1252 713 1685 794 abscissum,
1739 713 2063 798 diemque
2135 712 2777 782 tertiumdecimum

231 803 683 875 Calendarum
746 801 1073 885 Quintilis
1120 823 1277 870 eum
1343 823 1514 879 esse,
1569 824 1707 888 quo
1755 824 1791 871 e
1837 801 1975 870 divi
2043 800 2278 872 Vitalis
2329 801 2606 891 templo,
2651 802 2773 870 ubi

231 894 353 963 diu
388 892 722 982 jacuerat,
777 891 857 959 ad
916 895 987 958 D.
1040 890 1330 960 Joannis
1371 891 1711 978 Baptistae
1740 890 2130 961 ecclesiam.
2181 889 2433 960 multos
2471 904 2621 980 post
2651 912 2779 958 an-

233 1004 357 1052 nos
407 980 817 1050 translatum
868 992 991 1048 est.
1033 984 1198 1049 Nam
1254 978 1580 1069 postridie
1621 979 1771 1068 ejus
1806 979 1942 1047 diei
1989 978 2252 1060 Vitatis,
2292 992 2606 1048 sanctum
2661 1001 2778 1047 ca—

232 1071 480 1150 daver,
559 1090 835 1139 summa
905 1068 1374 1148 veneratione,
1429 1068 1581 1157 ipsa
1633 1069 1701 1135 in
1755 1069 1927 1137 urbe
1976 1067 2373 1157 sepulturae
2440 1067 2772 1137 tradidit:

232 1159 702 1246 majoremque
748 1157 1073 1247 deinceps
1110 1157 1226 1225 Dei
1263 1179 1567 1226 amorem
1620 1157 1853 1226 animo
1903 1157 2327 1247 concipiens,
2372 1155 2685 1226 mortalia
2716 1167 2781 1224 et

231 1246 518 1326 caduca,
562 1247 933 1337 ipsumque
982 1245 1350 1315 Paulinum
1401 1245 1788 1325 dominum,
1844 1245 2118 1325 deserit,
2176 1245 2352 1314 nulli
2402 1246 2521 1325 rei,
2591 1256 2780 1313 extra

234 1335 593 1406 coelestem
647 1335 964 1425 patriam,
1016 1335 1319 1403 inhians.
1375 1340 1805 1434 Quapropter
1850 1356 2008 1403 cum
2047 1357 2083 1402 a
2142 1334 2431 1403 Paulino
2488 1336 2774 1413 accituS‚

234 1423 558 1494 accedere
608 1434 1027 1503 recusasset,
1083 1424 1298 1492 iratus
1357 1422 1713 1502 PaulinuS,
1783 1423 2182 1512 praesertim
2235 1445 2394 1491 cum
2445 1421 2644 1491 illum
2719 1434 2784 1490 et

233 1513 696 1582 Christianum
730 1513 877 1600 jam
927 1533 1098 1592 esse,
1144 1524 1208 1580 et
1246 1533 1382 1598 quo
1432 1513 1666 1580 minus
1719 1513 2079 1581 Ursicinus
2113 1511 2248 1580 diis
2297 1512 2777 1590 sacrificasset,

234 1601 476 1672 fecisse
528 1601 981 1691 cognovisset,
1018 1600 1086 1668 in
1121 1622 1429 1671 carceres
1476 1600 1760 1669 Vitalem
1788 1601 1989 1690 jubet
2037 1601 2381 1681 contrudi,
2424 1599 2782 1669 tormentis

231 1690 589 1777 exquisitis
638 1690 913 1770 sub'ici,
967 1702 1031 1758 et
1080 1690 1150 1757 in
1198 1688 1434 1758 eculeo
1485 1690 1687 1779 poni:
1733 1711 1908 1776 quae
1958 1712 2118 1758 cum
2161 1689 2397 1757 omnia
2448 1688 2783 1779 patienter

238 1779 634 1866 fortiterque
684 1712 975 1859 tuiisset,
1029 1777 1113 1845 ad
1158 1778 1463 1847 Palmam
1515 1778 1794 1858 ductus,
1836 1801 1996 1847 cum
2049 1778 2437 1847 sacrificare
2493 1777 2629 1846 diis
2679 1798 2782 1845 re-

238 1868 523 1948 nuisset,
578 1868 951 1958 ipsumque
992 1867 1224 1936 Martis
1273 1867 1729 1936 simulacrum
1764 1867 2183 1935 contumelia
2211 1866 2571 1945 affecisset,
2611 1871 2783 1935 Pau-

236 1956 361 2025 lini
400 1957 632 2056 jussu,
663 1969 727 2024 et
758 1955 1106 2025 sacerdote
1151 1955 1487 2045 Apollinis
1521 1955 1947 2035 consulente,
1988 1956 2058 2023 in
2096 1954 2348 2025 fossam
2399 1957 2774 2045 conjectuS,

234 2045 305 2112 in
354 2067 554 2134 cujus
595 2044 807 2113 fundo
855 2057 997 2113 erat
1038 2067 1239 2132 aqua,
1296 2049 1476 2113 terra
1522 2057 1586 2113 et
1635 2044 1988 2134 lapidibus
2040 2046 2331 2115 obrutus
2380 2051 2444 2114 4.
2500 2043 2775 2112 Calend.

240 2133 395 2223 Maji
443 2134 527 2201 ad
579 2133 888 2204 coelestis
930 2135 1106 2202 vitae
1151 2133 1457 2224 praemia
1488 2133 1835 2223 migravit.

942 2388 1044 2451 DE
1096 2387 1587 2453 INVENTIONE
1639 2388 2084 2453 CORPORUM

674 2592 811 2692 SS.
890 2590 1064 2691 MM.
1129 2591 1601 2692 GERVASll
1686 2594 1804 2692 ET
1873 2594 2348 2694 PROTASll

382 2832 680 2879 EPISTULA
729 2834 786 2879 S.
840 2833 1141 2879 AMBROSH
1171 2809 1204 2843 ⁴²
1254 2833 1333 2878 An
1383 2833 1824 2881 MARCELLINAM
1875 2833 2119 2880 SACRAx
2169 2834 2288 2880 ΠΕΟ
2341 2833 2640 2881 VIRGINEM

1098 2939 1307 2987 ROMAE
1356 2940 1516 2987 TUNC
1565 2941 1919 2988 DEGENTEM.

874 3079 1176 3147 Contigit
1217 3080 1383 3134 haec
1426 3080 1743 3135 Iuventio
1788 3094 1967 3135 anno
2009 3082 2152 3136 386.

322 3280 358 3364 ξ
408 3284 481 3349 1.
540 3279 867 3347 Dominae
914 3280 1156 3360 sorori,
1216 3280 1388 3349 vitae
1436 3292 1638 3367 atque
1694 3281 1917 3351 oculis
1968 3280 2491 3370 praeferendae,
2546 3281 2776 3350 frater.

235 3367 409 3449 Quia
444 3366 617 3435 nihil
668 3368 1094 3437 sanctitatem
1148 3380 1333 3437 tuam
1388 3370 1572 3439 soleo
1620 3391 1860 3438 eorum
1905 3370 2272 3458 praeterire
2327 3392 2504 3457 quae
2556 3370 2668 3440 hic
2718 3387 2781 3444 te

235 3468 566 3545 gerantur
639 3455 965 3537 absente,
1022 3457 1210 3528 scias
1267 3457 1473 3527 etiam
1550 3471 1825 3528 sanctos
1875 3470 2213 3615 martyres
2261 3458 2663 3529 Gervasium
2708 3471 2775 3528 et

234 3546 616 3615 Protasium
668 3568 706 3613 a
773 3544 973 3617 nobis
1043 3557 1366 3635 repertos.
1435 3552 1604 3616 Nam
1671 3569 1832 3617 cum
1902 3547 2048 3616 basi
2082 3547 2258 3617 icam
2323 3547 2777 3629 dedicassem,

236 3632 435 3703 multi
486 3646 814 3720 tanquam
864 3656 1006 3704 uno
1055 3656 1171 3703 ore
1220 3635 1659 3725 interpellare
1708 3657 1826 3704 coe
1878 3648 2103 3717 erunt,
2160 3636 2507 3706 dicentes:
2563 3636 2671 3706 Sic
2711 3636 2783 3706 in

237 3727 547 3792 Romana
617 3722 679 3751 '⁹
729 3722 1093 3793 basilicam
1156 3723 1454 3793 dedices.
1536 3730 1807 3815 Respon
1865 3724 1922 3792 i:
1997 3726 2264 3795 Faciam
2298 3780 2313 3806 ,
2398 3725 2453 3794 si
2529 3739 2789 3814 marty-

238 3831 391 3879 rum
443 3810 773 3913 reliquias
816 3812 1162 3882 invenero.
1210 3812 1586 3901 Statimque
1640 3813 1856 3883 subiit
1903 3812 2113 3884 veluti
2160 3813 2526 3904 cujusdam
2578 3814 2786 3884 ardor

241 3918 605 3990 praesagu.

324 3988 498 4086 ἓ).
553 3989 730 4072 Quid
763 3990 1023 4059 multa?
1064 3991 1396 4060 Dominus
1429 3991 1721 4082 gratiam
1762 3990 1973 4071 dedit,
2007 3990 2545 4062 formidantibus
2571 3992 2780 4062 etiam

235 4071 525 4156 clericis,
573 4078 756 4167 jussi
803 4079 1158 4149 eruderari
1226 4093 1473 4150 terram
1536 4102 1615 4150 eo
1673 4080 1807 4150 loci
1868 4079 1990 4166 qui
2057 4093 2159 4150 est
2233 4094 2391 4150 ante
2437 4081 2781 4151 cancellos

237 4176 632 4236 sanctorum
711 4166 954 4238 Felicis
1037 4182 1241 4256 atque
1315 4168 1623 4240 Naboris.
1701 4169 1940 4238 Inveni
2017 4169 2215 4259 signa
2276 4169 2776 4249 convenientia,

286 4309 314 4337 ¹⁸¹
343 4311 653 4352 Praemissum
672 4312 783 4354 huic
803 4325 831 4354 n
850 4315 988 4356 Surio
1008 4315 1322 4366 apocrypham
1353 4315 1579 4365 nullaque
1608 4315 1700 4356 ilde
1719 4312 1921 4365 dignun.
1940 4316 1998 4356 de
2016 4313 2323 4358 Revelatione
2343 4325 2395 4355 ac
2415 4316 2692 4356 Inventione
2713 4313 2791 4354 SS-

227 4363 657 4459 ffihffizmwuu
686 4377 747 4407 n>
778 4368 997 4410 Burnus
1024 4370 1232 4415 Inuus,
1249 4379 1497 4420 perperam
1523 4369 1676 4410 eidem
1711 4370 1757 4410 s.
1791 4370 2101 4410 mediolanen.
2134 4367 2364 4420 Episcopo
2384 4370 2622 4414 tributam.
2643 4367 2790 4408 elimi-

286 4472 344 4500 **
372 4472 430 4512 In
450 4470 641 4521 regione
657 4472 1024 4517 mediolanensis
1044 4473 1255 4518 civitatis
1276 4487 1303 4517 ι
1321 4478 1531 4518 Roman·
1550 4477 1694 4518 Porto
1711 4478 1996 4527 nuncupata.
