3357 4995
178 364 363 430 JUNII
407 367 447 429 5
817 381 895 428 m:
944 383 999 429 s.
1056 378 1395 429 commoto
1443 379 1641 428 muse.
1698 380 1773 426 ΕΤ
1825 379 2015 426 mur.
2395 427 2410 444 ‚
2487 361 2607 426 133

181 466 441 540 sanguine
483 479 614 526 esse
660 463 1042 540 redemptos,
1087 475 1149 524 et
1192 479 1315 524 non
1359 470 1575 540 sponte
1616 479 1682 522 se
1722 462 2085 524 contradant
2146 460 2479 523 diabolicae
2536 467 2703 538 pote·

184 544 327 604 stati:
365 543 463 605 sed
513 545 714 619 magis
756 542 1172 621 omnipotenti
1218 543 1340 604 Deo
1384 549 1445 603 et
1491 541 1729 603 Christo
1770 541 1926 603 Filio
1969 541 2097 618 ejus
2136 539 2514 619 spirituique
2554 539 2703 603 San-

183 631 275 692 cto,
310 623 364 683 in
405 624 579 700 cujus
622 625 876 684 nomine
916 620 991 683 ab
1037 622 1199 683 illius
1226 622 1466 701 antiqui
1514 623 1702 684 hostis
1728 623 1921 701 erepti
1956 628 2098 682 suut
2127 626 2438 697 potestate.
2474 620 2703 683 Labora

185 702 355 776 igitur,
396 703 784 764 sanctissime
826 702 1015 764 frater
1043 749 1059 775 ,
1104 705 1168 763 in
1211 702 1297 763 eis
1323 749 1337 773 ,
1383 703 1488 780 qni
1531 703 1823 777 scriptum
1869 701 2208 779 cognoscis:
2273 699 2393 775 Qui
2437 700 2709 761 converti

179 781 356 857 fecerit
389 787 769 859 peccatorem
797 779 873 842 ab
900 799 1106 844 errore
1146 783 1278 849 viae
1302 799 1477 850 suae,
1519 779 1779 844 salvabit
1809 782 2081 842 animam
2124 781 2257 858 ejus
2313 797 2350 840 a
2395 787 2603 851 morte,
2649 787 2705 841 et

178 876 391 922 suorum
418 861 615 940 operit
644 861 1096 923 multitudinem
1126 868 1513 941 peccatorum
1554 863 1714 940 (lac.
1747 860 1832 940 v).
1882 860 2002 922 Nos
2043 875 2284 940 quoque
2327 861 2383 923 ei
2430 875 2542 946 pro
2585 859 2704 922 hoc

175 942 606 1003 commonitoria
654 943 877 1020 scripta
921 941 1287 1004 direximus.

234 1019 306 1081 De
345 1019 632 1084 Calendis
674 1036 824 1082 vero
864 1020 1139 1082 Ianuarii
1175 1020 1271 1084 vel
1302 1021 1557 1085 caeteris
1597 1021 1880 1098 auguriis
1905 1067 1921 1092 ,
1967 1018 2354 1098 phylacteriis
2394 1026 2455 1080 et
2500 1019 2706 1081 incan-

171 1100 487 1170 tationibus,
520 1100 619 1162 vel
662 1099 796 1162 aliis
820 1099 1081 1161 diversis
1111 1099 1662 1175 observationibus,
1706 1115 1862 1179 qnae
1907 1099 2125 1177 gentili
2173 1113 2343 1160 more
2395 1097 2704 1160 observari

165 1178 343 1241 dixisti
384 1179 547 1258 apud
594 1179 659 1239 B.
704 1179 953 1242 Petrum
986 1180 1366 1259 Apostolum,
1410 1182 1505 1243 vel
1552 1182 1615 1242 in
1664 1181 1816 1242 urbe
1862 1180 2082 1240 Roma:
2134 1179 2279 1240 haec
2321 1183 2383 1238 et
2427 1178 2600 1239 nobis
2645 1187 2708 1239 et

163 1258 423 1320 omnibus
464 1257 830 1322 Christianis
858 1260 1230 1323 detestabilia
1260 1268 1323 1323 et
1356 1261 1690 1339 perniciosa
1736 1276 1866 1322 esse
1903 1259 2273 1335 judicamus,
2317 1258 2562 1320 dicente
2594 1257 2706 1319 Do-

164 1352 347 1399 mino:
391 1337 531 1399 Non
563 1338 1050 1416 augurabimini.
1105 1340 1179 1402 Et
1223 1341 1448 1401 iterum
1495 1340 1805 1419 Scriptura
1851 1340 2028 1401 dicit:
2077 1338 2211 1400 Non
2259 1337 2384 1397 sint
2428 1338 2705 1417 auguria

165 1418 217 1476 in
264 1417 473 1489 Israel,
523 1435 635 1479 nec
682 1417 1012 1480 observatio
1062 1422 1127 1480 in
1170 1420 1338 1482 domo
1379 1417 1561 1482 Jacob
1608 1419 1820 1492 (Num.
1873 1420 2072 1494 xxm).
2115 1417 2302 1495 Igitur
2349 1424 2407 1478 et
2449 1433 2480 1478 a
2529 1417 2706 1478 nobis

160 1497 470 1559 cavendum
518 1515 651 1560 esse
677 1513 1016 1570 censemus,
1063 1507 1133 1561 ut
1176 1499 1359 1561 nullis
1407 1501 1689 1576 auguriis
1720 1498 1815 1561 vel
1858 1495 2396 1560 observationibus
2425 1496 2704 1558 attenda-

166 1591 308 1636 mus:
340 1578 483 1654 quia
508 1580 719 1639 omnia
766 1579 909 1640 haec
936 1579 1189 1642 abscissa
1233 1595 1363 1642 esse
1390 1594 1420 1646 a
1452 1578 1731 1641 Patribus
1773 1578 1965 1640 edocti
2008 1592 2243 1639 sumus.
2275 1574 2389 1637 Sed
2421 1577 2563 1652 quia
2600 1593 2708 1655 per

163 1654 603 1732 instigationem
633 1657 857 1718 diaboli
890 1658 1114 1721 iterum
1158 1657 1565 1737 pullulabant,
1609 1677 1642 1721 a
1673 1660 1791 1730 die,
1821 1674 1938 1735 qua
1984 1673 2091 1719 nos
2115 1657 2292 1731 jussit
2333 1655 2544 1717 divina
2579 1657 2705 1718 cle-

162 1738 407 1808 mentia,
464 1752 839 1815 quamquam
886 1738 1175 1800 immeriti
1219 1740 1596 1809 existamus,
1659 1738 1927 1816 Apostoli
1988 1738 2186 1798 vicem
2234 1750 2491 1812 gerere,
2538 1735 2702 1798 illico

162 1815 339 1875 omnia
386 1816 542 1877 haec
580 1813 1051 1892 amputavimus
1102 1818 1233 1880 Pari
1279 1819 1510 1880 etenim
1552 1817 1730 1879 modo
1777 1818 2062 1879 volumus
2109 1821 2269 1877 tuam
2313 1816 2698 1877 sanctitatem

162 1894 370 1971 populis
407 1895 532 1957 sibi
574 1896 862 1973 subjectis
889 1898 1254 1974 praedicare.
1291 1895 1445 1959 Nam
1488 1906 1550 1960 et
1592 1905 1836 1959 sanctae
1880 1896 2315 1959 recordationis
2357 1895 2701 1970 praedeces-

160 1974 292 2033 soris
330 1981 515 2052 atque
546 1978 864 2037 nutritoris
910 1978 1097 2038 nostri
1132 1977 1376 2039 Domini
1424 1976 1703 2055 Gregorii
1756 1977 1943 2054 Papae
1986 1975 2449 2047 constitutione,
2494 1977 2702 2037 omnia

161 2049 286 2113 haec
330 2057 427 2130 pie
469 2061 658 2132 atque
707 2055 966 2117 fideliter
1006 2072 1104 2119 am
1156 2063 1315 2118 utata
1364 2065 1530 2131 sunt,
1561 2065 1622 2119 et
1669 2057 1784 2118 alia
1827 2055 2212 2134 quamplura,
2261 2069 2416 2133 quae
2465 2053 2702 2117 diabolo

161 2140 505 2208 suggerente
550 2133 932 2211 pullulabant
977 2136 1039 2197 in
1135 2136 1309 2198 bristi
1361 2136 1529 2198 ovili.

228 2210 302 2272 [le
343 2213 761 2275 sacerdotibus
809 2230 953 2278 vero
998 2215 1178 2289 salsis,
1222 2217 1325 2292 qni
1358 2215 1498 2278 falsa
1544 2217 1907 2295 opinantur,
1951 2216 2052 2294 qui
2097 2215 2284 2277 etiam
2336 2211 2600 2273 adulteri
2645 2221 2708 2274 et

159 2286 530 2355 fornicatores
569 2308 700 2354 esse
744 2293 1101 2371 probantur,
1132 2302 1194 2358 et
1220 2296 1335 2356 sibi
1379 2296 1455 2356 ab
1500 2295 1837 2375 Apostolica
1880 2293 2036 2356 Sede
2083 2291 2390 2356 indultum
2431 2307 2560 2353 esse
2608 2299 2707 2354 te-

160 2374 402 2458 stantur,
434 2372 552 2433 hoc
594 2372 759 2434 nulla
793 2375 1029 2436 ratione
1079 2374 1283 2437 credat
1326 2383 1529 2437 sancta
1574 2377 1922 2438 fraternitas
1976 2383 2106 2436 tua:
2156 2372 2255 2435 sed
2303 2371 2592 2432 similiter
2639 2373 2706 2434 in

159 2461 233 2509 eis
268 2451 621 2515 canonicam
648 2467 933 2516 exercere
968 2456 1326 2528 vindictam,
1357 2455 1870 2535 quemadmodum
1900 2454 1974 2516 de
2008 2454 2125 2526 his,
2156 2452 2379 2531 quibus
2422 2452 2703 2530 superius

161 2542 186 2587 a
226 2529 386 2618 nobis
411 2532 669 2593 edoctus
698 2537 1079 2597 monstraris,
1112 2535 1249 2596 Non
1282 2538 1451 2598 enim
1481 2535 1644 2599 aliud
1678 2543 1736 2597 te
1758 2551 1943 2610 agere
1969 2534 2248 2595 volumus
2273 2538 2509 2610 praeter
2546 2533 2710 2608 qnod

161 2622 293 2668 sacri
334 2612 711 2688 praecipiunt
751 2612 1045 2688 Canones,
1076 2614 1166 2677 vel
1200 2615 1381 2677 etiam
1412 2614 1488 2677 ab
1521 2616 1629 2677 hac
1659 2613 1995 2691 Apostolica
2028 2613 2181 2675 Sede
2212 2612 2546 2672 instructus
2578 2625 2710 2673 esse

160 2684 483 2751 dinosceris.
520 2691 684 2752 'fuae
714 2709 948 2783 quoque
990 2695 1324 2756 sanctitatis
1368 2695 1732 2773 petitionem
1788 2694 2199 2772 implevimus,
2237 2693 2544 2751 mittentes
2592 2693 2705 2753 tri-

164 2762 259 2826 bus
299 2766 609 2848 Episcopis
652 2773 768 2831 tuis
809 2774 1082 2850 singulas
1126 2774 1617 2836 confirmationis
1663 2774 1969 2851 epistolas,
2015 2789 2163 2850 quas
2214 2786 2320 2848 per
2362 2769 2708 2831 sanctitatis
2755 2844 2762 2853 ἱ

166 2848 278 2932 tuae
302 2864 522 2911 manus
563 2849 655 2910 eis
700 2850 912 2928 largiri
956 2854 1236 2916 volumus
1263 2902 1277 2925 ,
1321 2861 1383 2915 et
1423 2852 1827 2915 carlomanno
1870 2852 1999 2914 filio
2050 2859 2278 2920 nostro,
2324 2850 2437 2912 alia
2478 2852 2707 2929 scripta

167 2921 490 3003 (furentum,
539 2936 609 2990 ut
636 2929 1027 3007 adminicula,
1070 2933 1294 3012 quibus
1339 2934 1606 3010 indigeS,
1637 2931 1972 3011 adimplere
2017 2932 2278 2992 festinet.
2323 2929 2479 2999 Jam,
2512 2929 2703 2993 frater

171 3001 521 3080 charissime,
566 3007 641 3069 de
682 3011 967 3073 omnibus
1007 3015 1286 3090 superius
1327 3013 1784 3090 comprehensis
1811 3011 2111 3090 capitulis,
2155 3018 2221 3071 ut
2252 3010 2548 3070 Dominus
2590 3009 2705 3072 do-

171 3087 334 3158 narit,
378 3087 832 3166 respondimuS,
860 3090 932 3151 ad
962 3093 1329 3170 amputanda
1373 3095 1575 3156 omnia
1607 3091 1936 3154 diabolicae
1983 3091 2207 3153 fraudis
2251 3089 2565 3152 scandala:
2602 3097 2704 3153 tua

174 3177 292 3224 vero
327 3176 525 3229 sancta
584 3167 955 3244 fraternitas,
1000 3173 1048 3232 si
1091 3173 1234 3249 quid
1269 3172 1343 3233 de
1384 3178 1625 3234 caetero
1670 3173 1973 3243 evenerit,
2025 3180 2090 3232 ut
2129 3171 2284 3231 sacri
2328 3168 2707 3240 docentca-

173 3256 355 3316 nones,
382 3247 625 3309 studeat
664 3249 990 3312 emendare
1020 3252 1082 3312 in
1112 3251 1390 3330 plebibus
1411 3251 1526 3313 sibi
1558 3270 1590 3313 a
1622 3252 1747 3313 Deo
1776 3252 2134 3313 commissis
2170 3249 2305 3311 Non
2335 3248 2506 3310 enim
2536 3247 2705 3312 aliud

174 3322 317 3411 nobis
354 3328 649 3387 convenit
692 3328 1060 3404 praedicare,
1107 3340 1349 3410 praeter
1389 3333 1613 3409 quoda
1644 3332 1869 3393 sanctis
1916 3330 2194 3393 Patribus
2222 3345 2436 3390 sumus
2477 3328 2704 3391 edocti.

172 3396 220 3460 Si
259 3418 391 3465 vero
421 3406 571 3466 novi
620 3404 868 3485 aliquid,
919 3409 1154 3473 inimici
1198 3413 1418 3473 astutia
1460 3417 1724 3490 agente,
1768 3410 2100 3483 acciderit,
2144 3409 2305 3486 quod
2357 3416 2459 3470 tua
2504 3415 2709 3472 sancta

176 3477 493 3575 fraternitas
535 3485 794 3575 minime
838 3503 945 3565 per
990 3488 1310 3553 Canonum
1353 3492 1626 3553 instituta
1694 3491 2039 3553 discernere
2083 3489 2311 3567 possit,
2372 3487 2485 3549 hoc
2537 3487 2712 3549 nobis

177 3573 275 3623 non
301 3571 496 3641 pigeat
541 3579 885 3628 insinuare:
933 3577 1255 3649 quatenus,
1290 3569 1714 3647 neojuvante‚
1760 3585 2039 3648 quaeque
2083 3568 2153 3629 ad
2214 3567 2711 3630 emendationem

176 3652 339 3704 novae
366 3643 560 3720 plebis
602 3658 729 3707 esse
760 3658 1036 3724 possunt,
1083 3650 1191 3711 tibi
1234 3650 1458 3729 absque
1512 3650 1796 3712 tarditate
1839 3648 2210 3726 respondere
2245 3663 2553 3709 curemus.
2605 3645 2713 3708 Co·

178 3731 386 3793 gnoscat
427 3739 578 3801 ergo
623 3731 724 3785 tua
767 3736 972 3791 sancta
1019 3729 1362 3792 fraternitas
1395 3731 1475 3793 ita
1507 3728 1899 3791 dilectionem
1935 3735 2101 3789 tuam
2136 3727 2346 3789 haberi
2396 3728 2459 3788 in
2493 3727 2712 3788 nostris

179 3804 536 3875 praecordiis,
568 3810 640 3893 ut
664 3811 721 3865 te
753 3808 1242 3883 praesentialiter
1284 3809 1558 3888 quotidie
1591 3808 1804 3870 videre
1833 3807 2270 3880 desideremus,
2313 3815 2373 3869 et
2417 3807 2495 3868 ita
2544 3813 2604 3868 te
2648 3809 2713 3868 in

181 3887 351 3943 nostro
377 3889 685 3945 consortio
727 3884 979 3959 habere,
1012 3896 1081 3950 ut
1125 3888 1476 3951 ministrum
1507 3888 1639 3960 Dei,
1685 3896 1748 3950 et
1789 3888 2270 3964 dispensatorem
2301 3886 2713 3949 Ecclesiarum

179 3950 387 4023 Christi.
423 3960 786 4043 Confortare
816 3967 1020 4044 itaque
1052 3967 1117 4029 in
1148 3967 1427 4040 Domino,
1459 3968 1645 4029 frater
1695 3966 2075 4041 charissime,
2120 3974 2179 4027 et
2220 3977 2348 4029 esto
2396 3966 2712 4038 robustus,

177 4042 225 4095 et
250 4037 434 4104 labora
468 4043 533 4103 in
554 4057 765 4120 opere,
797 4045 1052 4124 ad‘quod
1079 4053 1135 4108 te
1157 4048 1365 4110 divina
1395 4046 1588 4108 voluit
1617 4046 1940 4108 clementia
1972 4060 2207 4109 vocare.
2233 4047 2444 4122 Magna
2474 4047 2714 4108 etenim

182 4118 363 4203 tespes
381 4124 898 4187 remunerationis
922 4134 1220 4203 expectat,
1241 4142 1424 4206 quam
1453 4126 1730 4204 promisit
1757 4126 1919 4187 Deus
1941 4125 2341 4203 diligentibus
2367 4125 2545 4187 se.Et
2575 4141 2709 4197 nOS‚

181 4187 299 4256 licet
336 4207 673 4275 peccatores
699 4204 1057 4277 existamuS,
1093 4212 1297 4269 tamen
1343 4205 1449 4267 Dei
1504 4206 1695 4267 nostri
1742 4206 2107 4268 immensam
2151 4205 2548 4267 clementiam
2589 4219 2712 4267 non

180 4285 446 4340 cessamus
485 4295 736 4343 exorare
764 4329 781 4358 ,
830 4292 895 4346 ut
942 4286 1042 4364 qui
1088 4287 1284 4363 coepit
1327 4288 1390 4347 in
1422 4284 1620 4357 vobis,
1665 4285 1941 4362 perficiat
1982 4299 2130 4361 opus
2159 4284 2389 4347 bonum
2424 4301 2492 4345 us
2539 4299 2614 4345 ue
2645 4285 2711 4345 in

185 4348 366 4447 finem,
388 4367 445 4419 et
472 4358 537 4420 B.
562 4358 776 4422 Petrus
802 4363 1219 4441 Apostolorum
1254 4364 1538 4444 princeps
1560 4371 1924 4442 cooperetur
1955 4364 2064 4425 tibi
2100 4364 2160 4425 in
2195 4364 2486 4425 omnibus
2554 4364 2710 4436 oniS,

184 4446 271 4507 qui
292 4451 341 4497 ei
368 4440 578 4516 parere
602 4439 925 4506 desideras.
952 4443 1112 4507 Deus
1144 4454 1198 4508 te
1229 4444 1598 4506 incolumem
1620 4444 1941 4517 custodiat,
1967 4443 2346 4505 sanctissime
2373 4442 2707 4514 frate1·,etc.
