3357 4995
307 329 528 397 JUNII
579 330 650 393 Η
1141 346 1222 393 ns
1269 345 1325 396 s.
1380 344 1672 396 mamm
1719 345 2037 398 APOSTOLO
2646 333 2776 399 263

309 440 434 510 est,
479 426 756 498 divinae
799 426 1062 518 gratiae
1106 425 1385 497 divitias
1431 426 1815 511 admirans,
1870 428 2056 516 quod
2106 428 2392 519 Imperii
2440 430 2552 500 sui
2602 441 2861 521 tempo-

311 518 507 588 ribus
539 527 810 587 tantum
850 513 1270 586 miraculum
1304 538 1344 585 a
1385 520 1516 587 Deo
1555 514 1813 587 factum
1863 528 2327 608 cognosceret.

395 608 432 693 ξ
483 608 647 677 29.
702 609 894 674 Tunc
942 604 1401 675 Antiochenae
1455 604 1653 674 urbis
1726 607 2146 698 Episcopum
2195 606 2390 676 illine
2439 606 2744 698 expulit,
2800 622 2866 677 et

296 694 534 785 jussit,
573 706 652 765 ut
696 693 769 763 in
818 704 1172 784 posterum
1221 696 1312 782 Cy
1367 693 1426 762 ri
1459 692 1822 785 EpiscopO,
1856 695 2042 782 quod
2092 695 2176 765 ad
2210 716 2362 764 eam
2388 717 2677 766 causam
2706 718 2863 796 per-

309 784 590 865 tinebat,
638 781 810 851 nihil
873 781 1159 852 omnino
1208 803 1323 852 mo
1351 792 1541 853 estus
1600 795 1802 853 esset.
1856 789 2139 855 Beatum
2197 806 2354 854 vero
2413 785 2863 854 Anthemium

306 872 727 964 Episcopum
789 871 886 942 ita
932 871 1230 962 rogavit:
1285 894 1322 937 «
1385 873 1727 954 Quoniam
1779 873 2000 943 sancti
2040 873 2491 944 Pontificatus
2528 874 2627 944 tui
2688 885 2862 943 tem-

309 960 598 1051 poribus
631 960 922 1029 Domino
955 971 1189 1030 nostro
1234 965 1402 1030 Jesu
1452 960 1717 1031 Christo
1757 960 2041 1051 placuit,
2095 973 2411 1032 sanctum
2446 983 2654 1033 suum
2686 966 2864 1053 Apo-

314 1048 567 1121 stolum
619 1049 1003 1143 Barnabam
1052 1049 1376 1130 revelare,
1441 1049 1626 1138 jube,
1704 1072 1984 1138 quaeso,
2047 1045 2357 1120 'celeriter
2405 1054 2587 1120 Evan
2642 1050 2860 1122 elium

310 1137 507 1218 illud,
576 1136 762 1226 quod
819 1137 1179 1209 inventum
1233 1151 1358 1219 est,
1396 1138 1595 1208 nobis
1635 1140 1891 1209 afferri.
1942 1139 2020 1208 ld
2070 1139 2130 1209 si
2178 1138 2446 1221 seceriS,
2493 1141 2584 1208 mi
2620 1141 2668 1209 1i
2713 1139 2859 1210 filio

308 1240 427 1297 tuo
465 1225 942 1317 gratissimum
990 1226 1140 1296 erit:
1194 1226 1482 1297 habebis
1515 1228 1701 1296 enim
1750 1240 1815 1298 et
1854 1228 2200 1318 meipsum
2237 1228 2521 1319 posthac
2560 1230 2705 1309 tibi,
2742 1251 2861 1319 pa-

309 1328 430 1397 ter,
488 1317 557 1385 in
609 1315 939 1386 omnibus
967 1316 1629 1405 obtemperantem.»
1663 1320 1998 1389 Assensus
2027 1329 2130 1388 est
2160 1316 2311 1408 ejus
2351 1317 2663 1407 petitioni
2697 1323 2746 1386 E
2799 1318 2857 1386 i-

310 1426 584 1505 scopuS,
638 1416 703 1474 et
749 1403 1124 1492 quemdam
1154 1426 1236 1475 ex
1267 1396 1377 1486 fis,
1433 1425 1607 1491 quos
1659 1427 1896 1475 secum
1939 1405 2257 1486 habebat,
2297 1427 2439 1475 una
2477 1428 2640 1476 cum
2688 1407 2736 1476 fi
2790 1429 2860 1476 e-

311 1491 573 1564 lisstmo
615 1497 716 1564 Im
771 1493 1058 1564 eratoris
1107 1493 1426 1564 ministro
1474 1494 1891 1594 Episcopum
1935 1495 2170 1565 misit:
2224 1495 2346 1582 qui
2404 1494 2855 1586 Evangelium

309 1581 484 1652 illud
533 1583 606 1651 in
654 1604 741 1652 ur
790 1603 901 1651 em
951 1581 1612 1672 Constantinopohm
1663 1582 2063 1653 attulerunt.
2120 1588 2328 1653 Erant
2398 1596 2629 1654 autem
2696 1583 2858 1653 libri

307 1670 598 1741 tabellae
646 1670 906 1761 thyinis
953 1670 1164 1760 lignis
1218 1671 1661 1761 compositae.
1730 1672 2178 1762 Evangelium
2250 1671 2426 1742 illud
2476 1677 2861 1763 Imperator

305 1759 378 1829 in
431 1782 683 1831 manus
728 1760 1051 1850 sumpsit,
1088 1771 1156 1829 et
1202 1759 1645 1830 deosculatus
1676 1772 1801 1842 est,
1837 1782 2144 1848 auroque
2195 1761 2413 1831 multo
2446 1773 2857 1831 exornatum

306 1848 375 1916 in
421 1848 676 1949 palatio
711 1870 838 1921 suo
886 1848 1214 1948 reposuit,
1260 1848 1383 1918 ubi
1432 1848 1517 1918 ad
1559 1848 1974 1919 hodiernum
2023 1871 2248 1936 usque
2280 1847 2464 1918 diem
2515 1862 2851 1928 servatur,

303 1951 370 2006 et
422 1959 492 2006 ιη
556 1953 812 2028 magna
864 1949 1109 2025 quinta
1156 1937 1458 2007 Paschae
1498 1937 1666 2006 feria
1722 1939 2095 2025 quotannis
2146 1938 2214 2006 in
2270 1938 2503 2028 palatii
2561 1938 2859 2008 oratorio

305 2026 757 2117 Evangelium
806 2048 886 2095 ex
934 2047 1014 2095 eo
1064 2025 1240 2096 libro
1304 2027 1652 2096 recitatur.
1710 2028 2129 2117 Episcopum
2200 2048 2353 2096 vero
2416 2026 2857 2096 Anthemium

308 2114 584 2205 magnis
634 2114 1016 2186 honoribus
1053 2124 1484 2204 prosecutuS,
1520 2116 1839 2206 pecuniis
1871 2115 2110 2185 multis
2143 2115 2504 2194 donatum,
2543 2115 2629 2184 ad
2664 2116 2855 2185 insu·

307 2203 446 2272 lam
498 2208 800 2294 Cyprum
851 2204 1138 2285 remisit,
1175 2203 1377 2291 eique
1415 2204 1793 2286 mandavit,
1845 2216 1923 2274 ut
1971 2216 2209 2274 sancto
2239 2204 2555 2294 Apostolo
2602 2209 2859 2274 Barna-

308 2293 440 2361 bae
486 2291 823 2382 templum
855 2293 926 2362 in
961 2312 1042 2361 eo
1091 2292 1241 2362 loco
1287 2294 1600 2383 erigeret,
1647 2293 1770 2363 ubi
1805 2292 2235 2362 venerandae
2268 2292 2494 2382 ipsius
2527 2293 2652 2361 reli
2702 2293 2859 2362 uiae

306 2380 622 2450 inventae
651 2380 947 2450 fuerant.
1004 2379 1196 2451 Multi
1230 2393 1462 2452 autem
1510 2403 1591 2452 ex
1638 2382 2081 2471 optimatium
2140 2400 2429 2452 numero
2493 2403 2615 2473 pro
2656 2379 2849 2451 ilius

306 2468 546 2561 templi
579 2470 1056 2541 aedificatione
1104 2470 1476 2561 pecuniam
1525 2470 1989 2541 contulerunt.
2675 2497 2702 2523 ·

391 2562 430 2646 ξ
476 2562 649 2631 80.
706 2559 828 2629 Ille
876 2559 1088 2660 igitur
1136 2559 1208 2629 in
1258 2563 1561 2718 Εέρτυῐῐι
1612 2582 1951 2640 reversuS,
2006 2559 2261 2629 multos
2305 2557 2601 2628 artifices
2649 2569 2718 2627 at
2768 2579 2855 2627 ue

301 2647 980 2739 operarioscollegn,
1033 2660 1099 2718 et
1145 2648 1295 2718 aedi
1353 2648 1608 2718 cationi
1658 2670 1795 2718 non
1831 2648 2246 2719 mediocrem
2299 2668 2578 2737 operam
2634 2646 2721 2715 de
2775 2647 2848 2727 it,

302 2749 365 2806 et
410 2737 728 2828 Apostolo
767 2738 1120 2807 Barnabae
1149 2737 1488 2828 templum
1516 2737 1716 2807 valde
1747 2758 2082 2838 magnum
2130 2748 2278 2805 tum
2341 2734 2657 2807 aedificio
2707 2749 2855 2805 tum

300 2825 521 2895 multo
568 2839 634 2895 et
688 2826 877 2895 vario
926 2835 1175 2896 ornatu
1222 2826 1500 2917 insigne
1548 2824 2105 2911 construxlt.xAd
2158 2846 2311 2893 eam
2391 2846 2547 2894 vero
2600 2823 2852 2913 templi

299 2924 565 3003 partem
635 2936 813 3002 quae
858 2914 945 2984 ad
997 2914 1285 3005 Lybiam
1355 2926 1642 3005 spectat,
1695 2914 1932 2984 aulam
2010 2912 2392 3001 quamdam
2427 2912 2846 3003 composuit,

301 3015 601 3090 quatuor
649 3002 957 3094 porticus
989 3003 1380 3085 habentem,
1436 3013 1502 3073 et
1546 3004 1758 3075 cellas
1808 3002 1972 3072 hine
2010 3014 2214 3089 atque
2252 3001 2447 3072 illinc
2486 3024 2523 3071 e
2569 3001 2852 3092 regione

302 3091 436 3160 sibi
483 3093 834 3183 oppositas
884 3093 955 3161 in
1005 3091 1167 3161 aula
1212 3094 1618 3174 construxit,
1671 3104 1750 3162 ut
1795 3092 1916 3179 qui
1965 3091 2199 3161 divina
2231 3090 2458 3161 officia
2489 3091 2562 3159 in
2593 3089 2853 3179 templo

301 3180 421 3250 illo
473 3181 786 3251 Monachi
842 3180 1288 3261 celebrarent,
1343 3180 1414 3250 in
1485 3180 1629 3250 illis
1695 3180 1889 3251 cellis
1937 3179 2251 3250 habitare
2310 3191 2613 3280 possent.
2667 3179 2850 3261 Quin

299 3270 505 3339 etiam
538 3291 575 3340 e
606 3269 989 3360 longinqua
1016 3290 1087 3338 re
1140 3269 1295 3339 ione
1326 3269 1842 3357 aquaeductum
1878 3268 2177 3339 derivari
2204 3266 2385 3349 fecit,
2419 3280 2485 3338 et
2516 3268 2589 3336 in
2623 3266 2852 3336 medio

299 3359 473 3427 atrio
506 3358 843 3429 concham
877 3378 1089 3445 quam
1145 3379 1257 3427 am
1309 3357 1855 3458 pulcherrimam
1889 3358 2294 3439 construxit,
2323 3356 2394 3426 in
2428 3378 2643 3445 quam
2672 3377 2855 3444 aqua

300 3444 422 3516 illa
469 3446 821 3532 deflueret,
874 3457 952 3516 ut
1022 3456 1160 3515 tam
1209 3468 1331 3533 qui
1378 3467 1458 3516 eo
1506 3448 1578 3516 in
1630 3446 1779 3517 loco
1829 3445 2256 3526 habitabant,
2348 3468 2510 3515 uam
2561 3444 2684 3532 qui
2734 3465 2853 3535 pe-

298 3554 494 3625 regre
535 3535 904 3617 venissent,
951 3534 1228 3605 abunde
1257 3536 1459 3623 aquis
1490 3535 1632 3605 illis
1681 3535 1820 3605 frui
1852 3547 2154 3625 possent.
2204 3466 2415 3605 Multa
2459 3534 2666 3603 etiam
2715 3533 2855 3603 alia

297 3623 601 3715 hospitia
628 3623 776 3693 illic
810 3622 1220 3705 aedificavit,
1274 3624 1345 3692 in
1395 3624 1655 3711 quibus
1703 3624 2051 3714 peregrini
2098 3634 2166 3692 et
2201 3623 2508 3713 hospites
2557 3622 2853 3692 recreari

299 3725 605 3802 possent,
644 3713 738 3783 ita
771 3712 1002 3800 utqui
1037 3709 1267 3781 locum
1303 3710 1507 3781 illum
1556 3712 1860 3793 vidisset,
1901 3733 2152 3803 parvae
2183 3711 2484 3802 alicuius
2508 3724 2574 3781 et
2587 3711 2852 3802 jucun-

300 3800 431 3872 dae
478 3801 678 3874 urbis
725 3798 1026 3892 figuram
1064 3799 1300 3870 videre
1331 3800 1466 3872 sibi
1524 3802 1715 3893 visus
1760 3812 1961 3873 esset.
2007 3801 2172 3871 Dein
2221 3820 2455 3870 arcam
2507 3799 2724 3880 illam,
2779 3799 2851 3868 in

294 3910 438 3977 qua
482 3889 836 3962 Barnabae
879 3888 1184 3981 Apostoli
1216 3887 1551 3977 reliquiae
1595 3889 1915 3960 conditae
1941 3900 2159 3970 erant,
2195 3889 2269 3957 in
2315 3887 2591 3958 dextera
2619 3909 2853 3958 sacrae

223 4020 232 4031 ·
295 3998 457 4049 arae
506 3991 701 4080 parte
747 3977 1131 4060 collocavit,
1174 3977 1299 4067 qui
1336 3978 1534 4049 locus
1582 3978 1803 4052 multo
1852 3988 2137 4069 argento
2168 3989 2236 4047 et
2283 3977 2692 4049 marmoreis
2737 3998 2851 4073 co-

296 4065 564 4139 lumms
608 4078 898 4138 ornatus
928 4077 1097 4138 erat.
1152 4066 1343 4137 Diem
1395 4087 1551 4138 vero
1599 4065 1879 4148 festum,
1932 4088 2071 4155 quo
2103 4066 2287 4137 beati
2317 4065 2617 4157 Apostoli
2644 4078 2709 4136 et
2740 4087 2853 4156 ge-

294 4156 527 4228 nerosi
575 4154 897 4246 martyris
953 4156 1306 4226 Barnabae
1353 4156 1693 4228 memoria
1739 4154 2227 4237 celebraretur,
2281 4160 2514 4225 Patres
2569 4156 2682 4245 agi
2730 4176 2853 4244 per

298 4245 615 4336 singulos
661 4266 883 4316 annos
921 4244 1453 4328 constituerunt,
1521 4245 1722 4315 tertio
1785 4244 1951 4316 Idus
1995 4243 2216 4326 Junii,
2251 4256 2330 4315 ut
2384 4244 2679 4314 Romani
2718 4264 2852 4313 nu-

296 4347 602 4405 merant:
654 4345 732 4405 ut
777 4355 938 4405 vero
970 4332 1202 4424 Cyprii
1236 4334 1817 4416 constantienses,
1883 4332 1996 4404 die
2033 4332 2406 4404 undecimo
2452 4331 2606 4422 ejus
2655 4351 2851 4400 men-

298 4422 419 4505 sis,
473 4422 597 4512 qui
628 4422 717 4494 ab
747 4422 890 4497 illis
918 4420 1177 4495 dicitur
1208 4426 1526 4507 Mesores‚
1561 4435 1627 4495 et
1658 4421 1983 4513 decimus·
2001 4431 2415 4494 numeratur
2443 4443 2458 4488 :
2512 4431 2592 4491 ut
2618 4429 2854 4489 autem
