3357 4995
617 327 747 392 236
1165 341 1166 348 ¹
1257 345 1335 390 nii:
1382 344 1438 390 s.
1492 343 1780 392 iiAUniNo
1826 344 1968 391 Ana.
2022 344 2097 390 m
2146 344 2332 390 MART.
2722 327 2942 392 JUNII
2999 329 3085 392 ’10

441 441 444 446 “
536 429 1026 519 magnanimus
1055 426 1346 497 militaro
1367 430 1610 518 coepit,
1637 440 1899 498 mutato
1926 428 2205 497 militari
2232 428 2539 518 cingu10,
2571 450 2704 497 non
2736 428 3078 520 deposito,

533 518 774 607 Digna,
813 515 1078 585 domini
1119 516 1277 597 mei,
1332 515 1536 603 laude
1585 516 1764 586 hanc
1797 516 1978 586 diem
2030 539 2408 597 sacremus,
2446 530 2511 585 et
2562 539 2775 605 prono
2826 519 3087 588 utrius-

533 627 667 692 que
715 604 1016 674 hominis
1063 604 1392 691 obsequio
1467 606 1909 676 honoremus.
1984 610 2031 675 E
2085 606 2348 675 restium
2405 606 2599 675 nobis
2655 606 2743 675 sit
2793 607 3082 697 Angelo-

532 716 688 763 rum
742 693 1135 783 participari
1184 692 1431 763 officio
1491 694 1600 762 Eis
1664 693 1748 763 de
1802 694 2011 764 nostri
2036 629 2265 794 zodia
2318 694 2590 784 patroni
2637 694 2857 784 gloria
2923 718 3082 786 gra·

534 782 915 852 tulantibus
963 780 1218 938 ἒεωάἰᾶ
1269 794 1499 852 nostra
1547 783 2016 863 conferamus,
2091 804 2302 851 imino
2338 782 2619 872 agaudia
2667 805 2907 853 eorum
2960 807 3079 875 ge·

458 939 464 946 ,
533 872 799 940 minare
847 893 954 939 am
1014 871 1264 950 iamuS,
1302 870 1483 939 etde
1535 884 1964 960 peccatorum
2001 885 2389 942 nostrorum
2426 871 2715 942 tumulis
2766 881 3084 961 resurga-

532 981 713 1030 mus.
779 958 1087 1041 Quodam
1163 959 1365 1028 modo
1416 959 1598 1027 enim
1661 962 1746 1028 de
1809 959 2197 1049 sepulchris
2249 959 2566 1029 vitiorum
2621 962 3077 1051 resurgimus,

532 1070 692 1118 cum
728 1051 942 1116 Deum
977 1048 1300 1117 manibus
1332 1048 1786 1136 exquirimuS‚
1839 1062 1902 1117 et
1941 1062 2336 1118 sanctorum
2390 1047 2716 1117 laudibus
2765 1050 3082 1119 animum

533 1137 984 1206 intendimus.
1039 1136 1214 1205 Hinc
1252 1158 1369 1226 per
1403 1136 1607 1205 David
1652 1137 1990 1206 familiare
2038 1137 2168 1206 sibi
2202 1158 2540 1227 organum
2586 1142 2627 1207 S
2684 1139 2882 1208 iritus
2910 1142 3083 1207 San—

533 1238 712 1303 ctus,
751 1225 1075 1304 Laudate,
1113 1224 1362 1311 inquit,
1416 1227 1770 1294 Dominum
1800 1228 1870 1294 in
1900 1229 2149 1294 sanctis
2204 1228 2372 1315 ejus.
2411 1231 2487 1295 Et
2539 1226 2605 1293 in
2692 1226 2752 1297 is
2799 1248 3077 1314 quoque

534 1313 987 1384 mundalibus
1027 1313 1282 1402 regnis,
1328 1334 1532 1399 quem
1585 1335 1778 1413 reges
1813 1337 1934 1384 sua
1987 1313 2363 1404 dignantur
2411 1314 2737 1396 amicitia,
2784 1316 2839 1385 si
2890 1315 3074 1402 quod

533 1403 601 1470 in
656 1424 846 1492 spem
899 1400 1158 1491 gratiae
1230 1423 1513 1472 suorum
1591 1403 1983 1493 principum
2038 1402 2427 1473 militaverit
2494 1402 2776 1483 bellum,
2861 1404 3080 1472 nostis

532 1503 793 1578 quanta
840 1489 1183 1570 dulced0,
1262 1503 1522 1576 quanta
1590 1512 1831 1582 regum
1883 1512 2092 1580 super
2137 1513 2215 1561 eo
2278 1492 2365 1560 sit
2425 1490 2784 1561 oblectatio
2831 1491 3076 1561 audire

533 1592 837 1666 quantus
887 1579 957 1646 in
1020 1578 1342 1677 clypeum
1415 1592 1778 1669 assurgat,
1831 1594 2090 1666 quanta
2138 1583 2202 1649 vi
2274 1593 2580 1666 torqueat
2652 1581 2963 1657 hastam,
3016 1595 3082 1650 et

534 1679 794 1754 quanto
844 1668 1064 1756 ipsius
1103 1679 1277 1736 vitae
1318 1667 1623 1758 periculo
1657 1681 1867 1757 caput
1914 1667 2204 1757 objectet
2252 1669 2507 1758 gladio,

622 1758 657 1841 ξ
706 1760 795 1828 8.
853 1760 928 1824 In
980 1755 1268 1846 gloriam
1302 1778 1464 1847 ergo
1495 1756 1788 1825 Maurini
1840 1756 2255 1828 nobilissimi
2304 1757 2594 1826 athletae
2648 1772 2711 1825 et
2763 1758 3077 1827 victorio-

536 1844 821 1926 sissimi,
865 1843 1129 1931 aliquid
1177 1857 1241 1913 et
1287 1867 1411 1916 iios
1470 1866 1870 1915 resonemus
1905 1845 2108 1915 dulce
2146 1850 2302 1926 Deo,
2356 1857 2631 1936 gratum
2680 1845 2893 1915 coe10.
2950 1847 3077 1917 Sed

532 1933 708 2004 cinis
742 1947 806 2002 et
854 1932 1081 2022 pulvis
1112 1932 1279 2020 quid
1320 1933 1485 2003 feret
1527 1934 1827 2023 ,dignum
1868 1935 2091 2005 amico
2142 1936 2256 2003 Dei
2305 1934 2588 2015 excelsi,
2643 1935 2758 2004 cui
2806 1934 3080 2023 hymni·

532 2021 670 2090 dici
725 2043 1131 2111 superorum
1184 2021 1609 2091 famulantur
1668 2022 1920 2092 chori?
1985 2028 2236 2093 Parum
2284 2035 2407 2103 est,
2474 2023 2532 2093 si
2605 2044 2765 2092 euin
2817 2022 3078 2093 fortiter

536 2110 887 2179 Dominica
937 2109 1112 2182 bella
1162 2109 1455 2181 bellasse
1493 2110 1816 2181 dicimus.
1858 2117 1981 2179 Ter
2028 2112 2213 2180 enim
2264 2125 2640 2199 quaterque
2681 2111 2893 2191 victor
2931 2113 3072 2181 exi-

534 2200 671 2277 stit,
707 2199 826 2285 qui
863 2220 995 2269 non
1046 2199 1248 2268 modo
1293 2221 1455 2269 cuin
1525 2199 1893 2289 purpureis
1942 2200 2252 2288 tyrannis
2316 2200 2386 2269 in
2453 2200 2602 2269 lites
2656 2201 2906 2290 erupit,
2963 2201 3080 2271 sed

535 2287 765 2357 seculo
804 2287 1027 2367 altior,
1081 2288 1150 2355 in
1216 2288 1445 2387 ipsum
1496 2287 1711 2376 hujus
1760 2288 2004 2358 mundi
2058 2289 2483 2379 principem,
2554 2289 2621 2357 in
2687 2288 2945 2378 ipsum,
3004 2303 3078 2358 ut

535 2377 637 2443 sic
678 2376 942 2445 dictum
1004 2377 1136 2456 sit,
1189 2389 1536 2467 gigantem
1585 2376 1795 2446 coelis
1848 2375 2027 2446 bella
2085 2377 2558 2458 minitantem,
2611 2379 2931 2469 giganteo
2972 2399 3077 2447 ro-

533 2465 693 2535 bore
741 2486 934 2534 arma
983 2465 1373 2543 commovit,
1414 2466 1617 2535 vitam
1673 2477 1886 2536 morte
1939 2465 2262 2556 possedit,
2304 2480 2622 2538 mortuus
2656 2465 2958 2558 palmam
3010 2479 3077 2536 et

534 2554 754 2643 spolia
785 2554 868 2624 de
896 2554 1088 2624 hoste
1118 2554 1294 2624 tulit.
1333 2560 1582 2637 Parum
1611 2566 1734 2635 est,
1765 2554 1824 2623 si
1868 2556 1931 2623 iii
1968 2577 2046 2624 eo
2082 2555 2339 2645 patritii
2379 2557 2747 2646 sanguinis
2788 2567 3079 2624 stemma

535 2664 995 2712 recensemus.
1052 2642 1262 2732 Major
1306 2642 1367 2713 ei
1417 2642 1737 2713 nobilitas
1796 2657 1919 2723 est,
1974 2644 2387 2715 confratrem
2436 2666 2583 2713 esse
2640 2657 2815 2712 mart
2867 2665 3020 2713 rum
3062 2700 3075 2723 ‚

533 2732 984 2802 cohaeredem
1034 2731 1533 2820 Apostolorum,
1576 2743 1642 2801 et
1689 2733 1950 2802 socium
1989 2734 2425 2823 Angelorum.
2460 2732 2653 2815 Quod
2688 2733 2745 2803 si
2844 2734 3084 2801 evitae

533 2821 684 2910 ejus
749 2821 991 2889 merito
1040 2820 1307 2907 agitur,
1362 2819 1652 2890 inferius
1714 2820 1840 2890 erit
1888 2821 2376 2909 quodcumque
2416 2821 2554 2890 dici
2609 2820 2890 2911 poterit:
2948 2821 3083 2889 nisi

533 2910 718 2995 quod
773 2930 924 2978 vere
967 2909 1296 2998 probatur
1331 2908 1673 3009 gloriosus
1707 2909 1819 2979 Dei
1850 2909 2119 2979 amicus
2156 2923 2221 2980 et
2272 2911 2809 3000 pretiosissimus
2859 2908 3075 2979 filius.

535 3002 616 3066 Et
662 2998 828 3084 quia
886 2996 1211 3067 conducit
1258 2997 1400 3067 filio
1449 2996 1742 3067 similari
1809 2997 1894 3066 ad
1948 3010 2251 3088 patrem,
2310 2999 2668 3088 piissimus
2747 2998 3083 3067 Dominus

537 3086 803 3155 nativae
845 3086 1117 3176 pietatis
1149 3108 1352 3155 suum
1406 3086 1794 3185 Matri-inum
1829 3088 2094 3156 ornavit
2143 3087 2423 3188 insigni.
2465 3093 2540 3157 In
2575 3109 2713 3175 quo
2760 3087 3083 3174 quisquis

535 3196 726 3264 spem
770 3195 967 3244 suam
1008 3174 1385 3252 constituit,
1416 3187 1599 3244 novit
1633 3174 1829 3244 ocius
1862 3188 2156 3261 quantae
2204 3176 2715 3245 misericordiae
2750 3175 3083 3244 balsamis

530 3263 788 3351 affluat,
847 3262 1029 3332 novit
1078 3284 1288 3349 quam
1325 3283 1644 3352 praesens
1693 3264 2066 3344 exauditor,
2107 3287 2315 3350 quani
2356 3265 2696 3355 propitius
2732 3265 2819 3333 sit
2868 3263 3081 3333 inter—

536 3364 806 3421 ventor:
863 3352 1248 3438 horumque
1293 3350 1720 3421 attestatione
1767 3353 2008 3439 quanti
2053 3366 2178 3424 stet
2226 3352 2563 3422 altissimo
2601 3352 2802 3422 facile
2843 3351 3083 3440 cogni-

536 3452 681 3510 tum
732 3454 855 3510 est.
924 3445 1163 3509 Verum
1233 3452 1446 3510 taceat
1509 3439 1783 3509 interim
1849 3440 2087 3531 lingua
2153 3441 2384 3512 carnis
2450 3463 2662 3531 super
2719 3440 3080 3510 coelestem

534 3529 825 3618 gloriam
878 3528 1222 3617 martyris,
1274 3550 1482 3615 quam
1535 3549 1658 3598 nec
1707 3529 1952 3598 oculus
1987 3529 2184 3611 vidit,
2243 3552 2366 3599 nec
2426 3530 2616 3600 auris
2654 3529 2959 3599 audivit:
3015 3541 3081 3596 et

534 3617 771 3687 saltem
822 3617 1118 3705 qualiter
1144 3617 1498 3687 inventum
1542 3617 1630 3686 sit
1660 3617 1812 3706 ejus
1847 3619 2394 3690 sacratissimum
2432 3639 2686 3708 corpus
2720 3618 2856 3687 diei
2907 3639 3083 3706 gau-¹

532 3706 647 3775 dio
694 3705 782 3775 ad
818 3707 1219 3775 memoriam
1257 3727 1678 3775 revocemus,

621 3796 658 3881 ξ
704 3800 789 3868 4.
843 3799 1120 3865 Peracto
1154 3794 1350 3864 beato
1389 3818 1427 3864 a
1478 3794 1631 3864 onis
1680 3793 1789 3864 sui
1845 3795 2222 3885 triumphO,
2280 3795 2601 3886 egregius
2667 3796 2781 3864 Dei
2828 3793 3082 3864 athleta

532 3884 914 3963 Maurinus,
957 3882 1185 3953 locum
1235 3894 1436 3953 tumu
1470 3883 1488 3951 i
1520 3881 1711 3953 coelo
1760 3894 2027 3953 tantum
2068 3898 2333 3965 notum,
2372 3897 2439 3953 et
2466 3882 2770 3973 Angelici
2810 3896 3080 3952 tantum

532 3971 847 4058 obsequii
888 3970 1261 4041 reverentia
1294 3986 1716 4052 veneratum,
1755 3970 2084 4041 habitavit
2132 3994 2354 4060 usque
2386 3973 2471 4042 ad
2508 3972 2854 4041 Incarnati
2884 3969 3083 4038 Verbi

531 4082 793 4130 annum
874 4060 1473 4151 nongentesimum
1542 4062 2055 4151 sexagesimum
2105 4076 2421 4142 sextum,
2484 4074 2727 4151 agente
2798 4073 2943 4130 tum
2966 4074 2983 4089 “
3013 4058 3078 4125 in

530 4149 841 4239 sceptris,
899 4149 1122 4238 primo
1151 4148 1434 4219 Othone.
1491 4153 1793 4219 Cesserat
1852 4149 1939 4218 ab
1988 4147 2152 4218 hinc
2201 4171 2387 4218 anno
2436 4147 2765 4219 humanis
2827 4145 3078 4216 officiis
3122 4154 3127 4159 '

531 4237 838 4337 ejusdem
886 4237 1218 4329 principis
1264 4237 1467 4309 divus
1502 4237 1709 4308 frater
1756 4243 1985 4307 Bruno
2020 4237 2266 4308 archos
2327 4238 2635 4319 antistes,
2696 4248 2762 4306 et
2814 4246 3081 4304 mutata

529 4329 710 4407 vita,
777 4326 1198 4396 christorum
1263 4327 1531 4396 Domini
1586 4327 1619 4359 ²*
1682 4339 1839 4396 ante
1894 4331 2099 4396 Deum
2162 4327 2482 4415 captabat
2555 4323 2885 4416 praemia.
2945 4322 3082 4404 Qui

586 4453 611 4479 *¹
642 4450 832 4495 Scilicet
849 4462 1092 4495 saci-orum
1111 4454 1404 4495 Antistitum.
