<?xml version="1.0" encoding="UTF-8"?>
<!DOCTYPE html PUBLIC "-//W3C//DTD XHTML 1.0 Transitional//EN"
    "http://www.w3.org/TR/xhtml1/DTD/xhtml1-transitional.dtd">
<html xmlns="http://www.w3.org/1999/xhtml" xml:lang="en" lang="en">
 <head>
  <title>
</title>
<meta http-equiv="Content-Type" content="text/html;charset=utf-8" />
  <meta name='ocr-system' content='tesseract 3.04.00' />
  <meta name='ocr-capabilities' content='ocr_page ocr_carea ocr_par ocr_line ocrx_word'/>
</head>
<body>
  <div class='ocr_page' id='page_1' title='image "./historiaeseuvit02lippgoog_0304.png"; bbox 0 0 3357 4995; ppageno 0'>
   <div class='ocr_carea' id='block_1_1' title="bbox 663 311 3233 378">
    <p class='ocr_par' dir='ltr' id='par_1_1' title="bbox 663 311 3233 378">
     <span class='ocr_line' id='line_1_1' title="bbox 663 311 3233 378; baseline 0 -5"><span class='ocrx_word' id='word_1_1' title='bbox 663 311 793 374; x_wconf 75' lang='lat'>288</span> <span class='ocrx_word' id='word_1_2' title='bbox 877 335 892 352; x_wconf 92' lang='lat'><strong>·</strong></span> <span class='ocrx_word' id='word_1_3' title='bbox 1196 329 1275 374; x_wconf 75' lang='lat' dir='ltr'>na</span> <span class='ocrx_word' id='word_1_4' title='bbox 1320 327 1377 375; x_wconf 92' lang='grc'>5.</span> <span class='ocrx_word' id='word_1_5' title='bbox 1431 327 1718 375; x_wconf 48' lang='lat' dir='ltr'>cantiano</span> <span class='ocrx_word' id='word_1_6' title='bbox 1768 327 2064 376; x_wconf 70' lang='grc' dir='ltr'><strong>110οΑ000</strong></span> <span class='ocrx_word' id='word_1_7' title='bbox 2114 328 2492 377; x_wconf 70' lang='lat' dir='ltr'>CLARAVALL.</span> <span class='ocrx_word' id='word_1_8' title='bbox 2768 312 2986 378; x_wconf 83' lang='lat' dir='ltr'>JUNII</span> <span class='ocrx_word' id='word_1_9' title='bbox 3038 312 3122 375; x_wconf 70' lang='lat'>⁴3</span> <span class='ocrx_word' id='word_1_10' title='bbox 3217 327 3233 338; x_wconf 63' lang='lat'><em>⁶</em></span> 
     </span>
    </p>
   </div>
   <div class='ocr_carea' id='block_1_2' title="bbox 567 411 3230 4498">
    <p class='ocr_par' dir='ltr' id='par_1_2' title="bbox 567 411 3230 3167">
     <span class='ocr_line' id='line_1_2' title="bbox 571 411 3121 499; baseline 0 -19"><span class='ocrx_word' id='word_1_11' title='bbox 571 412 834 481; x_wconf 80' lang='lat' dir='ltr'>excedit</span> <span class='ocrx_word' id='word_1_12' title='bbox 858 411 1163 493; x_wconf 89' lang='lat' dir='ltr'>modum,</span> <span class='ocrx_word' id='word_1_13' title='bbox 1201 412 1317 482; x_wconf 91' lang='lat' dir='ltr'>sed</span> <span class='ocrx_word' id='word_1_14' title='bbox 1361 433 1667 482; x_wconf 85' lang='lat' dir='ltr'>causam.</span> <span class='ocrx_word' id='word_1_15' title='bbox 1699 412 1819 481; x_wconf 93' lang='lat' dir='ltr'>Ille</span> <span class='ocrx_word' id='word_1_16' title='bbox 1855 413 2186 482; x_wconf 90' lang='lat' dir='ltr'>nimirum</span> <span class='ocrx_word' id='word_1_17' title='bbox 2222 426 2509 483; x_wconf 87' lang='lat' dir='ltr'>naturae</span> <span class='ocrx_word' id='word_1_18' title='bbox 2539 426 2661 492; x_wconf 88' lang='lat' dir='ltr'>est,</span> <span class='ocrx_word' id='word_1_19' title='bbox 2701 427 2766 482; x_wconf 92' lang='lat' dir='ltr'>et</span> <span class='ocrx_word' id='word_1_20' title='bbox 2794 415 2941 499; x_wconf 84' lang='lat' dir='ltr'>ejus</span> <span class='ocrx_word' id='word_1_21' title='bbox 2974 427 3121 482; x_wconf 84' lang='lat' dir='ltr'>tur-</span> 
     </span>
     <span class='ocr_line' id='line_1_3' title="bbox 569 501 3123 592; baseline 0.001 -24"><span class='ocrx_word' id='word_1_22' title='bbox 569 502 753 569; x_wconf 87' lang='lat' dir='ltr'>batio</span> <span class='ocrx_word' id='word_1_23' title='bbox 797 522 1013 589; x_wconf 84' lang='lat' dir='ltr'>poena</span> <span class='ocrx_word' id='word_1_24' title='bbox 1065 501 1360 590; x_wconf 86' lang='lat' dir='ltr'>peccati:</span> <span class='ocrx_word' id='word_1_25' title='bbox 1409 501 1574 571; x_wconf 82' lang='lat' dir='ltr'>haec</span> <span class='ocrx_word' id='word_1_26' title='bbox 1612 502 1873 571; x_wconf 78' lang='lat' dir='ltr'>vanitas</span> <span class='ocrx_word' id='word_1_27' title='bbox 1906 515 1971 570; x_wconf 87' lang='lat' dir='ltr'>et</span> <span class='ocrx_word' id='word_1_28' title='bbox 2022 516 2405 592; x_wconf 84' lang='lat' dir='ltr'>peccatum.</span> <span class='ocrx_word' id='word_1_29' title='bbox 2460 507 2538 570; x_wconf 89' lang='lat' dir='ltr'>Et</span> <span class='ocrx_word' id='word_1_30' title='bbox 2584 503 2767 570; x_wconf 88' lang='lat' dir='ltr'>enim</span> <span class='ocrx_word' id='word_1_31' title='bbox 2829 503 2922 570; x_wconf 89' lang='lat' dir='ltr'>ibi</span> <span class='ocrx_word' id='word_1_32' title='bbox 2973 502 3123 572; x_wconf 89' lang='lat' dir='ltr'>sola</span> 
     </span>
     <span class='ocr_line' id='line_1_4' title="bbox 569 589 3123 679; baseline 0 -22"><span class='ocrx_word' id='word_1_33' title='bbox 569 591 735 679; x_wconf 86' lang='lat' dir='ltr'>(nisi</span> <span class='ocrx_word' id='word_1_34' title='bbox 768 589 995 676; x_wconf 84' lang='lat' dir='ltr'>fallor)</span> <span class='ocrx_word' id='word_1_35' title='bbox 1037 590 1396 678; x_wconf 84' lang='lat' dir='ltr'>plorantur</span> <span class='ocrx_word' id='word_1_36' title='bbox 1441 591 1698 658; x_wconf 89' lang='lat' dir='ltr'>damna</span> <span class='ocrx_word' id='word_1_37' title='bbox 1747 590 2004 677; x_wconf 83' lang='lat' dir='ltr'>gloriae</span> <span class='ocrx_word' id='word_1_38' title='bbox 2044 591 2299 669; x_wconf 88' lang='lat' dir='ltr'>carnis,</span> <span class='ocrx_word' id='word_1_39' title='bbox 2357 591 2530 658; x_wconf 90' lang='lat' dir='ltr'>vitae</span> <span class='ocrx_word' id='word_1_40' title='bbox 2586 592 2967 679; x_wconf 78' lang='lat' dir='ltr'>praesentis</span> <span class='ocrx_word' id='word_1_41' title='bbox 3017 592 3123 658; x_wconf 90' lang='lat' dir='ltr'>in·-</span> 
     </span>
     <span class='ocr_line' id='line_1_5' title="bbox 573 678 3123 769; baseline 0 -22"><span class='ocrx_word' id='word_1_42' title='bbox 573 679 958 748; x_wconf 87' lang='lat' dir='ltr'>commoda.</span> <span class='ocrx_word' id='word_1_43' title='bbox 1015 683 1091 747; x_wconf 88' lang='lat' dir='ltr'>Et</span> <span class='ocrx_word' id='word_1_44' title='bbox 1126 678 1466 768; x_wconf 90' lang='lat' dir='ltr'>plorandi,</span> <span class='ocrx_word' id='word_1_45' title='bbox 1505 679 1626 765; x_wconf 87' lang='lat' dir='ltr'>qui</span> <span class='ocrx_word' id='word_1_46' title='bbox 1667 680 1757 747; x_wconf 90' lang='lat' dir='ltr'>ita</span> <span class='ocrx_word' id='word_1_47' title='bbox 1792 679 2084 769; x_wconf 79' lang='lat' dir='ltr'>plorant.</span> <span class='ocrx_word' id='word_1_48' title='bbox 2122 679 2467 765; x_wconf 84' lang='lat' dir='ltr'>Numquid</span> <span class='ocrx_word' id='word_1_49' title='bbox 2503 701 2627 768; x_wconf 87' lang='lat' dir='ltr'>ego</span> <span class='ocrx_word' id='word_1_50' title='bbox 2660 680 2809 748; x_wconf 68' lang='lat' dir='ltr'>sic?</span> <span class='ocrx_word' id='word_1_51' title='bbox 2859 680 3123 749; x_wconf 89' lang='lat' dir='ltr'>Similis</span> 
     </span>
     <span class='ocr_line' id='line_1_6' title="bbox 575 767 3122 853; baseline 0 -19"><span class='ocrx_word' id='word_1_52' title='bbox 575 767 745 834; x_wconf 84' lang='lat' dir='ltr'>mihi</span> <span class='ocrx_word' id='word_1_53' title='bbox 795 769 1101 846; x_wconf 57' lang='lat' dir='ltr'>affectus</span> <span class='ocrx_word' id='word_1_54' title='bbox 1149 767 1263 836; x_wconf 89' lang='lat' dir='ltr'>sed</span> <span class='ocrx_word' id='word_1_55' title='bbox 1299 768 1510 836; x_wconf 89' lang='lat' dir='ltr'>altera</span> <span class='ocrx_word' id='word_1_56' title='bbox 1539 790 1775 848; x_wconf 91' lang='lat' dir='ltr'>causa,</span> <span class='ocrx_word' id='word_1_57' title='bbox 1814 767 2317 853; x_wconf 87' lang='lat' dir='ltr'>dissimilisque</span> <span class='ocrx_word' id='word_1_58' title='bbox 2359 768 2666 837; x_wconf 90' lang='lat' dir='ltr'>intentio.</span> <span class='ocrx_word' id='word_1_59' title='bbox 2709 768 2910 837; x_wconf 88' lang='lat' dir='ltr'>Nulla</span> <span class='ocrx_word' id='word_1_60' title='bbox 2947 768 3122 838; x_wconf 80' lang='lat' dir='ltr'>mih‘i</span> 
     </span>
     <span class='ocr_line' id='line_1_7' title="bbox 572 856 3124 945; baseline 0.001 -23"><span class='ocrx_word' id='word_1_61' title='bbox 572 877 735 923; x_wconf 89' lang='lat' dir='ltr'>sane</span> <span class='ocrx_word' id='word_1_62' title='bbox 781 856 1062 941; x_wconf 88' lang='lat' dir='ltr'>querela</span> <span class='ocrx_word' id='word_1_63' title='bbox 1112 856 1195 924; x_wconf 89' lang='lat' dir='ltr'>de</span> <span class='ocrx_word' id='word_1_64' title='bbox 1221 856 1549 927; x_wconf 88' lang='lat' dir='ltr'>omnibus</span> <span class='ocrx_word' id='word_1_65' title='bbox 1578 878 1756 943; x_wconf 86' lang='lat' dir='ltr'>quae</span> <span class='ocrx_word' id='word_1_66' title='bbox 1806 869 1967 925; x_wconf 90' lang='lat' dir='ltr'>sunt</span> <span class='ocrx_word' id='word_1_67' title='bbox 2015 857 2282 925; x_wconf 90' lang='lat' dir='ltr'>mundi.</span> <span class='ocrx_word' id='word_1_68' title='bbox 2341 862 2414 924; x_wconf 88' lang='lat' dir='ltr'>In</span> <span class='ocrx_word' id='word_1_69' title='bbox 2448 856 2556 925; x_wconf 90' lang='lat' dir='ltr'>his</span> <span class='ocrx_word' id='word_1_70' title='bbox 2591 857 2887 945; x_wconf 86' lang='lat' dir='ltr'>profecto</span> <span class='ocrx_word' id='word_1_71' title='bbox 2943 880 3124 943; x_wconf 87' lang='lat' dir='ltr'>quae</span> 
     </span>
     <span class='ocr_line' id='line_1_8' title="bbox 572 944 3115 1034; baseline 0.001 -23"><span class='ocrx_word' id='word_1_72' title='bbox 572 955 734 1012; x_wconf 87' lang='lat' dir='ltr'>sunt</span> <span class='ocrx_word' id='word_1_73' title='bbox 770 946 906 1023; x_wconf 92' lang='lat' dir='ltr'>Dei,</span> <span class='ocrx_word' id='word_1_74' title='bbox 963 945 1362 1034; x_wconf 80' lang='lat' dir='ltr'>ademptum</span> <span class='ocrx_word' id='word_1_75' title='bbox 1425 945 1621 1017; x_wconf 88' lang='lat' dir='ltr'>doleo</span> <span class='ocrx_word' id='word_1_76' title='bbox 1669 944 1871 1013; x_wconf 84' lang='lat' dir='ltr'>fidele</span> <span class='ocrx_word' id='word_1_77' title='bbox 1926 944 2290 1024; x_wconf 79' lang='lat' dir='ltr'>auxilium,</span> <span class='ocrx_word' id='word_1_78' title='bbox 2353 945 2651 1014; x_wconf 89' lang='lat' dir='ltr'>salutare</span> <span class='ocrx_word' id='word_1_79' title='bbox 2714 945 3115 1015; x_wconf 89' lang='lat' dir='ltr'>consilium.</span> 
     </span>
     <span class='ocr_line' id='line_1_9' title="bbox 573 1033 3123 1123; baseline 0.001 -22"><span class='ocrx_word' id='word_1_80' title='bbox 573 1033 951 1102; x_wconf 86' lang='lat' dir='ltr'>Gerardum</span> <span class='ocrx_word' id='word_1_81' title='bbox 998 1033 1220 1123; x_wconf 89' lang='lat' dir='ltr'>lugeo.</span> <span class='ocrx_word' id='word_1_82' title='bbox 1268 1034 1610 1103; x_wconf 85' lang='lat' dir='ltr'>Gerardus</span> <span class='ocrx_word' id='word_1_83' title='bbox 1659 1049 1759 1103; x_wconf 90' lang='lat' dir='ltr'>est</span> <span class='ocrx_word' id='word_1_84' title='bbox 1795 1034 1860 1101; x_wconf 91' lang='lat' dir='ltr'>in</span> <span class='ocrx_word' id='word_1_85' title='bbox 1911 1056 2144 1112; x_wconf 89' lang='lat' dir='ltr'>causa,</span> <span class='ocrx_word' id='word_1_86' title='bbox 2202 1034 2408 1102; x_wconf 87' lang='lat' dir='ltr'>frater</span> <span class='ocrx_word' id='word_1_87' title='bbox 2442 1056 2671 1113; x_wconf 89' lang='lat' dir='ltr'>carne,</span> <span class='ocrx_word' id='word_1_88' title='bbox 2730 1035 2844 1102; x_wconf 87' lang='lat' dir='ltr'>sed</span> <span class='ocrx_word' id='word_1_89' title='bbox 2895 1036 3123 1123; x_wconf 80' lang='lat' dir='ltr'>proxi-</span> 
     </span>
     <span class='ocr_line' id='line_1_10' title="bbox 572 1122 3115 1212; baseline -0.001 -23"><span class='ocrx_word' id='word_1_90' title='bbox 572 1145 731 1191; x_wconf 87' lang='lat' dir='ltr'>mus</span> <span class='ocrx_word' id='word_1_91' title='bbox 763 1123 1034 1212; x_wconf 84' lang='lat' dir='ltr'>spiritu,</span> <span class='ocrx_word' id='word_1_92' title='bbox 1089 1123 1319 1191; x_wconf 88' lang='lat' dir='ltr'>socius</span> <span class='ocrx_word' id='word_1_93' title='bbox 1353 1122 1723 1212; x_wconf 84' lang='lat' dir='ltr'>proposito.</span> <span class='ocrx_word' id='word_1_94' title='bbox 1762 1122 2081 1191; x_wconf 76' lang='lat' dir='ltr'>Adhaesit</span> <span class='ocrx_word' id='word_1_95' title='bbox 2127 1123 2359 1191; x_wconf 86' lang='lat' dir='ltr'>anima</span> <span class='ocrx_word' id='word_1_96' title='bbox 2413 1145 2560 1190; x_wconf 90' lang='lat' dir='ltr'>mea</span> <span class='ocrx_word' id='word_1_97' title='bbox 2589 1125 2859 1192; x_wconf 87' lang='lat' dir='ltr'>animae</span> <span class='ocrx_word' id='word_1_98' title='bbox 2900 1123 3115 1191; x_wconf 89' lang='lat' dir='ltr'>illius:</span> 
     </span>
     <span class='ocr_line' id='line_1_11' title="bbox 570 1210 3109 1301; baseline 0 -23"><span class='ocrx_word' id='word_1_99' title='bbox 570 1224 635 1278; x_wconf 92' lang='lat' dir='ltr'>et</span> <span class='ocrx_word' id='word_1_100' title='bbox 683 1232 892 1279; x_wconf 88' lang='lat' dir='ltr'>unam</span> <span class='ocrx_word' id='word_1_101' title='bbox 930 1210 1086 1279; x_wconf 89' lang='lat' dir='ltr'>fecit</span> <span class='ocrx_word' id='word_1_102' title='bbox 1131 1211 1216 1279; x_wconf 93' lang='lat' dir='ltr'>de</span> <span class='ocrx_word' id='word_1_103' title='bbox 1253 1211 1550 1290; x_wconf 87' lang='lat' dir='ltr'>duabus,</span> <span class='ocrx_word' id='word_1_104' title='bbox 1610 1233 1742 1281; x_wconf 90' lang='grc'>000</span> <span class='ocrx_word' id='word_1_105' title='bbox 1811 1212 2403 1301; x_wconf 74' lang='grc'><strong>00030030101105,</strong></span> <span class='ocrx_word' id='word_1_106' title='bbox 2478 1211 2596 1280; x_wconf 91' lang='lat' dir='ltr'>sed</span> <span class='ocrx_word' id='word_1_107' title='bbox 2656 1212 3109 1280; x_wconf 80' lang='lat' dir='ltr'><strong>unanimitas.</strong></span> 
     </span>
     <span class='ocr_line' id='line_1_12' title="bbox 571 1299 3119 1388; baseline 0.002 -21"><span class='ocrx_word' id='word_1_108' title='bbox 571 1300 806 1368; x_wconf 84' lang='lat' dir='ltr'>Carnis</span> <span class='ocrx_word' id='word_1_109' title='bbox 844 1300 1126 1386; x_wconf 86' lang='lat' dir='ltr'>quidem</span> <span class='ocrx_word' id='word_1_110' title='bbox 1171 1300 1602 1370; x_wconf 80' lang='lat' dir='ltr'>necessitudo</span> <span class='ocrx_word' id='word_1_111' title='bbox 1652 1322 1786 1368; x_wconf 90' lang='grc'><strong>1100</strong></span> <span class='ocrx_word' id='word_1_112' title='bbox 1832 1299 2083 1368; x_wconf 86' lang='lat' dir='ltr'>defuit:</span> <span class='ocrx_word' id='word_1_113' title='bbox 2146 1299 2262 1368; x_wconf 91' lang='lat' dir='ltr'>sed</span> <span class='ocrx_word' id='word_1_114' title='bbox 2326 1299 2481 1387; x_wconf 82' lang='lat' dir='ltr'>plus</span> <span class='ocrx_word' id='word_1_115' title='bbox 2537 1301 2770 1388; x_wconf 83' lang='lat' dir='ltr'>junxit</span> <span class='ocrx_word' id='word_1_116' title='bbox 2827 1301 3119 1371; x_wconf 88' lang='lat' dir='ltr'>societas</span> 
     </span>
     <span class='ocr_line' id='line_1_13' title="bbox 569 1387 3121 1477; baseline 0 -22"><span class='ocrx_word' id='word_1_117' title='bbox 569 1389 880 1477; x_wconf 86' lang='lat' dir='ltr'>spiritus,</span> <span class='ocrx_word' id='word_1_118' title='bbox 938 1410 1319 1459; x_wconf 89' lang='lat' dir='ltr'>consensus</span> <span class='ocrx_word' id='word_1_119' title='bbox 1377 1389 1793 1467; x_wconf 88' lang='lat' dir='ltr'>animorum,</span> <span class='ocrx_word' id='word_1_120' title='bbox 1851 1411 2121 1458; x_wconf 88' lang='lat' dir='ltr'>morum</span> <span class='ocrx_word' id='word_1_121' title='bbox 2196 1387 2663 1457; x_wconf 79' lang='lat' dir='ltr'>conformitas.</span> <span class='ocrx_word' id='word_1_122' title='bbox 2731 1395 2893 1458; x_wconf 89' lang='lat' dir='ltr'>Cum</span> <span class='ocrx_word' id='word_1_123' title='bbox 2957 1411 3121 1476; x_wconf 86' lang='lat' dir='ltr'>ergo</span> 
     </span>
     <span class='ocr_line' id='line_1_14' title="bbox 567 1477 3120 1576; baseline 0 -33"><span class='ocrx_word' id='word_1_124' title='bbox 567 1497 876 1545; x_wconf 80' lang='lat' dir='ltr'>essemus</span> <span class='ocrx_word' id='word_1_125' title='bbox 915 1499 1032 1545; x_wconf 90' lang='lat' dir='ltr'>cor</span> <span class='ocrx_word' id='word_1_126' title='bbox 1064 1499 1282 1546; x_wconf 87' lang='lat' dir='ltr'>unum</span> <span class='ocrx_word' id='word_1_127' title='bbox 1306 1488 1369 1545; x_wconf 90' lang='lat' dir='ltr'>et</span> <span class='ocrx_word' id='word_1_128' title='bbox 1399 1477 1630 1545; x_wconf 89' lang='lat' dir='ltr'>anima</span> <span class='ocrx_word' id='word_1_129' title='bbox 1668 1500 1827 1556; x_wconf 89' lang='lat' dir='ltr'>una,</span> <span class='ocrx_word' id='word_1_130' title='bbox 1867 1477 2043 1546; x_wconf 87' lang='lat' dir='ltr'>hanc</span> <span class='ocrx_word' id='word_1_131' title='bbox 2081 1498 2302 1546; x_wconf 89' lang='lat' dir='ltr'>meam</span> <span class='ocrx_word' id='word_1_132' title='bbox 2362 1479 2616 1576; x_wconf 87' lang='lat' dir='ltr'>pariter</span> <span class='ocrx_word' id='word_1_133' title='bbox 2655 1491 2857 1564; x_wconf 90' lang='lat' dir='ltr'>atque</span> <span class='ocrx_word' id='word_1_134' title='bbox 2894 1478 3120 1567; x_wconf 86' lang='lat' dir='ltr'>ipsius</span> 
     </span>
     <span class='ocr_line' id='line_1_15' title="bbox 568 1564 3124 1656; baseline 0.001 -24"><span class='ocrx_word' id='word_1_135' title='bbox 568 1564 871 1633; x_wconf 86' lang='lat' dir='ltr'>animam</span> <span class='ocrx_word' id='word_1_136' title='bbox 913 1565 1344 1655; x_wconf 80' lang='lat' dir='ltr'>pertransivit</span> <span class='ocrx_word' id='word_1_137' title='bbox 1392 1565 1689 1655; x_wconf 80' lang='lat' dir='ltr'>gladius,</span> <span class='ocrx_word' id='word_1_138' title='bbox 1726 1580 1788 1633; x_wconf 90' lang='lat' dir='ltr'>et</span> <span class='ocrx_word' id='word_1_139' title='bbox 1829 1566 2152 1635; x_wconf 75' lang='lat' dir='ltr'>scindens</span> <span class='ocrx_word' id='word_1_140' title='bbox 2206 1567 2499 1635; x_wconf 85' lang='lat' dir='ltr'>mediam</span> <span class='ocrx_word' id='word_1_141' title='bbox 2556 1580 2813 1656; x_wconf 85' lang='lat' dir='ltr'>partem</span> <span class='ocrx_word' id='word_1_142' title='bbox 2876 1566 3124 1634; x_wconf 84' lang='lat' dir='ltr'>locavit</span> 
     </span>
     <span class='ocr_line' id='line_1_16' title="bbox 570 1653 3230 1744; baseline 0.001 -24"><span class='ocrx_word' id='word_1_143' title='bbox 570 1653 642 1721; x_wconf 88' lang='lat' dir='ltr'>in</span> <span class='ocrx_word' id='word_1_144' title='bbox 676 1653 886 1732; x_wconf 86' lang='grc'><strong>00010,</strong></span> <span class='ocrx_word' id='word_1_145' title='bbox 930 1668 1187 1743; x_wconf 84' lang='lat' dir='ltr'>partem</span> <span class='ocrx_word' id='word_1_146' title='bbox 1227 1655 1294 1721; x_wconf 91' lang='lat' dir='ltr'>in</span> <span class='ocrx_word' id='word_1_147' title='bbox 1328 1676 1539 1723; x_wconf 89' lang='lat' dir='ltr'>coeno</span> <span class='ocrx_word' id='word_1_148' title='bbox 1586 1654 1910 1723; x_wconf 90' lang='lat' dir='ltr'>deseruit.</span> <span class='ocrx_word' id='word_1_149' title='bbox 1956 1660 2116 1744; x_wconf 79' lang='lat' dir='ltr'>Ege,</span> <span class='ocrx_word' id='word_1_150' title='bbox 2153 1677 2276 1744; x_wconf 83' lang='lat' dir='ltr'>ego</span> <span class='ocrx_word' id='word_1_151' title='bbox 2327 1655 2439 1722; x_wconf 89' lang='lat' dir='ltr'>illa</span> <span class='ocrx_word' id='word_1_152' title='bbox 2481 1657 2697 1744; x_wconf 89' lang='lat' dir='ltr'>portio</span> <span class='ocrx_word' id='word_1_153' title='bbox 2743 1655 2993 1724; x_wconf 82' lang='lat' dir='ltr'>misera</span> <span class='ocrx_word' id='word_1_154' title='bbox 3048 1655 3117 1722; x_wconf 93' lang='lat' dir='ltr'>in</span> <span class='ocrx_word' id='word_1_155' title='bbox 3224 1689 3230 1693; x_wconf 91' lang='lat'>·</span> 
     </span>
     <span class='ocr_line' id='line_1_17' title="bbox 571 1741 3115 1833; baseline 0.001 -24"><span class='ocrx_word' id='word_1_156' title='bbox 571 1741 714 1809; x_wconf 89' lang='lat' dir='ltr'>luto</span> <span class='ocrx_word' id='word_1_157' title='bbox 758 1743 1021 1831; x_wconf 80' lang='lat' dir='ltr'>jacens,</span> <span class='ocrx_word' id='word_1_158' title='bbox 1063 1755 1373 1812; x_wconf 89' lang='lat' dir='ltr'>truncata</span> <span class='ocrx_word' id='word_1_159' title='bbox 1426 1754 1614 1832; x_wconf 71' lang='lat' dir='ltr'>parte</span> <span class='ocrx_word' id='word_1_160' title='bbox 1655 1744 1786 1820; x_wconf 90' lang='lat' dir='ltr'>sui,</span> <span class='ocrx_word' id='word_1_161' title='bbox 1847 1756 1911 1812; x_wconf 91' lang='lat' dir='ltr'>et</span> <span class='ocrx_word' id='word_1_162' title='bbox 1954 1756 2141 1833; x_wconf 84' lang='lat' dir='ltr'>parte</span> <span class='ocrx_word' id='word_1_163' title='bbox 2191 1745 2473 1833; x_wconf 88' lang='lat' dir='ltr'>potiori:</span> <span class='ocrx_word' id='word_1_164' title='bbox 2517 1757 2581 1812; x_wconf 87' lang='lat' dir='ltr'>et</span> <span class='ocrx_word' id='word_1_165' title='bbox 2628 1744 2884 1816; x_wconf 82' lang='lat' dir='ltr'>dicitur</span> <span class='ocrx_word' id='word_1_166' title='bbox 2914 1743 3115 1821; x_wconf 86' lang='lat' dir='ltr'>mihi,</span> 
     </span>
     <span class='ocr_line' id='line_1_18' title="bbox 572 1831 3123 1912; baseline 0.002 -16"><span class='ocrx_word' id='word_1_167' title='bbox 572 1852 656 1898; x_wconf 90' lang='lat' dir='ltr'>ne</span> <span class='ocrx_word' id='word_1_168' title='bbox 691 1831 997 1900; x_wconf 68' lang='lat' dir='ltr'>fleveris?</span> <span class='ocrx_word' id='word_1_169' title='bbox 1027 1832 1273 1900; x_wconf 80' lang='lat' dir='ltr'>Avulsa</span> <span class='ocrx_word' id='word_1_170' title='bbox 1324 1844 1486 1902; x_wconf 88' lang='lat' dir='ltr'>sunt</span> <span class='ocrx_word' id='word_1_171' title='bbox 1543 1832 1802 1900; x_wconf 88' lang='lat' dir='ltr'>viscera</span> <span class='ocrx_word' id='word_1_172' title='bbox 1859 1854 2006 1900; x_wconf 90' lang='lat' dir='ltr'>mea</span> <span class='ocrx_word' id='word_1_173' title='bbox 2059 1854 2097 1899; x_wconf 90' lang='lat' dir='ltr'>a</span> <span class='ocrx_word' id='word_1_174' title='bbox 2163 1855 2292 1912; x_wconf 88' lang='lat' dir='ltr'>me,</span> <span class='ocrx_word' id='word_1_175' title='bbox 2351 1844 2415 1901; x_wconf 92' lang='lat' dir='ltr'>et</span> <span class='ocrx_word' id='word_1_176' title='bbox 2466 1831 2722 1900; x_wconf 89' lang='lat' dir='ltr'>dicitur</span> <span class='ocrx_word' id='word_1_177' title='bbox 2774 1832 2967 1908; x_wconf 87' lang='grc'><strong>011111,</strong></span> <span class='ocrx_word' id='word_1_178' title='bbox 3037 1853 3123 1900; x_wconf 89' lang='grc'>00</span> 
     </span>
     <span class='ocr_line' id='line_1_19' title="bbox 573 1919 3112 2009; baseline 0.001 -23"><span class='ocrx_word' id='word_1_179' title='bbox 573 1920 926 1988; x_wconf 73' lang='lat' dir='ltr'>senseris?</span> <span class='ocrx_word' id='word_1_180' title='bbox 982 1921 1230 1996; x_wconf 88' lang='lat' dir='ltr'>Sentio,</span> <span class='ocrx_word' id='word_1_181' title='bbox 1285 1920 1504 1988; x_wconf 85' lang='lat' dir='ltr'>sentio</span> <span class='ocrx_word' id='word_1_182' title='bbox 1538 1921 1635 1989; x_wconf 84' lang='lat' dir='ltr'>vel</span> <span class='ocrx_word' id='word_1_183' title='bbox 1696 1921 1973 2000; x_wconf 79' lang='lat' dir='ltr'>invituS,</span> <span class='ocrx_word' id='word_1_184' title='bbox 2010 1921 2170 2007; x_wconf 85' lang='lat' dir='ltr'>quia</span> <span class='ocrx_word' id='word_1_185' title='bbox 2223 1942 2346 1989; x_wconf 86' lang='lat' dir='ltr'>nec</span> <span class='ocrx_word' id='word_1_186' title='bbox 2396 1920 2720 1990; x_wconf 84' lang='lat' dir='ltr'>fortitudo</span> <span class='ocrx_word' id='word_1_187' title='bbox 2770 1919 3112 2009; x_wconf 81' lang='lat' dir='ltr'>lapidum,</span> 
     </span>
     <span class='ocr_line' id='line_1_20' title="bbox 573 2006 3113 2098; baseline 0.002 -25"><span class='ocrx_word' id='word_1_188' title='bbox 573 2006 897 2077; x_wconf 84' lang='lat' dir='ltr'>fortitudo</span> <span class='ocrx_word' id='word_1_189' title='bbox 966 2031 1137 2090; x_wconf 87' lang='lat' dir='ltr'>mea,</span> <span class='ocrx_word' id='word_1_190' title='bbox 1193 2029 1317 2076; x_wconf 88' lang='grc'>000</span> <span class='ocrx_word' id='word_1_191' title='bbox 1351 2013 1508 2079; x_wconf 72' lang='lat' dir='ltr'>curo</span> <span class='ocrx_word' id='word_1_192' title='bbox 1558 2032 1710 2078; x_wconf 91' lang='lat' dir='ltr'>mea</span> <span class='ocrx_word' id='word_1_193' title='bbox 1757 2031 1967 2078; x_wconf 88' lang='lat' dir='ltr'>aenea</span> <span class='ocrx_word' id='word_1_194' title='bbox 2015 2021 2138 2078; x_wconf 87' lang='lat' dir='ltr'>est:</span> <span class='ocrx_word' id='word_1_195' title='bbox 2191 2009 2409 2078; x_wconf 89' lang='lat' dir='ltr'>sentio</span> <span class='ocrx_word' id='word_1_196' title='bbox 2462 2031 2743 2098; x_wconf 85' lang='lat' dir='ltr'>prorsus</span> <span class='ocrx_word' id='word_1_197' title='bbox 2777 2020 2840 2077; x_wconf 93' lang='lat' dir='ltr'>et</span> <span class='ocrx_word' id='word_1_198' title='bbox 2890 2009 3113 2088; x_wconf 90' lang='lat' dir='ltr'>dole0,</span> 
     </span>
     <span class='ocr_line' id='line_1_21' title="bbox 571 2096 3122 2188; baseline 0.002 -25"><span class='ocrx_word' id='word_1_199' title='bbox 571 2109 635 2164; x_wconf 90' lang='lat' dir='ltr'>et</span> <span class='ocrx_word' id='word_1_200' title='bbox 682 2096 877 2165; x_wconf 88' lang='lat' dir='ltr'>dolor</span> <span class='ocrx_word' id='word_1_201' title='bbox 925 2118 1119 2166; x_wconf 91' lang='lat' dir='ltr'>meus</span> <span class='ocrx_word' id='word_1_202' title='bbox 1173 2096 1240 2164; x_wconf 89' lang='lat' dir='ltr'>in</span> <span class='ocrx_word' id='word_1_203' title='bbox 1291 2108 1666 2188; x_wconf 81' lang='lat' dir='ltr'>conspectu</span> <span class='ocrx_word' id='word_1_204' title='bbox 1716 2120 1865 2166; x_wconf 89' lang='lat' dir='ltr'>meo</span> <span class='ocrx_word' id='word_1_205' title='bbox 1923 2120 2063 2168; x_wconf 90' lang='lat' dir='ltr'>sem</span> <span class='ocrx_word' id='word_1_206' title='bbox 2120 2121 2213 2166; x_wconf 91' lang='lat' dir='ltr'>er.</span> <span class='ocrx_word' id='word_1_207' title='bbox 2272 2103 2411 2166; x_wconf 90' lang='lat' dir='ltr'>Non</span> <span class='ocrx_word' id='word_1_208' title='bbox 2463 2120 2625 2166; x_wconf 90' lang='lat' dir='ltr'>sane</span> <span class='ocrx_word' id='word_1_209' title='bbox 2686 2120 2808 2167; x_wconf 93' lang='lat' dir='ltr'>nos</span> <span class='ocrx_word' id='word_1_210' title='bbox 2870 2098 3122 2187; x_wconf 90' lang='lat' dir='ltr'>poterit</span> 
     </span>
     <span class='ocr_line' id='line_1_22' title="bbox 572 2183 3120 2276; baseline 0.001 -25"><span class='ocrx_word' id='word_1_211' title='bbox 572 2183 866 2254; x_wconf 87' lang='lat' dir='ltr'>duritiae</span> <span class='ocrx_word' id='word_1_212' title='bbox 912 2200 977 2253; x_wconf 91' lang='lat' dir='ltr'>et</span> <span class='ocrx_word' id='word_1_213' title='bbox 1043 2186 1590 2255; x_wconf 84' lang='lat' dir='ltr'>insensibilitatis</span> <span class='ocrx_word' id='word_1_214' title='bbox 1657 2208 1947 2276; x_wconf 84' lang='lat' dir='ltr'>arguere</span> <span class='ocrx_word' id='word_1_215' title='bbox 2013 2187 2054 2254; x_wconf 92' lang='lat' dir='ltr'>il</span> <span class='ocrx_word' id='word_1_216' title='bbox 2091 2209 2125 2254; x_wconf 91' lang='lat' dir='ltr'>e</span> <span class='ocrx_word' id='word_1_217' title='bbox 2173 2189 2292 2272; x_wconf 86' lang='lat' dir='ltr'>qui</span> <span class='ocrx_word' id='word_1_218' title='bbox 2359 2187 2713 2265; x_wconf 85' lang='lat' dir='ltr'>verberat,</span> <span class='ocrx_word' id='word_1_219' title='bbox 2770 2186 3120 2272; x_wconf 90' lang='lat' dir='ltr'>quomodo</span> 
     </span>
     <span class='ocr_line' id='line_1_23' title="bbox 569 2272 3121 2364; baseline 0.001 -24"><span class='ocrx_word' id='word_1_220' title='bbox 569 2272 724 2344; x_wconf 91' lang='lat' dir='ltr'>illos</span> <span class='ocrx_word' id='word_1_221' title='bbox 757 2274 840 2342; x_wconf 86' lang='lat' dir='ltr'>de</span> <span class='ocrx_word' id='word_1_222' title='bbox 870 2275 1127 2360; x_wconf 84' lang='lat' dir='ltr'>quibus</span> <span class='ocrx_word' id='word_1_223' title='bbox 1174 2276 1505 2344; x_wconf 80' lang='lat' dir='ltr'>Jeremias</span> <span class='ocrx_word' id='word_1_224' title='bbox 1539 2276 1663 2344; x_wconf 89' lang='lat' dir='ltr'>ait:</span> <span class='ocrx_word' id='word_1_225' title='bbox 1711 2278 2015 2344; x_wconf 74' lang='lat' dir='ltr'>Percussi</span> <span class='ocrx_word' id='word_1_226' title='bbox 2062 2299 2189 2364; x_wconf 66' lang='lat' dir='ltr'>eoa,</span> <span class='ocrx_word' id='word_1_227' title='bbox 2240 2287 2301 2342; x_wconf 78' lang='lat' dir='ltr'>et</span> <span class='ocrx_word' id='word_1_228' title='bbox 2355 2299 2481 2344; x_wconf 80' lang='lat' dir='ltr'>non</span> <span class='ocrx_word' id='word_1_229' title='bbox 2530 2277 2909 2350; x_wconf 67' lang='lat' dir='ltr'>doluerant.</span> <span class='ocrx_word' id='word_1_230' title='bbox 2949 2275 3121 2344; x_wconf 75' lang='lat' dir='ltr'>Affe-</span> 
     </span>
     <span class='ocr_line' id='line_1_24' title="bbox 576 2362 3119 2454; baseline 0 -24"><span class='ocrx_word' id='word_1_231' title='bbox 576 2374 761 2430; x_wconf 89' lang='lat' dir='ltr'>ctum</span> <span class='ocrx_word' id='word_1_232' title='bbox 803 2385 1032 2432; x_wconf 87' lang='lat' dir='ltr'>meum</span> <span class='ocrx_word' id='word_1_233' title='bbox 1085 2362 1441 2433; x_wconf 84' lang='lat' dir='ltr'>confessus</span> <span class='ocrx_word' id='word_1_234' title='bbox 1490 2386 1668 2445; x_wconf 88' lang='lat' dir='ltr'>sum,</span> <span class='ocrx_word' id='word_1_235' title='bbox 1706 2379 1770 2433; x_wconf 88' lang='lat' dir='ltr'>et</span> <span class='ocrx_word' id='word_1_236' title='bbox 1818 2386 1953 2432; x_wconf 90' lang='lat' dir='ltr'>non</span> <span class='ocrx_word' id='word_1_237' title='bbox 2007 2364 2270 2454; x_wconf 87' lang='lat' dir='ltr'>negavi.</span> <span class='ocrx_word' id='word_1_238' title='bbox 2328 2364 2680 2433; x_wconf 85' lang='lat' dir='ltr'>Carnalem</span> <span class='ocrx_word' id='word_1_239' title='bbox 2732 2365 2891 2449; x_wconf 87' lang='lat' dir='ltr'>quis</span> <span class='ocrx_word' id='word_1_240' title='bbox 2932 2363 3119 2432; x_wconf 82' lang='lat' dir='ltr'>dixe·—</span> 
     </span>
     <span class='ocr_line' id='line_1_25' title="bbox 575 2451 3120 2552; baseline 0.001 -33"><span class='ocrx_word' id='word_1_241' title='bbox 575 2451 683 2530; x_wconf 89' lang='lat' dir='ltr'>rit,</span> <span class='ocrx_word' id='word_1_242' title='bbox 737 2473 862 2552; x_wconf 87' lang='lat' dir='ltr'>ego</span> <span class='ocrx_word' id='word_1_243' title='bbox 901 2451 1287 2522; x_wconf 89' lang='lat' dir='ltr'>humanum</span> <span class='ocrx_word' id='word_1_244' title='bbox 1342 2474 1478 2522; x_wconf 90' lang='lat' dir='ltr'>non</span> <span class='ocrx_word' id='word_1_245' title='bbox 1523 2475 1718 2543; x_wconf 82' lang='lat' dir='ltr'>nego,</span> <span class='ocrx_word' id='word_1_246' title='bbox 1774 2454 2098 2523; x_wconf 86' lang='lat' dir='ltr'>sicutnec</span> <span class='ocrx_word' id='word_1_247' title='bbox 2150 2474 2257 2522; x_wconf 88' lang='lat' dir='ltr'>me</span> <span class='ocrx_word' id='word_1_248' title='bbox 2306 2452 2679 2549; x_wconf 69' lang='lat' dir='ltr'>hominem.</span> <span class='ocrx_word' id='word_1_249' title='bbox 2737 2453 2803 2521; x_wconf 90' lang='lat' dir='ltr'>Si</span> <span class='ocrx_word' id='word_1_250' title='bbox 2856 2474 2939 2521; x_wconf 87' lang='grc'>00</span> <span class='ocrx_word' id='word_1_251' title='bbox 2990 2452 3120 2521; x_wconf 95' lang='grc'><strong>1100</strong></span> 
     </span>
     <span class='ocr_line' id='line_1_26' title="bbox 571 2540 3122 2641; baseline 0 -33"><span class='ocrx_word' id='word_1_252' title='bbox 571 2540 849 2621; x_wconf 81' lang='lat' dir='ltr'>sufficit,</span> <span class='ocrx_word' id='word_1_253' title='bbox 905 2562 1031 2610; x_wconf 91' lang='lat' dir='ltr'>nec</span> <span class='ocrx_word' id='word_1_254' title='bbox 1079 2542 1423 2611; x_wconf 88' lang='lat' dir='ltr'>carnalem</span> <span class='ocrx_word' id='word_1_255' title='bbox 1461 2565 1542 2612; x_wconf 91' lang='lat' dir='ltr'>ne</span> <span class='ocrx_word' id='word_1_256' title='bbox 1595 2543 1876 2611; x_wconf 89' lang='lat' dir='ltr'>averim.</span> <span class='ocrx_word' id='word_1_257' title='bbox 1915 2547 2079 2611; x_wconf 89' lang='lat' dir='ltr'>Nam</span> <span class='ocrx_word' id='word_1_258' title='bbox 2136 2554 2203 2609; x_wconf 87' lang='lat' dir='ltr'>et</span> <span class='ocrx_word' id='word_1_259' title='bbox 2248 2564 2373 2641; x_wconf 84' lang='lat' dir='ltr'>ego</span> <span class='ocrx_word' id='word_1_260' title='bbox 2422 2541 2719 2610; x_wconf 83' lang='lat' dir='ltr'>carnalis</span> <span class='ocrx_word' id='word_1_261' title='bbox 2762 2564 2943 2619; x_wconf 87' lang='lat' dir='ltr'>sum,</span> <span class='ocrx_word' id='word_1_262' title='bbox 3007 2562 3122 2609; x_wconf 90' lang='lat' dir='ltr'>ve-</span> 
     </span>
     <span class='ocr_line' id='line_1_27' title="bbox 571 2629 3125 2720; baseline -0 -22"><span class='ocrx_word' id='word_1_263' title='bbox 571 2630 923 2700; x_wconf 89' lang='lat' dir='ltr'>nundatus</span> <span class='ocrx_word' id='word_1_264' title='bbox 971 2632 1103 2700; x_wconf 89' lang='lat' dir='ltr'>sub</span> <span class='ocrx_word' id='word_1_265' title='bbox 1138 2644 1439 2720; x_wconf 85' lang='lat' dir='ltr'>peccate,</span> <span class='ocrx_word' id='word_1_266' title='bbox 1494 2654 1532 2700; x_wconf 92' lang='lat' dir='ltr'>a</span> <span class='ocrx_word' id='word_1_267' title='bbox 1586 2632 1812 2700; x_wconf 90' lang='lat' dir='ltr'>dictus</span> <span class='ocrx_word' id='word_1_268' title='bbox 1848 2631 2070 2703; x_wconf 81' lang='lat' dir='ltr'>morti.</span> <span class='ocrx_word' id='word_1_269' title='bbox 2110 2652 2367 2719; x_wconf 83' lang='lat' dir='ltr'>poenis,</span> <span class='ocrx_word' id='word_1_270' title='bbox 2408 2644 2473 2699; x_wconf 89' lang='lat' dir='ltr'>et</span> <span class='ocrx_word' id='word_1_271' title='bbox 2504 2631 2859 2698; x_wconf 89' lang='lat' dir='ltr'>aerumnis</span> <span class='ocrx_word' id='word_1_272' title='bbox 2909 2629 3125 2698; x_wconf 91' lang='lat' dir='ltr'>obno-</span> 
     </span>
     <span class='ocr_line' id='line_1_28' title="bbox 572 2718 3123 2809; baseline 0 -23"><span class='ocrx_word' id='word_1_273' title='bbox 572 2718 746 2787; x_wconf 87' lang='lat' dir='ltr'>xius.</span> <span class='ocrx_word' id='word_1_274' title='bbox 804 2724 944 2788; x_wconf 90' lang='lat' dir='ltr'>Non</span> <span class='ocrx_word' id='word_1_275' title='bbox 997 2742 1150 2788; x_wconf 89' lang='lat' dir='ltr'>sum</span> <span class='ocrx_word' id='word_1_276' title='bbox 1206 2719 1480 2809; x_wconf 83' lang='lat' dir='ltr'>(fateor)</span> <span class='ocrx_word' id='word_1_277' title='bbox 1549 2720 1975 2791; x_wconf 88' lang='lat' dir='ltr'>insensibilis</span> <span class='ocrx_word' id='word_1_278' title='bbox 2032 2719 2117 2787; x_wconf 90' lang='lat' dir='ltr'>ad</span> <span class='ocrx_word' id='word_1_279' title='bbox 2198 2740 2473 2808; x_wconf 56' lang='lat' dir='ltr'>poenas,</span> <span class='ocrx_word' id='word_1_280' title='bbox 2539 2732 2822 2787; x_wconf 90' lang='lat' dir='ltr'>mortem</span> <span class='ocrx_word' id='word_1_281' title='bbox 2876 2718 3123 2787; x_wconf 88' lang='lat' dir='ltr'>horreo</span> 
     </span>
     <span class='ocr_line' id='line_1_29' title="bbox 575 2807 3118 2897; baseline 0 -22"><span class='ocrx_word' id='word_1_282' title='bbox 575 2828 794 2876; x_wconf 88' lang='lat' dir='ltr'>meam</span> <span class='ocrx_word' id='word_1_283' title='bbox 846 2820 911 2876; x_wconf 91' lang='lat' dir='ltr'>et</span> <span class='ocrx_word' id='word_1_284' title='bbox 937 2830 1273 2877; x_wconf 89' lang='lat' dir='ltr'>meorum.</span> <span class='ocrx_word' id='word_1_285' title='bbox 1317 2809 1881 2878; x_wconf 84' lang='lat' dir='ltr'>MeusGerardus</span> <span class='ocrx_word' id='word_1_286' title='bbox 1913 2820 2079 2888; x_wconf 90' lang='lat' dir='ltr'>erat,</span> <span class='ocrx_word' id='word_1_287' title='bbox 2124 2830 2317 2877; x_wconf 89' lang='lat' dir='ltr'>meus</span> <span class='ocrx_word' id='word_1_288' title='bbox 2346 2807 2569 2897; x_wconf 90' lang='lat' dir='ltr'>plane.</span> <span class='ocrx_word' id='word_1_289' title='bbox 2600 2814 2690 2875; x_wconf 78' lang='lat' dir='ltr'>An</span> <span class='ocrx_word' id='word_1_290' title='bbox 2729 2828 2860 2874; x_wconf 89' lang='lat' dir='ltr'>non</span> <span class='ocrx_word' id='word_1_291' title='bbox 2897 2828 3118 2887; x_wconf 89' lang='grc'><strong>10005,</strong></span> 
     </span>
     <span class='ocr_line' id='line_1_30' title="bbox 574 2892 3118 2986; baseline 0 -23"><span class='ocrx_word' id='word_1_292' title='bbox 574 2897 693 2981; x_wconf 89' lang='lat' dir='ltr'>qui</span> <span class='ocrx_word' id='word_1_293' title='bbox 763 2892 967 2965; x_wconf 83' lang='lat' dir='ltr'>frater</span> <span class='ocrx_word' id='word_1_294' title='bbox 1016 2898 1354 2986; x_wconf 87' lang='lat' dir='ltr'>sanguine</span> <span class='ocrx_word' id='word_1_295' title='bbox 1400 2897 1566 2977; x_wconf 86' lang='lat' dir='ltr'>fuit,</span> <span class='ocrx_word' id='word_1_296' title='bbox 1687 2896 2056 2965; x_wconf 86' lang='lat' dir='ltr'>rosessione</span> <span class='ocrx_word' id='word_1_297' title='bbox 2108 2896 2334 2974; x_wconf 82' lang='lat' dir='ltr'>silius,</span> <span class='ocrx_word' id='word_1_298' title='bbox 2390 2895 2829 2965; x_wconf 85' lang='lat' dir='ltr'>solicitudine</span> <span class='ocrx_word' id='word_1_299' title='bbox 2880 2908 3073 2984; x_wconf 85' lang='lat' dir='ltr'>pater</span> <span class='ocrx_word' id='word_1_300' title='bbox 3104 2951 3118 2973; x_wconf 89' lang='lat'><strong><em>,</em></strong></span> 
     </span>
     <span class='ocr_line' id='line_1_31' title="bbox 573 2983 3125 3073; baseline 0 -21"><span class='ocrx_word' id='word_1_301' title='bbox 573 3005 855 3054; x_wconf 89' lang='lat' dir='ltr'>consors</span> <span class='ocrx_word' id='word_1_302' title='bbox 903 2985 1176 3073; x_wconf 84' lang='lat' dir='ltr'>spiritu,</span> <span class='ocrx_word' id='word_1_303' title='bbox 1233 2987 1520 3055; x_wconf 88' lang='lat' dir='ltr'>intimus</span> <span class='ocrx_word' id='word_1_304' title='bbox 1570 3008 1610 3054; x_wconf 91' lang='lat' dir='ltr'>a</span> <span class='ocrx_word' id='word_1_305' title='bbox 1663 2989 1864 3055; x_wconf 76' lang='lat' dir='ltr'>ectu?</span> <span class='ocrx_word' id='word_1_306' title='bbox 1915 2990 1980 3054; x_wconf 90' lang='lat' dir='ltr'>Is</span> <span class='ocrx_word' id='word_1_307' title='bbox 2011 2986 2365 3059; x_wconf 75' lang='grc' dir='ltr'><strong>10005511.νο</strong></span> <span class='ocrx_word' id='word_1_308' title='bbox 2410 3008 2539 3063; x_wconf 89' lang='lat' dir='ltr'>me,</span> <span class='ocrx_word' id='word_1_309' title='bbox 2584 2985 2847 3053; x_wconf 85' lang='lat' dir='ltr'>sentio:</span> <span class='ocrx_word' id='word_1_310' title='bbox 2896 2983 3125 3053; x_wconf 86' lang='lat' dir='ltr'>laesus</span> 
     </span>
     <span class='ocr_line' id='line_1_32' title="bbox 575 3074 2227 3167; baseline 0.001 -27"><span class='ocrx_word' id='word_1_311' title='bbox 575 3094 755 3151; x_wconf 78' lang='lat' dir='ltr'>sum,</span> <span class='ocrx_word' id='word_1_312' title='bbox 797 3087 861 3142; x_wconf 89' lang='lat' dir='ltr'>et</span> <span class='ocrx_word' id='word_1_313' title='bbox 909 3074 1226 3167; x_wconf 67' lang='lat' dir='ltr'>graviter.</span> <span class='ocrx_word' id='word_1_314' title='bbox 1322 3126 1330 3134; x_wconf 86' lang='lat'>.</span> <span class='ocrx_word' id='word_1_315' title='bbox 2020 3088 2033 3165; x_wconf 57' lang='lat' dir='ltr'>j</span> <span class='ocrx_word' id='word_1_316' title='bbox 2224 3122 2227 3127; x_wconf 87' lang='lat'><em>-</em></span> 
     </span>
    </p>

    <p class='ocr_par' dir='ltr' id='par_1_3' title="bbox 570 3161 3130 4498">
     <span class='ocr_line' id='line_1_33' title="bbox 661 3161 3118 3251; baseline -0.002 -18"><span class='ocrx_word' id='word_1_317' title='bbox 661 3162 892 3245; x_wconf 62' lang='lat' dir='ltr'>§1st</span> <span class='ocrx_word' id='word_1_318' title='bbox 949 3163 1286 3250; x_wconf 87' lang='lat' dir='ltr'>Ignoscite</span> <span class='ocrx_word' id='word_1_319' title='bbox 1353 3162 1517 3230; x_wconf 82' lang='lat' dir='ltr'>sili-i:</span> <span class='ocrx_word' id='word_1_320' title='bbox 1581 3163 1803 3233; x_wconf 64' lang='lat' dir='ltr'>immo</span> <span class='ocrx_word' id='word_1_321' title='bbox 1863 3162 1921 3230; x_wconf 91' lang='lat' dir='ltr'>si</span> <span class='ocrx_word' id='word_1_322' title='bbox 1974 3161 2126 3242; x_wconf 88' lang='lat' dir='ltr'>filii,</span> <span class='ocrx_word' id='word_1_323' title='bbox 2184 3162 2394 3231; x_wconf 86' lang='lat' dir='ltr'>vicem</span> <span class='ocrx_word' id='word_1_324' title='bbox 2455 3161 2676 3231; x_wconf 87' lang='lat' dir='ltr'>dolete</span> <span class='ocrx_word' id='word_1_325' title='bbox 2738 3173 3118 3251; x_wconf 84' lang='lat' dir='ltr'>paternam.</span> 
     </span>
     <span class='ocr_line' id='line_1_34' title="bbox 572 3250 3118 3336; baseline 0.002 -21"><span class='ocrx_word' id='word_1_326' title='bbox 572 3250 978 3318; x_wconf 68' lang='lat' dir='ltr'>Miseremini</span> <span class='ocrx_word' id='word_1_327' title='bbox 1025 3252 1177 3329; x_wconf 78' lang='lat' dir='ltr'>mei,</span> <span class='ocrx_word' id='word_1_328' title='bbox 1217 3254 1627 3320; x_wconf 74' lang='lat' dir='ltr'>miseremini</span> <span class='ocrx_word' id='word_1_329' title='bbox 1649 3253 1803 3324; x_wconf 74' lang='lat' dir='ltr'>mei.</span> <span class='ocrx_word' id='word_1_330' title='bbox 1861 3254 2102 3319; x_wconf 78' lang='lat' dir='ltr'>saltem</span> <span class='ocrx_word' id='word_1_331' title='bbox 2140 3274 2252 3319; x_wconf 79' lang='lat' dir='ltr'>vos</span> <span class='ocrx_word' id='word_1_332' title='bbox 2306 3253 2513 3319; x_wconf 77' lang='lat' dir='ltr'>antici</span> <span class='ocrx_word' id='word_1_333' title='bbox 2562 3253 2713 3330; x_wconf 72' lang='lat' dir='ltr'>mci,</span> <span class='ocrx_word' id='word_1_334' title='bbox 2772 3252 2890 3336; x_wconf 89' lang='lat' dir='ltr'>qui</span> <span class='ocrx_word' id='word_1_335' title='bbox 2935 3264 3118 3319; x_wconf 86' lang='lat' dir='ltr'>certe</span> 
     </span>
     <span class='ocr_line' id='line_1_35' title="bbox 570 3338 3114 3429; baseline 0.001 -25"><span class='ocrx_word' id='word_1_336' title='bbox 570 3338 1021 3407; x_wconf 88' lang='lat' dir='ltr'>consideratis</span> <span class='ocrx_word' id='word_1_337' title='bbox 1059 3361 1269 3426; x_wconf 88' lang='lat' dir='ltr'>quam</span> <span class='ocrx_word' id='word_1_338' title='bbox 1319 3340 1554 3429; x_wconf 87' lang='lat' dir='ltr'>gravia</span> <span class='ocrx_word' id='word_1_339' title='bbox 1605 3360 1727 3429; x_wconf 86' lang='lat' dir='ltr'>pro</span> <span class='ocrx_word' id='word_1_340' title='bbox 1784 3341 2081 3429; x_wconf 86' lang='lat' dir='ltr'>peccatis</span> <span class='ocrx_word' id='word_1_341' title='bbox 2134 3341 2355 3428; x_wconf 77' lang='lat' dir='ltr'>recepi</span> <span class='ocrx_word' id='word_1_342' title='bbox 2418 3339 2501 3407; x_wconf 89' lang='lat' dir='ltr'>de</span> <span class='ocrx_word' id='word_1_343' title='bbox 2553 3361 2765 3407; x_wconf 88' lang='lat' dir='ltr'>manu</span> <span class='ocrx_word' id='word_1_344' title='bbox 2818 3340 3114 3407; x_wconf 89' lang='lat' dir='ltr'>Domini.</span> 
     </span>
     <span class='ocr_line' id='line_1_36' title="bbox 572 3427 3122 3519; baseline 0 -25"><span class='ocrx_word' id='word_1_345' title='bbox 572 3429 648 3494; x_wconf 91' lang='lat' dir='ltr'>In</span> <span class='ocrx_word' id='word_1_346' title='bbox 689 3427 875 3514; x_wconf 78' lang='lat' dir='ltr'>virga</span> <span class='ocrx_word' id='word_1_347' title='bbox 924 3427 1425 3517; x_wconf 62' lang='lat' dir='ltr'>indignationis</span> <span class='ocrx_word' id='word_1_348' title='bbox 1456 3450 1621 3498; x_wconf 87' lang='lat' dir='ltr'>suae</span> <span class='ocrx_word' id='word_1_349' title='bbox 1674 3428 2012 3518; x_wconf 84' lang='lat' dir='ltr'>percussit</span> <span class='ocrx_word' id='word_1_350' title='bbox 2047 3449 2176 3507; x_wconf 89' lang='grc'><strong>100,</strong></span> <span class='ocrx_word' id='word_1_351' title='bbox 2210 3428 2419 3519; x_wconf 85' lang='lat' dir='ltr'>digne</span> <span class='ocrx_word' id='word_1_352' title='bbox 2457 3450 2577 3517; x_wconf 89' lang='lat' dir='ltr'>pro</span> <span class='ocrx_word' id='word_1_353' title='bbox 2629 3428 2913 3508; x_wconf 86' lang='lat' dir='ltr'>meritis,</span> <span class='ocrx_word' id='word_1_354' title='bbox 2950 3427 3122 3511; x_wconf 74' lang='lat' dir='ltr'>dure</span> 
     </span>
     <span class='ocr_line' id='line_1_37' title="bbox 573 3515 3123 3604; baseline 0.001 -23"><span class='ocrx_word' id='word_1_355' title='bbox 573 3536 698 3602; x_wconf 86' lang='lat' dir='ltr'>pro</span> <span class='ocrx_word' id='word_1_356' title='bbox 728 3515 1012 3585; x_wconf 81' lang='lat' dir='ltr'>viribus,</span> <span class='ocrx_word' id='word_1_357' title='bbox 1068 3522 1159 3585; x_wconf 76' lang='lat' dir='ltr'>An</span> <span class='ocrx_word' id='word_1_358' title='bbox 1213 3517 1355 3586; x_wconf 87' lang='lat' dir='ltr'>leve</span> <span class='ocrx_word' id='word_1_359' title='bbox 1386 3517 1542 3604; x_wconf 88' lang='lat' dir='ltr'>quis</span> <span class='ocrx_word' id='word_1_360' title='bbox 1574 3517 1843 3595; x_wconf 84' lang='lat' dir='ltr'>dixerit,</span> <span class='ocrx_word' id='word_1_361' title='bbox 1900 3516 2119 3585; x_wconf 90' lang='lat' dir='ltr'>vivere</span> <span class='ocrx_word' id='word_1_362' title='bbox 2158 3539 2264 3586; x_wconf 91' lang='lat' dir='ltr'>me</span> <span class='ocrx_word' id='word_1_363' title='bbox 2297 3518 2557 3602; x_wconf 87' lang='lat' dir='ltr'>absque</span> <span class='ocrx_word' id='word_1_364' title='bbox 2607 3516 2930 3596; x_wconf 90' lang='lat' dir='ltr'>Gerardo,</span> <span class='ocrx_word' id='word_1_365' title='bbox 2989 3517 3123 3585; x_wconf 90' lang='lat' dir='ltr'>nisi</span> 
     </span>
     <span class='ocr_line' id='line_1_38' title="bbox 571 3604 3122 3691; baseline 0.001 -22"><span class='ocrx_word' id='word_1_366' title='bbox 571 3604 692 3689; x_wconf 90' lang='lat' dir='ltr'>qui</span> <span class='ocrx_word' id='word_1_367' title='bbox 742 3606 1011 3674; x_wconf 74' lang='lat' dir='ltr'>ionorat</span> <span class='ocrx_word' id='word_1_368' title='bbox 1058 3606 1223 3691; x_wconf 90' lang='lat' dir='ltr'>quid</span> <span class='ocrx_word' id='word_1_369' title='bbox 1280 3606 1448 3674; x_wconf 87' lang='grc'><strong>011111</strong></span> <span class='ocrx_word' id='word_1_370' title='bbox 1497 3629 1654 3675; x_wconf 87' lang='grc'><strong>0001</strong></span> <span class='ocrx_word' id='word_1_371' title='bbox 1692 3604 1990 3676; x_wconf 88' lang='lat' dir='ltr'>Gerardo</span> <span class='ocrx_word' id='word_1_372' title='bbox 2020 3609 2220 3675; x_wconf 82' lang='lat' dir='ltr'>‘?·Nec</span> <span class='ocrx_word' id='word_1_373' title='bbox 2255 3617 2478 3674; x_wconf 88' lang='lat' dir='ltr'>tamen</span> <span class='ocrx_word' id='word_1_374' title='bbox 2530 3605 2929 3674; x_wconf 88' lang='lat' dir='ltr'>contradico</span> <span class='ocrx_word' id='word_1_375' title='bbox 2978 3626 3122 3675; x_wconf 90' lang='lat' dir='ltr'>ser—</span> 
     </span>
     <span class='ocr_line' id='line_1_39' title="bbox 574 3658 3124 3784; baseline 0.002 -26"><span class='ocrx_word' id='word_1_376' title='bbox 574 3658 900 3763; x_wconf 64' lang='lat' dir='ltr'>monissus</span> <span class='ocrx_word' id='word_1_377' title='bbox 949 3695 1227 3763; x_wconf 86' lang='lat' dir='ltr'>Sancti:</span> <span class='ocrx_word' id='word_1_378' title='bbox 1281 3700 1413 3763; x_wconf 86' lang='lat' dir='ltr'>Nec</span> <span class='ocrx_word' id='word_1_379' title='bbox 1463 3694 1888 3784; x_wconf 79' lang='lat' dir='ltr'>reprehendo</span> <span class='ocrx_word' id='word_1_380' title='bbox 1932 3694 2278 3781; x_wconf 86' lang='lat' dir='ltr'>judicium</span> <span class='ocrx_word' id='word_1_381' title='bbox 2329 3717 2465 3780; x_wconf 83' lang='lat' dir='ltr'>quo</span> <span class='ocrx_word' id='word_1_382' title='bbox 2526 3695 2779 3783; x_wconf 85' lang='lat' dir='ltr'>recepit</span> <span class='ocrx_word' id='word_1_383' title='bbox 2826 3692 3124 3779; x_wconf 89' lang='lat' dir='ltr'>quisque</span> 
     </span>
     <span class='ocr_line' id='line_1_40' title="bbox 571 3781 3125 3873; baseline 0 -24"><span class='ocrx_word' id='word_1_384' title='bbox 571 3801 708 3865; x_wconf 88' lang='lat' dir='ltr'>quo</span> <span class='ocrx_word' id='word_1_385' title='bbox 757 3781 1014 3872; x_wconf 91' lang='lat' dir='ltr'>dignus</span> <span class='ocrx_word' id='word_1_386' title='bbox 1060 3798 1204 3851; x_wconf 89' lang='lat' dir='ltr'>est:</span> <span class='ocrx_word' id='word_1_387' title='bbox 1262 3782 1384 3852; x_wconf 94' lang='lat' dir='ltr'>Ille</span> <span class='ocrx_word' id='word_1_388' title='bbox 1432 3805 1757 3852; x_wconf 87' lang='lat' dir='ltr'>coronam</span> <span class='ocrx_word' id='word_1_389' title='bbox 1818 3806 2025 3869; x_wconf 82' lang='lat' dir='ltr'>quam</span> <span class='ocrx_word' id='word_1_390' title='bbox 2099 3784 2392 3861; x_wconf 88' lang='lat' dir='ltr'>meruit,</span> <span class='ocrx_word' id='word_1_391' title='bbox 2458 3804 2583 3873; x_wconf 86' lang='lat' dir='ltr'>ego</span> <span class='ocrx_word' id='word_1_392' title='bbox 2650 3804 2856 3869; x_wconf 89' lang='lat' dir='ltr'>quam</span> <span class='ocrx_word' id='word_1_393' title='bbox 2911 3781 3125 3851; x_wconf 89' lang='lat' dir='ltr'>debui</span> 
     </span>
     <span class='ocr_line' id='line_1_41' title="bbox 570 3869 3129 3963; baseline -0.001 -26"><span class='ocrx_word' id='word_1_394' title='bbox 570 3891 889 3953; x_wconf 80' lang='lat' dir='ltr'>poenam.</span> <span class='ocrx_word' id='word_1_395' title='bbox 929 3872 1496 3959; x_wconf 52' lang='lat' dir='ltr'>-Numquidtquia</span> <span class='ocrx_word' id='word_1_396' title='bbox 1536 3873 1756 3942; x_wconf 90' lang='lat' dir='ltr'>sentio</span> <span class='ocrx_word' id='word_1_397' title='bbox 1809 3894 2121 3962; x_wconf 85' lang='lat' dir='ltr'>poenam,</span> <span class='ocrx_word' id='word_1_398' title='bbox 2190 3871 2614 3961; x_wconf 86' lang='lat' dir='ltr'>reprehendo</span> <span class='ocrx_word' id='word_1_399' title='bbox 2658 3869 3129 3963; x_wconf 67' lang='lat' dir='ltr'>sententiam?</span> 
     </span>
     <span class='ocr_line' id='line_1_42' title="bbox 571 3960 3126 4047; baseline -0 -20"><span class='ocrx_word' id='word_1_400' title='bbox 571 3962 974 4029; x_wconf 89' lang='lat' dir='ltr'>Humanum</span> <span class='ocrx_word' id='word_1_401' title='bbox 1022 3973 1124 4031; x_wconf 88' lang='lat' dir='ltr'>est</span> <span class='ocrx_word' id='word_1_402' title='bbox 1173 3960 1369 4041; x_wconf 90' lang='lat' dir='ltr'>illud,</span> <span class='ocrx_word' id='word_1_403' title='bbox 1423 3961 1554 4030; x_wconf 80' lang='grc'><strong>1100</strong></span> <span class='ocrx_word' id='word_1_404' title='bbox 1604 3962 1695 4035; x_wconf 83' lang='lat' dir='ltr'>im</span> <span class='ocrx_word' id='word_1_405' title='bbox 1757 3962 1950 4030; x_wconf 91' lang='lat' dir='ltr'>ium.</span> <span class='ocrx_word' id='word_1_406' title='bbox 2010 3966 2437 4035; x_wconf 80' lang='lat' dir='ltr'>Humanum.</span> <span class='ocrx_word' id='word_1_407' title='bbox 2494 3961 2821 4047; x_wconf 73' lang='lat' dir='ltr'>inquant,</span> <span class='ocrx_word' id='word_1_408' title='bbox 2875 3971 2939 4027; x_wconf 88' lang='lat' dir='ltr'>et</span> <span class='ocrx_word' id='word_1_409' title='bbox 3006 3981 3126 4026; x_wconf 89' lang='lat' dir='ltr'>ne-</span> 
     </span>
     <span class='ocr_line' id='line_1_43' title="bbox 573 4047 3118 4140; baseline 0 -25"><span class='ocrx_word' id='word_1_410' title='bbox 573 4068 762 4118; x_wconf 89' lang='lat' dir='ltr'>cesse</span> <span class='ocrx_word' id='word_1_411' title='bbox 794 4047 975 4117; x_wconf 86' lang='lat' dir='ltr'>affici</span> <span class='ocrx_word' id='word_1_412' title='bbox 1008 4071 1167 4140; x_wconf 87' lang='lat' dir='ltr'>erga</span> <span class='ocrx_word' id='word_1_413' title='bbox 1211 4050 1479 4131; x_wconf 82' lang='lat' dir='ltr'>charos,</span> <span class='ocrx_word' id='word_1_414' title='bbox 1516 4052 1689 4120; x_wconf 90' lang='lat' dir='ltr'>sive·</span> <span class='ocrx_word' id='word_1_415' title='bbox 1742 4049 2188 4120; x_wconf 89' lang='lat' dir='ltr'>electabiliter</span> <span class='ocrx_word' id='word_1_416' title='bbox 2221 4072 2379 4133; x_wconf 82' lang='lat' dir='ltr'>cum</span> <span class='ocrx_word' id='word_1_417' title='bbox 2416 4061 2683 4139; x_wconf 85' lang='lat' dir='ltr'>praesto</span> <span class='ocrx_word' id='word_1_418' title='bbox 2733 4061 2918 4128; x_wconf 87' lang='lat' dir='ltr'>sunt,</span> <span class='ocrx_word' id='word_1_419' title='bbox 2951 4047 3118 4127; x_wconf 87' lang='lat' dir='ltr'>sive,</span> 
     </span>
     <span class='ocr_line' id='line_1_44' title="bbox 570 4138 3127 4226; baseline 0 -22"><span class='ocrx_word' id='word_1_420' title='bbox 570 4158 728 4204; x_wconf 87' lang='lat' dir='ltr'>cum</span> <span class='ocrx_word' id='word_1_421' title='bbox 773 4138 1049 4217; x_wconf 90' lang='lat' dir='ltr'>absunt,</span> <span class='ocrx_word' id='word_1_422' title='bbox 1106 4139 1410 4208; x_wconf 88' lang='lat' dir='ltr'>moleste.</span> <span class='ocrx_word' id='word_1_423' title='bbox 1466 4144 1605 4209; x_wconf 87' lang='lat' dir='ltr'>Non</span> <span class='ocrx_word' id='word_1_424' title='bbox 1657 4139 1795 4208; x_wconf 75' lang='lat' dir='ltr'>erit</span> <span class='ocrx_word' id='word_1_425' title='bbox 1833 4140 2049 4208; x_wconf 90' lang='lat' dir='ltr'>otiosa</span> <span class='ocrx_word' id='word_1_426' title='bbox 2095 4138 2368 4207; x_wconf 82' lang='lat' dir='ltr'>socialis</span> <span class='ocrx_word' id='word_1_427' title='bbox 2418 4138 2867 4215; x_wconf 81' lang='lat' dir='ltr'>conversatiO,</span> <span class='ocrx_word' id='word_1_428' title='bbox 2926 4157 3127 4226; x_wconf 90' lang='lat' dir='ltr'>prae-</span> 
     </span>
     <span class='ocr_line' id='line_1_45' title="bbox 574 4226 3127 4315; baseline -0.001 -20"><span class='ocrx_word' id='word_1_429' title='bbox 574 4226 807 4295; x_wconf 89' lang='lat' dir='ltr'>sertim</span> <span class='ocrx_word' id='word_1_430' title='bbox 860 4227 1035 4296; x_wconf 91' lang='lat' dir='ltr'>inter</span> <span class='ocrx_word' id='word_1_431' title='bbox 1074 4228 1369 4298; x_wconf 88' lang='lat' dir='ltr'>amicos:</span> <span class='ocrx_word' id='word_1_432' title='bbox 1405 4229 1663 4315; x_wconf 87' lang='lat' dir='ltr'>etquid</span> <span class='ocrx_word' id='word_1_433' title='bbox 1710 4229 2006 4298; x_wconf 81' lang='lat' dir='ltr'>effecerit</span> <span class='ocrx_word' id='word_1_434' title='bbox 2055 4240 2342 4296; x_wconf 89' lang='lat' dir='ltr'>mutuus</span> <span class='ocrx_word' id='word_1_435' title='bbox 2392 4249 2585 4295; x_wconf 74' lang='lat' dir='ltr'>amor</span> <span class='ocrx_word' id='word_1_436' title='bbox 2626 4226 2696 4294; x_wconf 90' lang='lat' dir='ltr'>in</span> <span class='ocrx_word' id='word_1_437' title='bbox 2755 4226 2887 4295; x_wconf 89' lang='lat' dir='ltr'>sibi</span> <span class='ocrx_word' id='word_1_438' title='bbox 2931 4247 3127 4313; x_wconf 83' lang='lat' dir='ltr'>prae—</span> 
     </span>
     <span class='ocr_line' id='line_1_46' title="bbox 571 4313 3130 4408; baseline -0.001 -24"><span class='ocrx_word' id='word_1_439' title='bbox 571 4315 905 4396; x_wconf 89' lang='lat' dir='ltr'>sentibus,</span> <span class='ocrx_word' id='word_1_440' title='bbox 963 4316 1204 4385; x_wconf 87' lang='lat' dir='ltr'>horror</span> <span class='ocrx_word' id='word_1_441' title='bbox 1253 4317 1511 4387; x_wconf 88' lang='lat' dir='ltr'>indicat</span> <span class='ocrx_word' id='word_1_442' title='bbox 1543 4318 2022 4408; x_wconf 76' lang='lat' dir='ltr'>separationis,</span> <span class='ocrx_word' id='word_1_443' title='bbox 2078 4328 2141 4384; x_wconf 90' lang='lat' dir='ltr'>et</span> <span class='ocrx_word' id='word_1_444' title='bbox 2190 4316 2385 4385; x_wconf 92' lang='lat' dir='ltr'>dolor</span> <span class='ocrx_word' id='word_1_445' title='bbox 2435 4315 2519 4383; x_wconf 93' lang='lat' dir='ltr'>de</span> <span class='ocrx_word' id='word_1_446' title='bbox 2571 4315 2861 4383; x_wconf 88' lang='lat' dir='ltr'>invicem</span> <span class='ocrx_word' id='word_1_447' title='bbox 2907 4313 2974 4380; x_wconf 88' lang='lat' dir='ltr'>in</span> <span class='ocrx_word' id='word_1_448' title='bbox 3019 4335 3130 4382; x_wconf 87' lang='lat' dir='ltr'>se-</span> 
     </span>
     <span class='ocr_line' id='line_1_47' title="bbox 573 4401 3119 4498; baseline -0 -27"><span class='ocrx_word' id='word_1_449' title='bbox 573 4406 852 4492; x_wconf 86' lang='lat' dir='ltr'>paratis.</span> <span class='ocrx_word' id='word_1_450' title='bbox 894 4404 1093 4475; x_wconf 80' lang='lat' dir='ltr'>noleo</span> <span class='ocrx_word' id='word_1_451' title='bbox 1142 4427 1350 4498; x_wconf 88' lang='lat' dir='ltr'>super</span> <span class='ocrx_word' id='word_1_452' title='bbox 1399 4419 1482 4486; x_wconf 89' lang='lat' dir='ltr'>te,</span> <span class='ocrx_word' id='word_1_453' title='bbox 1532 4407 1826 4476; x_wconf 88' lang='lat' dir='ltr'>Gerarde</span> <span class='ocrx_word' id='word_1_454' title='bbox 1876 4405 2305 4485; x_wconf 77' lang='lat' dir='ltr'>charissime,</span> <span class='ocrx_word' id='word_1_455' title='bbox 2366 4426 2501 4474; x_wconf 90' lang='grc'>000</span> <span class='ocrx_word' id='word_1_456' title='bbox 2539 4404 2702 4490; x_wconf 89' lang='lat' dir='ltr'>quia</span> <span class='ocrx_word' id='word_1_457' title='bbox 2752 4401 3119 4479; x_wconf 88' lang='lat' dir='ltr'>dolendus,</span> 
     </span>
    </p>
   </div>
   <div class='ocr_carea' id='block_1_3' title="bbox 3220 4400 3239 4427">
    <p class='ocr_par' dir='ltr' id='par_1_4' title="bbox 3220 4400 3239 4427">
     <span class='ocr_line' id='line_1_48' title="bbox 3220 4400 3239 4427; baseline 0 0"><span class='ocrx_word' id='word_1_458' title='bbox 3220 4400 3239 4427; x_wconf 62' lang='grc' dir='ltr'><strong><em>ἒ</em></strong></span> 
     </span>
    </p>
   </div>
  </div>
 </body>
</html>
