3357 4995
626 338 751 404 234
1223 353 1302 399 na
1347 352 1439 399 ss,
1492 351 1606 398 mr.
1662 349 1927 397 cernuo
1976 351 2051 397 m·
2098 351 2373 400 ennam:
2728 337 2766 403 J
2777 337 2947 404 UNII
2997 340 3080 404 ⁴0

582 440 699 510 uid
749 438 1194 528 comperisset
1229 436 1567 527 exposuit,
1613 455 1863 523 nempe
1914 434 2249 505 Cerealem
2306 458 2378 507 se
2413 436 2873 509 Christianum
2914 463 3082 511 con-

532 462 735 599 (tllteri.
776 533 1012 614 Itaque
1058 524 1455 595 Hadrianus
1506 524 1692 596 misit
1742 523 2077 593 Licinium
2114 525 2576 606 consularem,
2611 527 2729 615 qui
2782 529 2937 619 ipsi.
2968 535 3082 600 Ce-

537 617 790 688 realem
831 615 1122 685 sisteret.
2618 653 2623 658 -

625 709 662 794 §
708 711 794 779 4.
850 704 1154 773 Licinius
1205 703 1483 771 veniens
1531 701 1615 769 ad
1668 702 1911 771 urbem
1948 702 2386 785 Sabinorum,
2442 705 2660 774 tenuit
2708 705 3113 783 Cerealem‚‘

535 807 600 865 et
645 815 806 864 cum
857 791 978 862 illo
1026 791 1401 871 Getulium‚
1440 790 1833 860 Amantium
1883 802 1949 858 et
1989 791 2455 862 Primitivum:
2499 815 2789 880 moxque
2823 795 3081 885 scripto

541 884 732 974 petiit
796 882 883 952 ab
932 881 1305 961 Hadriano,
1358 880 1522 966 quid
1577 878 1662 946 de
1721 878 1860 947 illis
1908 878 2055 947 fieri
2096 880 2392 969 juberet.
2448 882 2822 973 Rescripsit
2847 898 3080 954 autem

538 972 974 1052 HadrianuS,
1021 985 1097 1040 ut
1161 981 1280 1038 aut
1328 967 1769 1036 immolarent
1831 967 2000 1047 diis,
2055 982 2174 1038 aut
2228 970 2523 1059 ignibus
2575 986 3073 1043 cremarentur.

542 1061 790 1131 Eodem
839 1081 1002 1150 ergo
1033 1058 1168 1137 die,
1208 1079 1346 1144 quo
1398 1057 1608 1126 lectae
1657 1068 1818 1126 sunt
1867 1056 2103 1126 literae
2135 1059 2600 1149 ImperatoriS,
2645 1060 2860 1151 jussit
2908 1062 3081 1133 Lici-

541 1152 701 1220 nius
750 1151 821 1217 in
869 1148 1140 1218 civitate
1178 1145 1551 1234 Tyburtina
1596 1144 1876 1236 (Tivoli)
1913 1145 2217 1215 tribunal
2267 1147 2401 1217 sibi
2444 1151 2864 1239 praeparari,
2919 1172 3079 1220 san-

541 1253 820 1324 ctosque
847 1237 982 1306 sibi
1010 1237 1273 1305 vinctos
1306 1234 1636 1304 exhiberi.
1669 1238 1977 1321 Cumque
2008 1235 2375 1317 venissent,
2402 1238 2491 1306 ita
2511 1236 2718 1307 dixit:
2759 1264 2785 1298 c
2813 1238 3081 1309 Adeone

543 1326 834 1398 Cerealis
884 1326 1091 1395 vitam
1131 1323 1509 1413 desperasti
1559 1335 1775 1401 tuam,
1830 1334 1904 1392 ut
1953 1333 2313 1414 praecepta
2349 1326 2769 1416 principum,
2808 1329 2931 1414 qui
2960 1328 3079 1397 toti

543 1418 885 1506 imperant
911 1413 1085 1494 orbi,
1118 1411 1618 1482 contemnenda
1662 1424 1862 1500 putes
1886 1415 1917 1478 ⁶?
1946 1435 1980 1479 ἱ)
2016 1412 2305 1482 Cerealis
2355 1414 2739 1505 respondit:
2777 1441 2803 1480 ι
2832 1422 2909 1486 Et
2933 1418 3081 1487 the·

544 1526 786 1574 sauros
860 1503 1176 1594 publicos
1242 1499 1700 1570 declinatione
1763 1499 2055 1589 perfecta
2127 1501 2375 1571 tradidi
2429 1504 2496 1572 in
2555 1504 2913 1604 publicum
2947 1561 2962 1586 ‚
3015 1518 3083 1575 et

545 1593 808 1664 Christo
853 1598 1021 1663 Jesu
1050 1613 1156 1660 me
1203 1591 1620 1660 serviturum
1671 1590 2016 1679 promitto,
2051 1602 2126 1660 ut
2177 1591 2380 1661 vitam
2430 1593 2775 1662 obtlneam
2827 1596 3082 1684 sempi-

547 1697 883 1752 ternam.»
947 1679 1251 1750 Licinius
1297 1679 1504 1748 dixit:
1546 1683 1831 1748 «Utrum
1873 1678 2094 1748 vivere
2136 1694 2254 1749 aut
2290 1681 2460 1749 mori
2498 1681 2725 1762 malis,
2759 1682 3082 1754 edicito.»

547 1770 835 1840 Cerealis
869 1770 994 1838 ait:
1043 1793 1078 1834 «
1103 1773 1239 1859 Ego
1274 1769 1333 1837 si
1366 1768 1585 1837 vivere
1615 1788 1751 1836 non
1792 1779 2209 1856 appeterem,
2247 1768 2591 1846 Christum
2620 1792 2754 1840 non
2797 1772 3083 1842 conlite-

547 1882 675 1929 rer.
724 1864 954 1930 Vestra
978 1871 1202 1928 autem
1234 1856 1576 1926 sacrificia
1625 1854 1796 1924 nihil
1843 1868 2077 1925 sunt.»
2110 1862 2297 1927 Tunc
2327 1857 2412 1926 ad
2451 1863 2514 1927 S.
2544 1859 2888 1929 Getulium
2916 1883 3084 1930 con-

547 1971 785 2018 versus
819 1947 1145 2025 Licinius,
1187 1946 1392 2014 dixit:
1437 1944 1810 2014 «Sacrifica
1841 1943 1975 2016 diis
2007 1946 2158 2015 Jovi
2189 1959 2253 2016 et
2294 1948 2520 2016 Marti:
2560 1947 2817 2036 alioqui
2858 1963 3080 2019 extor-

547 2039 771 2124 quebo
820 2059 857 2105 a
910 2050 969 2105 te
1017 2035 1321 2104 animam
1359 2046 1572 2103 tuam.
1631 2057 1664 2099 »
1718 2034 2093 2123 Respondit
2143 2039 2207 2103 S.
2263 2035 2612 2105 Getulius:
2671 2061 2705 2103 «
2760 2042 2897 2128 Ego
2946 2061 3081 2107 non

549 2125 828 2216 perdam
881 2125 1184 2192 animam
1240 2144 1496 2191 meam:
1542 2122 1959 2191 immo'vero
2010 2123 2234 2211 potius
2284 2122 2604 2195 lucrabor
2656 2148 2834 2196 eam.
2869 2151 2903 2192 »

634 2219 667 2302 ξ
716 2220 802 2286 ὅ.
858 2213 1172 2299 Tuncira
1209 2211 1684 2280 inflammatus
1718 2211 2039 2292 Licinius,
2052 2213 2264 2301 jussit
2296 2235 2419 2292 eos¹
2442 2214 2816 2303 expoliatos
2859 2216 3078 2296 caedi,

535 2304 819 2373 dicens:
854 2325 889 2367 «
924 2307 1284 2390 Praecepta
1336 2300 1729 2390 principum
1766 2312 2202 2369 contemnere
2236 2302 2464 2382 nolite,
2499 2306 2613 2374 sed
2646 2305 2917 2393 magnis
2964 2304 3083 2373 do-

548 2392 756 2461 minis
785 2391 1319 2480 obtemperate.»
1371 2393 1535 2458 Cum
1579 2401 1809 2457 autem
1859 2389 2327 2472 caederentur,
2360 2395 2430 2459 Β.
2459 2390 2770 2463 Getulius
2819 2393 3085 2482 magni-

547 2481 764 2551 ficans
816 2485 1052 2559 Deum,
1092 2478 1228 2548 alta
1270 2501 1430 2548 voce
1477 2476 1687 2547 dixit:
1749 2508 1771 2539 «
1808 2479 2072 2548 Gratias
2101 2502 2230 2570 ago
2259 2484 2389 2550 Deo
2423 2480 2600 2551 Patri
2632 2481 3083 2572 omnipotenti

546 2585 611 2640 et
663 2568 944 2639 Domin'o
992 2576 1159 2639 Jesu
1225 2567 1520 2647 Christ0‚
1596 2567 1796 2653 eique
1846 2568 2187 2658 meipsum
2251 2569 2668 2640 sacrificium
2742 2570 3084 2640 mundum

546 2658 825 2730 offero&
854 2659 1025 2727 Dixit
1049 2658 1111 2727 ei
1139 2658 1444 2726 Licinius
1476 2683 1488 2722 ;
1551 2682 1574 2719 (ι
1602 2656 1800 2738 Quod
1833 2669 1934 2726 est
1961 2657 2302 2727 mundum
2338 2659 2756 2728 sacrificium
2773 2664 2844 2726 Τ»
2868 2665 3087 2728 B-Ge·
3156 2724 3167 2731 .

550 2748 763 2820 tulius
791 2747 1172 2838 respondit:
1213 2746 1586 2836 «Spiritum
1611 2746 2186 2827 contribulatum,
2208 2759 2273 2815 et
2310 2769 2428 2815 cor
2457 2748 2828 2818 contritum
2855 2762 2920 2817 et
2956 2749 3089 2819 hu-

550 2837 890 2906 miliatum
946 2842 1119 2905 Deus
1141 2852 1280 2905 non
1310 2834 1673 2924 despicit.»
1726 2834 2027 2903 Licinius
2060 2834 2230 2903 dixit
2253 2834 2338 2904 ad
2374 2836 2761 2907 ministros:
2794 2860 2829 2902 «
2853 2836 3085 2906 Abdu-

549 2927 677 2995 cite
719 2926 882 2993 istos
915 2925 982 2992 in
1019 2945 1388 3003 carcerem:
1427 2922 1547 2993 ubi
1569 2944 1736 2991 sane
1761 2922 1845 2991 ad
1873 2921 2020 2993 dies
2046 2923 2551 3014 vigintiseptem
2579 2945 3087 3013 permansere.»

551 3020 755 3084 Porro
782 3013 1083 3082 Licinius
1132 3017 1418 3082 Romam
1463 3011 1928 3102 proticiscenS,
1976 3033 2083 3080 res
2131 3024 2357 3101 gestas
2408 3013 2707 3084 narravit
2740 3014 3089 3084 Hadriano

554 3102 980 3192 Imperatori.
1018 3106 1093 3169 At
1131 3100 1254 3168 ille
1289 3099 1517 3169 furore
1550 3100 1878 3190 percitus,
1915 3100 2102 3169 misit
2136 3100 2408 3181 militeS,
2465 3103 2585 3188 qui
2618 3123 2734 3171 eos
2783 3103 3089 3173 flammis

550 3203 933 3260 exurerent.
976 3190 1169 3258 Ducti
1217 3201 1380 3257 sunt
1413 3210 1588 3280 -crgo
1646 3189 1864 3258 sancti
1899 3201 2231 3278 martyres
2264 3190 2349 3258 ad
2403 3189 3091 3260 tredecimmilliaria

553 3280 639 3348 ab
667 3281 836 3349 urbe
886 3284 1124 3358 Roma,
1163 3290 1228 3346 et
1261 3277 1404 3346 illic
1455 3277 1683 3368 ligatis
1720 3277 2041 3347 manibus
2088 3291 2153 3347 et
2206 3277 2494 3367 pedibus
2542 3278 2625 3347 ad
2681 3281 2938 3349 ssumen
2982 3280 3087 3348 Ti·

553 3368 771 3437 berim
807 3368 873 3435 in
911 3368 1137 3457 ignem
1174 3366 1462 3455 conjecti
1505 3378 1690 3436 sunt.
1729 3371 1891 3434 Cum
1921 3379 2149 3436 autem
2184 3367 2459 3436 beatum
2512 3368 2859 3438 Getulium
2889 3369 3089 3437 flam-

555 3479 706 3526 mae
759 3478 889 3525 non
924 3457 1421 3546 contingerent,
1461 3468 1526 3525 et
1551 3455 1666 3524 ille
1719 3476 1828 3524 ma
1885 3456 1939 3524 is
1977 3456 2183 3524 etiam
2217 3456 2284 3523 in
2316 3457 2603 3525 Domino
2636 3456 3084 3539 confortatuS‚

554 3545 797 3615 solutis
851 3544 1168 3625 vinculis,
1225 3543 1567 3613 Christum
1631 3543 1745 3613 Dei
1797 3478 2021 3613 filium
2071 3542 2524 3633 glorificaret,
2583 3545 2834 3618 milites
2881 3558 3092 3637 caput

553 3634 704 3723 ejus
774 3634 1071 3704 fustibus
1130 3632 1789 3722 confregerunt:'et
1837 3634 1936 3701 sic
1998 3633 2349 3701 invocans·
2399 3635 2819 3714 Dominum,·
2861 3634 3095 3705 emisit

556 3723 902 3813 spiritum.
940 3723 1149 3811 Cujus
1195 3743 1471 3792 sacrum
1521 3743 1775 3811 corpus
1822 3720 2155 3811 colligens
2205 3722 2666 3821 symphorosa
2704 3745 2877 3792 uxor
2905 3724 3081 3814 ejuS‚

555 3811 932 3881 honorifice
978 3832 1140 3880 eum
1175 3809 1487 3899 sepelivit
1520 3812 1584 3879 in
1619 3810 1935 3879 arenario
1980 3809 2239 3899 praedii
2274 3832 2404 3881 sui.
3158 3830 3161 3833 ·

643 3902 679 3987 ξ
728 3905 820 3972 6.
875 3900 1012 3968 Ado
1048 3900 1117 3967 in
1167 3921 1293 3968 suo
1322 3898 1996 3989 Martyrologiohaec
2026 3896 2240 3988 aden
2296 3899 2385 3967 it:
2432 3901 3095 3971 Consummatisunt

556 3988 736 4058 beati
796 3997 1133 4077 martyres
1182 3988 1250 4056 in
1302 3986 1519 4058 fundo
1579 3986 1948 4076 CapreoliS,
2015 3988 2119 4056 via
2169 3991 2253 4056 Sa
2284 3989 2452 4070 aria,
2507 3987 2593 4057 ab
2658 3989 2832 4058 urbe
2881 3994 3100 4059 Roma

557 4077 717 4168 plus
760 4077 993 4147 minus
1035 4076 1359 4145 milliario
1399 4076 1867 4147 tertiodecimo
1895 4098 2105 4167 supra
2148 4075 2438 4145 fluvium
2474 4076 2771 4146 Tiberim
2801 4078 2872 4146 in
2906 4085 3099 4168 parte

560 4165 1072 4236 Sabinensium.
1127 4171 1434 4248 Quorum
1485 4187 1775 4256 corpora
1821 4164 2095 4256 collegit
2128 4164 2327 4234 beata
2375 4165 2861 4256 symphorosa,
2924 4187 3102 4236 uxor

559 4256 736 4325 beati
786 4254 1036 4325 Getulii
1087 4254 1429 4344 martyris.
1471 4260 1657 4337 Quae
1695 4276 1827 4323 non
1867 4254 2067 4343 longe
2104 4266 2255 4343 post
2287 4252 2610 4324 eumdem
2644 4256 2875 4345 ipsum
2912 4275 3102 4324 mar-

560 4357 775 4434 tyrem
814 4366 970 4413 cum
1017 4357 1275 4433 septem
1328 4344 1475 4413 suis
1510 4340 1674 4435 filiis
1723 4342 1849 4412 fuit
1900 4342 2227 4431 martyrio
2274 4341 2583 4412 confecta
2626 4344 2683 4429 *ς
2718 4358 2783 4414 et
2831 4342 3109 4434 sepulta

503 4446 510 4451 ’
557 4447 659 4503 est
699 4433 765 4502 in
809 4431 1087 4523 praedio
1135 4454 1284 4515 su0‚
1341 4433 1492 4503 loco
1520 4444 1586 4502 et
1632 4431 1888 4522 oppido
1938 4452 2150 4521 supra
2201 4430 2578 4503 nominato,

619 4562 642 4583 ·
673 4561 788 4601 Vide
815 4561 1037 4610 xvixxjul.
1112 4555 1120 4563 '

1321 4772 1342 4803 Χ
