3357 4995
150 344 363 410 JUNII
413 345 454 408 6
948 361 1026 407 ns
1075 362 1128 409 s.
1184 360 1547 410 nonrnssnro
1594 360 1893 411 Emscoro
2487 348 2611 413 1¹63

155 446 328 517 aulis
364 466 607 535 regum
641 465 721 512 ac
754 443 1024 534 pompis
1059 442 1460 532 pontificum
1496 442 1916 513 lasciviendo
1958 443 2384 533 dissipasset,
2416 458 2480 514 et
2512 447 2698 533 quod

156 535 245 610 id.
294 557 432 621 quo
483 533 801 604 invitaret
846 554 1029 611 eum,
1076 530 1425 621 Juventuti
1460 552 1625 602 suae
1662 530 1760 600 vel
1797 545 2198 622 assumptae
2241 534 2701 622 poenitentiae

159 624 435 693 minime
470 635 901 713 congrueret.
954 620 1147 703 Quod
1184 620 1243 688 si
1275 620 1714 700 canonicum,
1755 618 1857 689 vel
1911 622 2332 692 monachum
2386 636 2505 692 aut
2552 644 2700 693 ere-

158 713 384 783 mitam
437 734 561 782 seu
590 711 797 780 etiam
849 709 1288 800 peregrinum
1327 709 1557 798 ipsum
1605 730 1754 779 esse
1807 710 2253 800 praeciperet,
2302 710 2592 781 libenter
2619 736 2698 782 ac

158 825 270 892 per
312 802 553 871 omnia
604 822 677 870 se
725 800 1355 889 obtemperaturum
1392 797 1639 887 ajebat.

233 895 266 979 ξ
312 896 476 964 10.
533 888 786 957 Videns
819 888 1029 978 igitur
1076 885 1381 956 Pontifex
1412 886 1870 956 constantiam
1912 886 2216 960 hominis
2271 899 2337 958 et
2395 890 2698 958 devotio-

148 1003 296 1050 nem
349 978 570 1049 animi
634 978 933 1056 bonam,
1004 998 1269 1046 necnon
1319 988 1384 1044 et
1432 976 2005 1064 persecutionem,
2065 998 2274 1063 quam
2328 999 2452 1066 pro
2495 978 2698 1047 verbo

150 1070 447 1140 veritatis
493 1066 885 1157 pertulerat,
940 1064 1127 1134 dedit
1151 1064 1213 1134 ei
1245 1064 1592 1134 licentiam
1629 1077 1694 1134 et
1727 1064 2016 1134 liberam
2070 1065 2461 1135 facultatem
2499 1089 2696 1157 prae-

146 1158 423 1228 dicandi
477 1155 760 1224 verbum
801 1154 937 1235 Dei,
993 1176 1127 1223 non
1181 1153 1405 1222 solum
1457 1152 1577 1223 ubi
1617 1154 1811 1244 prius
1864 1153 2399 1244 praedicaverat,
2458 1176 2692 1224 verum

144 1249 345 1317 etiam
392 1246 819 1330 ubicumque
868 1257 1203 1312 terrarum
1264 1241 1460 1311 vellet
1507 1253 1573 1311 et
1611 1254 1864 1332 posset,
1921 1242 2228 1332 idipsum
2282 1266 2361 1312 ex
2402 1265 2696 1333 persona

147 1359 267 1406 sua
300 1332 672 1412 monend0‚
726 1344 790 1401 et
838 1330 1322 1423 praecipiendo
1355 1331 1752 1420 injungens.
1793 1336 2144 1401 Praeterea
2185 1333 2309 1411 eiS,
2346 1333 2464 1418 qui
2501 1333 2694 1423 prius

149 1448 222 1493 ex
260 1421 643 1493 invidentia
691 1421 752 1489 ei
787 1422 1193 1498 restiterant,
1248 1419 1572 1500 inhibuit,
1630 1442 1713 1488 ne
1763 1420 2005 1489 saltem
2057 1421 2412 1510 simplices
2464 1422 2696 1511 prohi-

150 1514 405 1590 berent,
461 1512 519 1581 si
569 1509 703 1599 ipsi
735 1509 1097 1578 conciones
1145 1509 1295 1598 ejus
1336 1501 1881 1598 supervacane'as
1931 1531 2054 1580 seu
2103 1509 2338 1580 minus
2390 1509 2524 1579 sibi
2560 1512 2694 1579 uti-

150 1602 241 1672 les
277 1601 702 1692 judicarent.
748 1603 825 1666 Et
871 1598 999 1667 hoc
1050 1598 1303 1754 ipsum,
1357 1611 1433 1665 ut
1468 1610 1692 1668 ratum
1743 1609 1919 1667 esset
1966 1611 2030 1667 et
2075 1597 2343 1679 stabile,
2392 1601 2692 1667 auctori-

148 1693 297 1760 tatis
330 1710 499 1759 suae
551 1687 766 1756 literis
813 1709 891 1755 ac
941 1686 1071 1776 sigi
1107 1686 1170 1755 lo
1219 1685 1541 1755 firmavit.
1588 1769 1592 1773 Α

227 1783 263 1866 ξ
310 1784 448 1851 11.
505 1782 790 1865 Accepta
839 1776 1067 1861 itaque
1123 1772 1569 1864 praedicandi
1603 1797 1683 1844 ex
1730 1776 2113 1865 Apostolica
2154 1775 2473 1861 jussione
2503 1790 2694 1865 pote-

148 1881 332 1946 state,
410 1866 636 1954 coepit
686 1863 913 1932 media
961 1861 1342 1933 horrendae
1389 1862 1660 1952 hyemis
1709 1865 2078 1954 asperitate
2125 1877 2190 1932 et
2253 1864 2682 1953 intemperie,

144 1978 299 2026 oum
333 1953 611 2024 duobus
660 1953 886 2031 sociiS,
936 1953 1142 2021 nudis
1181 1950 1473 2042 pedibus
1526 1974 1849 2021 remeare.
1895 1959 2107 2022 Tanta
2154 1953 2415 2043 quippe
2463 1953 2692 2022 chari-

146 2059 272 2114 tate
322 2043 663 2133 ssagrabat
704 2041 772 2109 in
829 2046 1066 2118 Deum,
1121 2053 1197 2110 ut
1252 2061 1408 2109 eum
1464 2063 1587 2111 nec
1637 2041 1916 2130 frigoris
1956 2042 2314 2131 asperitas,
2368 2062 2494 2111 nec
2545 2043 2690 2111 ine-

138 2134 273 2214 dia,
332 2154 459 2201 nec
506 2130 817 2220 corporis
875 2128 1209 2200 lassitudo
1270 2129 1355 2198 ab
1404 2150 1483 2198 eo
1530 2131 1713 2216 quod
1764 2142 2080 2220 coeperat
2122 2144 2486 2199 revocaret.
2535 2137 2692 2199 Per-

142 2223 501 2313 tingebant
548 2220 611 2287 ei
661 2220 727 2286 in
767 2218 1008 2288 itinere
1058 2219 1244 2287 nives
1278 2240 1499 2304 usque
1539 2218 1625 2288 ad
1667 2241 1892 2308 genua
1927 2219 2327 2306 aliquandO,
2366 2241 2692 2288 nonnun-

139 2334 347 2397 quam
382 2330 607 2396 usque
653 2307 738 2376 ad
788 2308 1069 2387 femora,
1108 2328 1230 2375 nec
1283 2319 1509 2375 tamen
1559 2330 1699 2376 uno
1733 2308 1974 2376 saltem
2024 2308 2135 2377 die
2169 2330 2324 2377 eum
2378 2321 2693 2397 poterant

141 2401 458 2468 retinere.
516 2398 722 2466 Cibus
770 2396 855 2464 ab
886 2418 988 2476 eo,
1027 2396 1159 2463 nisi
1201 2393 1837 2484 Quadragesimalis
1885 2409 1951 2465 et
1999 2396 2456 2486 vespertinus,
2497 2418 2693 2486 prae-

143 2505 457 2576 terquam
528 2485 903 2555 Dominicis
953 2484 1222 2564 diebus,
1279 2484 1567 2554 minime
1614 2484 2039 2556 sumebatur.
2099 2484 2411 2554 Piscibus
2460 2499 2689 2555 autem

136 2601 259 2648 seu
319 2579 480 2646 vino
542 2575 895 2643 rarissime
943 2575 1286 2643 utebatur.
1351 2578 1609 2663 Corpus
1665 2575 1816 2664 ejus
1856 2597 1991 2643 non
2052 2573 2518 2660 requiescebat
2570 2595 2690 2664 per

136 2668 357 2735 diem:
416 2665 705 2752 spiritus
753 2676 980 2732 autem
1045 2683 1264 2747 neque
1317 2675 1542 2742 noctu,
1617 2684 1836 2748 neque
1886 2663 2188 2731 interdiu
2239 2662 2535 2730 habebat
2586 2684 2688 2731 re-

137 2756 393 2841 quiem.
444 2751 835 2841 Singularis
871 2751 1055 2818 enim
1091 2750 1250 2818 fidei
1285 2761 1350 2819 et
1390 2751 1603 2820 mirae
1639 2749 2066 2820 fortitudinis
2114 2765 2258 2820 erat
2306 2750 2512 2847 homo
2543 2750 2681 2819 ille.

138 2849 301 2913 Cum
353 2864 430 2911 er
481 2866 522 2911 o
556 2838 983 2930 procedendo
1034 2838 1354 2908 transiret
1402 2839 1872 2920 Aurelianum,
1912 2839 2229 2929 adjunxit
2264 2861 2334 2909 se
2366 2840 2688 2909 comitem

135 2933 287 3021 ejus
333 2937 427 3000 Su
481 2930 817 2999 diaconus
864 2929 1187 3014 quidam:
1242 2928 1435 2996 etsie
1469 2951 1627 2997 cum
1685 2928 1904 2997 tribus
1954 2929 2162 2997 sociis
2212 2929 2519 3029 pervenit
2567 2932 2689 2996 Va-

138 3021 461 3089 lencenas
513 3018 794 3089 sabbato
845 3015 1264 3085 Palmarum.
1314 3021 1388 3084 In
1448 3018 1751 3086 crastino
1800 3038 1963 3107 ergo
2015 3017 2257 3086 habuit
2296 3038 2694 3087 sermonem

135 3109 219 3177 ad
274 3108 638 3198 populum,
684 3120 747 3174 et
791 3107 880 3173 ita
911 3126 1031 3195 per
1079 3106 1370 3194 gratiam
1426 3106 1538 3174 Dei
1570 3105 1899 3175 omnibus
1948 3118 2186 3196 gratus
2233 3105 2382 3187 fuit,
2452 3119 2527 3175 ut
2575 3127 2688 3175 co-

134 3210 369 3287 gerent
417 3217 576 3264 eum
629 3195 807 3307 sessa
861 3193 1169 3262 membra
1218 3193 1314 3261 ibi
1366 3194 1729 3283 paululum
1792 3216 2121 3265 recreare.
2194 3195 2461 3277 Quibus
2524 3217 2685 3264 cum

137 3285 329 3355 nulla
372 3286 635 3354 ratione
686 3282 883 3352 vellet
929 3283 1387 3368 acquiescere,
1446 3280 1703 3352 sactum
1765 3296 1867 3352 est
1931 3306 2050 3383 per
2097 3282 2688 3374 dispensationem

138 3376 277 3453 Dei,
318 3389 399 3443 ut
431 3374 639 3442 sociis
672 3372 825 3460 ejus
871 3371 1101 3439 subita
1156 3369 1591 3461 aegritudine
1638 3393 2013 3461 oppressis,
2071 3394 2207 3441 non
2245 3384 2473 3462 posset
2524 3372 2689 3439 inde

136 3476 298 3532 tunc
331 3463 627 3532 ulterius
665 3460 1031 3550 proficisci.
1073 3458 1427 3529 Remansit
1473 3460 1706 3546 itaque
1760 3459 1988 3540 home,
2048 3473 2124 3530 ut
2183 3474 2456 3529 curaret
2489 3460 2687 3529 infir-

138 3574 285 3622 mos
318 3574 523 3621 suos:
578 3550 700 3635 qui
735 3561 961 3617 tamen
1012 3549 1461 3635 sequentibus
1500 3548 1681 3616 intra
1733 3562 2005 3618 octavas
2057 3550 2354 3618 Paschae
2404 3549 2679 3628 diebuS‚

140 3640 329 3708 beato
364 3639 501 3708 fine
539 3639 970 3725 quieverunt.
1018 3642 1064 3705 E
1112 3637 1368 3724 quibus
1401 3637 1538 3706 duo
1574 3637 1731 3707 laici
1781 3638 2042 3706 conditi
2091 3650 2253 3706 sunt
2299 3638 2366 3705 in
2431 3638 2685 3706 subur-

136 3726 246 3796 bio
293 3728 481 3818 apud
532 3727 949 3795 valencenas
1013 3727 1084 3794 in
1146 3726 1432 3795 ecclesia
1502 3727 1683 3795 beati
1734 3726 1933 3796 Petri.
1991 3726 2474 3796 Subdiaconus
2527 3747 2683 3795 vero

140 3818 519 3886 monachus
559 3816 862 3894 effectus,
918 3813 1230 3905 sepultus
1286 3827 1386 3884 est
1436 3815 1505 3883 in
1556 3815 1844 3884 ecclesia
1893 3814 2129 3883 beatae
2181 3816 2450 3894 Mariae,
2508 3837 2687 3901 quae

140 3902 205 3971 in
265 3906 507 3975 eodem
557 3904 813 4061 oppido
848 3904 977 3972 sita
1014 3916 1137 3973 est.
1196 3909 1455 3973 Interea
1490 3904 1659 3972 dum
1713 3903 1807 3971 ibi
1860 3917 2187 3983 maneret,
2229 3905 2517 3992 contigit
2566 3904 2687 3972 do-

140 3992 412 4064 minum
459 3998 637 4062 Burc
694 3992 938 4062 ardum
989 3997 1547 4062 Cameracensem
1581 3994 2013 4082 episcopum,
2065 3995 2214 4082 piae
2249 4001 2326 4062 ac
2355 4015 2686 4061 veneran-

134 4079 257 4148 dae
310 4083 684 4151 memoriae
749 4081 994 4162 virum,
1052 4081 1414 4156 transitum
1470 4081 1629 4150 inde
1693 4081 1944 4150 habere
1995 4083 2306 4170 proximo
2363 4082 2473 4150 die
2524 4095 2683 4149 ante

131 4174 428 4239 Coenam
480 4171 773 4238 Domini.
818 4175 964 4251 Quo
1005 4171 1263 4250 auditO,
1302 4171 1403 4237 vir
1441 4170 1579 4248 Dei,
1614 4172 1781 4255 quia
1807 4183 2268 4259 cognoverant
2304 4192 2374 4238 se
2413 4183 2680 4249 mutuO,

130 4256 298 4327 dum
354 4258 581 4328 adhuc
614 4271 1045 4327 versarentur
1096 4260 1161 4327 in
1214 4258 1471 4337 seculo,
1508 4259 1795 4327 accessit
1825 4261 1910 4326 ad
1948 4258 2486 4346 colloquendum
2520 4280 2678 4325 cum

129 4366 235 4415 eO.
296 4347 586 4418 Veniens
633 4369 794 4436 ergo
844 4348 928 4415 ad
992 4347 1241 4416 ostium
1292 4347 1565 4428 domus,
1619 4348 1743 4416 ubi
1797 4347 2092 4437 hospitio
2157 4354 2470 4435 receptus
2540 4357 2684 4414 erat

132 4436 546 4524 Episcopus,
599 4436 857 4505 invenit
918 4436 1014 4504 ibi
1062 4450 1218 4505 ante
1275 4436 1454 4506 fores
1511 4456 1631 4526 per
1683 4435 2098 4505 voluntatem
2154 4436 2264 4504 Dei
2324 4437 2546 4503 unur'n
2601 4434 2685 4501 de
