3357 4995
193 336 366 402 sum
415 337 436 400 t
987 354 1065 403 ni:
1113 355 1167 403 s.
1225 354 1498 404 sumone
1545 353 1848 404 iioNAcao
2522 337 2603 400 27

189 439 445 529 implere:
480 439 741 527 quibus
781 451 1042 529 poterat
1081 439 1330 519 verbis,
1377 440 1738 510 humiliter
1769 438 2033 530 precari
2063 439 2308 529 coepit.
2339 443 2506 508 Cum
2534 461 2693 509 vero

187 528 654 626 praedicaretur
685 527 828 609 illi,
864 550 1001 598 non
1036 541 1234 599 suam
1272 528 1716 610 voluntatem,
1753 528 1872 599 sed
1907 529 2455 619 praepositorum
2491 528 2689 615 sequi

185 638 364 706 ipsum
412 616 688 696 debere,
741 636 1105 688 assensum
1156 617 1496 707 praebuit,
1539 617 1804 698 dicenS,
1861 640 1932 687 se
1979 617 2261 687 doctum
2315 637 2437 705 per
2483 615 2691 687 visio-

182 726 323 786 nem,
363 705 539 776 illud
590 706 720 775 iter
767 705 1011 775 inutile
1058 705 1223 786 fore,
1279 705 1634 793 multaque
1682 704 1972 776 adversa
2008 707 2078 775 in
2129 705 2234 773 via
2288 726 2360 773 se
2457 725 2692 794 erpes-

173 815 422 864 surum:
475 793 666 882 quod
728 805 794 863 et
849 794 1159 885 contigit.
1236 800 1403 864 Nam
1451 815 1613 864 cum
1665 806 2039 885 paraturus
2117 814 2297 880 quae
2358 815 2394 860 a
2504 793 2695 862 navi-

172 883 439 972 gandum
495 883 888 953 necessaria
949 896 1200 964 essent,
1256 882 1700 972 Babyloniam
1752 883 2088 963 venisset,
2143 882 2230 951 ab
2269 881 2693 972 janitoribus

169 984 422 1052 tenetur,
475 985 544 1042 et
592 983 944 1059 tamquam
995 972 1015 1040 i
1075 985 1275 1042 notus
1321 983 1387 1040 et
1438 972 1696 1061 patriae
1759 970 2025 1042 delator
2070 992 2230 1040 cum
2282 992 2412 1039 sua
2456 969 2693 1059 supel-

167 1059 345 1129 lectili
390 1061 478 1130 ad
533 1059 879 1151 palatium
921 994 1219 1129 trabitur
1263 1072 1327 1129 et
1378 1082 1499 1149 per
1543 1060 1971 1130 calumniam
2039 1059 2368 1137 defertur.
2429 1062 2695 1148 Expur-

163 1161 337 1248 gatus
392 1149 649 1220 deinde
707 1148 795 1217 ab
857 1149 944 1218 iis
1007 1170 1186 1237 quae
1241 1147 1414 1219 falso
1475 1150 1538 1218 ei
1601 1149 1871 1238 objecta
1924 1160 2170 1229 erant,
2226 1145 2440 1217 libere
2506 1147 2698 1216 abire

156 1238 438 1325 ¹iubetur:
486 1238 774 1325 janitor,
822 1237 1005 1324 quod
1059 1239 1280 1307 virum
1333 1238 1770 1307 innocentem
1831 1236 1916 1306 ad
1968 1235 2201 1306 sedem
2251 1235 2513 1325 regiam
2579 1234 2701 1304 de-

162 1325 452 1408 tulisset,
509 1325 867 1406 tunditur,
934 1324 1428 1417 colaphizatur,
1492 1325 1921 1416 propellitur.
1978 1324 2310 1395 Famulus
2357 1345 2522 1413 ergo
2574 1323 2694 1394 Dei

164 1415 413 1484 Simeon
466 1414 782 1486 libertate
828 1414 1148 1495 donatuS,
1210 1435 1333 1514 per
1394 1415 1658 1501 aliquot
1717 1412 1866 1483 dies
1916 1415 1986 1482 in
2035 1413 2309 1483 civitate
2357 1424 2695 1482 moratur.

234 1505 270 1592 ξ
311 1507 390 1577 8.
447 1508 680 1573 lutera
729 1504 923 1573 navis
970 1503 1267 1573 venetiis
1314 1525 1475 1572 cum
1530 1502 1881 1575 mercibus
1921 1501 2238 1571 advenit:
2274 1500 2455 1573 hanc
2507 1523 2700 1572 com-

163 1593 377 1681 positis
426 1594 665 1673 rebuS,
720 1613 882 1661 cum
930 1592 1234 1679 quodam
1299 1591 1504 1661 fratre
1555 1590 1897 1663 monacho
1946 1591 2179 1660 intrat.
2234 1594 2403 1659 Cum
2463 1590 2699 1677 itaque

162 1702 303 1770 pros
353 1682 494 1751 eris
539 1680 761 1751 ventis
818 1701 938 1779 per
985 1681 1214 1751 Nilum
1257 1681 1647 1769 navigatur,
1712 1679 1880 1749 forte
1919 1679 2097 1749 aliae
2135 1700 2339 1748 naves
2385 1677 2694 1756 obviant,

158 1782 213 1837 et
254 1769 295 1839 il
330 1771 489 1839 isin
547 1769 716 1839 locis
768 1780 1024 1858 piratas
1072 1769 1159 1838 ad
1210 1769 1538 1859 praedam
1603 1780 2064 1858 congregatos
2125 1766 2492 1847 nunciant,
2550 1765 2705 1835 illo·

162 1879 298 1927 rum
348 1858 626 1950 gladios
671 1878 809 1926 non
879 1878 1082 1948 posse
1141 1857 1454 1937 evadere,
1502 1857 1637 1927 nisi
1689 1879 1810 1947 per
1860 1855 2144 1943 aliquod
2197 1870 2472 1945 tempus
2522 1853 2698 1924 dum

160 1960 616 2038 segregentur,
655 1945 867 2015 libeat
897 1946 999 2015 eis
1034 1946 1541 2036 navigationem
1572 1945 2022 2036 suspendere.
2056 1950 2364 2031 Cumque
2396 1943 2574 2013 aliae
2594 1955 2697 2012 at-

158 2056 276 2121 que
320 2036 502 2105 aliae
544 2055 751 2103 naves
797 2033 1038 2103 eadem
1088 2034 1463 2113 referrent,
1527 2047 1594 2104 et
1646 2033 2045 2131 pauclerus,
2085 2034 2153 2102 in
2214 2054 2340 2103 sua
2387 2032 2696 2131 confisus

159 2123 389 2197 virtute
434 2136 507 2194 et
554 2122 815 2203 armis,
871 2144 1007 2192 non
1068 2123 1492 2204 attenderet,
1547 2122 1858 2192 famulus
1922 2123 2037 2192 Dei
2087 2122 2362 2191 Simeon
2467 2141 2698 2211 roprio

158 2233 299 2282 eum
349 2234 613 2284 vocans
661 2212 964 2292 nomine,
1003 2210 1210 2281 dixit:
1247 2234 1284 2278 «
1314 2216 1566 2291 Frater,
1606 2212 1665 2282 si
1699 2210 2029 2281 Dominus
2061 2210 2369 2280 Christus
2445 2232 2482 2279 e
2513 2207 2704 2279 coelo

162 2301 469 2393 angelum
528 2299 849 2381 misisset,
904 2312 981 2369 tu
1027 2301 1328 2382 territus,
1381 2310 1735 2390 aspectum
1786 2298 1979 2368 illius
2025 2299 2200 2369 serre
2247 2320 2386 2367 non
2438 2319 2698 2386 posses:

163 2410 336 2459 nunc
382 2410 574 2471 vern,
641 2389 821 2475 quia·
855 2387 1082 2470 hodie,
1138 2388 1285 2458 lieri
1320 2443 1337 2469 ,
1390 2401 1455 2459 et
1504 2387 2011 2470 nudiustertius
2059 2409 2197 2456 non
2246 2408 2470 2456 unum
2503 2441 2518 2467 ,
2584 2385 2705 2454 sed

162 2477 379 2567 plures
426 2479 696 2570 legatos
729 2477 919 2549 misit
959 2478 1061 2548 tui
1109 2477 1395 2557 similes,
1453 2476 1862 2568 legationem
1915 2475 2031 2545 Dei
2089 2497 2225 2547 non
2278 2474 2728 2630 negligenter·

165 2570 502 2658 suscipere
551 2567 858 2637 deberes.
912 2566 1122 2637 Crede
1167 2566 1480 2636 consiliis
1528 2566 1726 2646 meis,
1778 2578 1843 2635 et
1891 2564 1991 2633 vel
2044 2585 2166 2654 per
2202 2576 2335 2632 tres
2414 2565 2510 2632 ies
2540 2563 2707 2632 istos

164 2668 451 2746 expecta:
510 2655 825 2727 fortassis
872 2656 960 2726 ab
1010 2655 1139 2726 isto
1188 2655 1498 2746 periculo
1549 2654 1869 2724 liberabit
1900 2674 2028 2722 nos
2062 2650 2408 2750 miseratio
2441 2650 2700 2750 div-ina.

166 2746 335 2825 Quod
388 2748 449 2816 si
502 2766 642 2815 non
686 2743 951 2825 feceris,
989 2755 1055 2814 et
1094 2755 1158 2814 te
1189 2756 1253 2834 et
1284 2765 1410 2813 nos
1493 2743 1752 2813 erdis.»
1787 2740 1911 2811 Ille
1942 2762 2098 2810 vero
2131 2739 2356 2810 modis
2380 2739 2709 2809 omnibus

165 2852 282 2901 non
336 2834 813 2923 acquiescens,
847 2832 1160 2919 sequenti
1192 2832 1305 2901 die
1331 2832 1400 2901 in
1464 2845 1740 2902 atrones
1774 2829 2040 2910 incidit,
2077 2828 2164 2898 ab
2195 2828 2364 2898 hora
2402 2826 2540 2896 diei
2574 2839 2706 2896 ter-

167 2921 245 2990 tia
276 2945 497 3011 usque
533 2922 621 2991 ad
664 2926 917 2992 nonam
951 2921 1111 3001 fere,
1150 2921 1478 3008 utrinque
1508 2920 1761 2990 acriter
1790 2930 2114 2989 certatur.
2145 2917 2272 2987 Sed
2307 2931 2474 2986 cum'
2501 2916 2708 2985 latro-

170 3030 275 3081 nes
321 3012 637 3082 viderent
684 3033 755 3081 se
806 3013 1044 3100 pugna
1091 3009 1267 3079 nihil
1323 3008 1676 3099 proficere,
1716 3007 1802 3076 ad
1832 3006 2029 3076 dolos
2076 3016 2596 3085 convertuntur,
2630 3016 2711 3073 ut

175 3096 234 3166 in
282 3104 514 3170 navim
564 3100 1013 3190 recipiantur,
1117 3098 1446 3189 ugnaturi
1494 3098 1830 3167 adversus
1876 3095 2050 3165 alios
2100 3095 2425 3175 latrones,
2482 3092 2711 3163 humi-

177 3183 313 3256 liter
341 3203 751 3279 exposcunt.
807 3192 1053 3257 Contra
1105 3187 1325 3257 iceiite
1375 3188 1695 3257 Simeone
1733 3183 1996 3254 famulo
2043 3185 2184 3264 Dei,
2236 3184 2305 3252 in
2341 3181 2570 3251 navim
2603 3201 2710 3250 re-

170 3275 536 3365 cipiuntur.
595 3277 930 3367 Depositis
980 3276 1212 3363 itaque
1258 3277 1506 3357 armis,
1559 3287 1627 3345 et
1687 3274 2021 3344 omnibus
2067 3273 2267 3360 quasi
2321 3283 2473 3361 post
2520 3269 2710 3339 labo-

174 3384 297 3432 rem
344 3366 872 3454 quiescentibus
924 3362 1368 3455 (praedones
1426 3377 1658 3435 autem
1709 3383 1952 3433 novem
2003 3361 2230 3449 erant)
2284 3357 2717 3446 unanimiter

176 3449 553 3546 insurgunt,
592 3454 859 3545 gladios
908 3453 1121 3543 impie
1167 3453 1543 3544 stringunt:
1598 3452 1675 3522 fit
1723 3472 1960 3543 pugna
1989 3462 2203 3524 atrox.
2245 3447 2527 3517 inimica
2559 3467 2711 3515 cae-

175 3539 279 3609 des
321 3556 699 3614 exercetur.
769 3543 910 3634 Ipsi
953 3541 1279 3611 nauclero
1331 3544 1638 3632 primum
1691 3551 1901 3629 caput
1958 3547 2355 3629 amputant,
2409 3548 2713 3635 caeteros

176 3626 419 3701 duriter
453 3643 781 3714 mactant,
813 3650 1055 3701 omnes
1080 3630 1336 3721 pariter
1376 3629 1705 3702 occidunt
1732 3640 1797 3698 et
1816 3627 2171 3718 jugulant.
2225 3624 2425 3696 Solus
2465 3623 2715 3693 Christi

179 3715 466 3790 famulus
517 3722 587 3790 in
640 3741 873 3812 puppe
921 3730 1076 3798 stat,
1129 3717 1358 3800 illum,
1414 3720 1535 3808 qui
1578 3738 1715 3787 non
1767 3715 2023 3786 deserit
2068 3726 2425 3806 sperantes
2480 3713 2552 3782 in
2615 3734 2711 3793 se,

181 3815 300 3874 toto
345 3808 555 3878 corde
600 3822 856 3888 exorat;
908 3807 996 3877 ab
1030 3806 1361 3878 omnibus
1394 3806 1848 3886 acclamatur,
1884 3817 1964 3874 ut
1995 3804 2326 3873 inimicus
2367 3801 2723 3872 consultor

182 3895 593 3981 perimatur:
649 3909 727 3967 ut
771 3899 982 3986 caput
1029 3908 1337 3985 amputet
1434 3952 1451 3977 ,
1504 3895 1694 3965 ferus
1744 3893 1960 3963 hostis
2009 3892 2226 3962 adest.
2294 3890 2420 3983 Ille
2467 3891 2722 3980 rejecta

182 3996 365 4065 veste,
418 3984 697 4077 projicit
744 4007 816 4056 se
865 3985 935 4053 in
986 3985 1273 4054 flumen.
1310 3920 1542 4056 fflilta
1590 3994 1745 4074 post
1785 3981 1990 4070 illum
2034 3979 2273 4070 jacula
2320 3980 2714 4049 mittuntur:

185 4071 285 4141 sed
330 4076 471 4145 non
523 4087 744 4165 potest
788 4073 1038 4165 perire,
1093 4094 1343 4161 quem·
1455 4075 1668 4147 ristus
1719 4070 1866 4142 vult
1913 4068 2205 4139 salvare.
2259 4073 2383 4137 Per
2431 4066 2721 4159 profun-

186 4156 333 4231 dum
385 4163 747 4254 graditur,
802 4161 1119 4254 psalmus
1179 4161 1247 4229 in
1306 4235 1327 4256 θ
1487 4185 1523 4234 e
1584 4159 2037 4230 ruminatur:
2091 4162 2171 4227 In
2214 4158 2400 4225 mari
2439 4159 2556 4225 via
2604 4166 2725 4225 tua

187 4245 407 4340 (Deus)
452 4264 518 4322 et
560 4254 842 4322 semitae
890 4263 1048 4322 tuae
1095 4251 1168 4319 in
1214 4255 1325 4341 αρ’
1458 4251 1694 4340 multis
1755 4248 1896 4338 (Ps.
1951 4246 2090 4335 76).
2145 4250 2321 4335 Ergo
2370 4259 2494 4336 per
2539 4244 2723 4316 vices

192 4339 494 4422 natando,
551 4362 679 4432 per
727 4341 906 4411 vices
952 4341 1022 4409 in
1074 4336 1748 4432 fundo‘gradiendQ
1801 4336 1874 4405 in
1926 4335 2149 4405 littore
2187 4333 2474 4404 tandem
2527 4331 2724 4404 valde

195 4418 421 4511 lassu5‚
477 4428 714 4500 nudus
762 4428 1155 4520 exponitur.
