3357 4995
668 295 796 361 432
1420 313 1497 359 nr.
1545 313 1600 360 s.
1655 312 1981 361 mmmm:
2017 280 2294 361 'vmomss
2767 289 2984 360 JUNII
3035 296 3116 360 ¹16

566 398 697 469 sub
731 397 870 466 sole
917 396 1255 483 relinquo.
1309 397 1585 467 Noveris
1634 410 1889 478 autem,
1942 397 2126 484 quod
2189 396 2277 466 ad
2328 406 2390 467 te
2447 395 2721 477 attinet,
2777 396 3112 468 divinitus

567 509 677 556 me
711 484 1249 555 consolationem
1285 486 1698 575 accepisse.»
1745 487 1866 556 His
1906 486 2131 567 dictis,
2171 485 2394 555 Abbas
2443 485 2516 553 in
2565 484 2698 554 alia
2741 484 3116 556 distractus

566 575 918 655 abscessit,
971 587 1037 643 et
1084 573 1203 643 illa
1233 597 1454 661 usque
1502 574 1586 643 ad
1635 576 1949 662 quintam
1983 575 2223 644 seriam
2275 575 2342 662 in
2379 573 2599 643 multa
2639 574 2925 664 spiritus
2977 574 3115 645 ala-

566 664 802 732 critate
834 664 1235 753 permansit.
1290 667 1447 753 Ipsa
1495 674 1724 733 autem
1774 665 2017 751 quinta
2063 661 2233 732 feria
2259 684 2418 733 cum
2473 683 2703 732 vocem
2739 662 3045 752 Sibyllae
3081 687 3119 733 a

567 753 771 842 Gagis
803 751 1199 832 audivisset,
1254 753 1387 821 ait:
1444 775 1480 818 «
1512 753 1760 822 Sedeas
1809 753 1921 822 hic
1952 754 2148 842 juxta
2197 774 2316 821 cor
2357 772 2632 820 meum:
2684 773 2767 821 en
2829 751 3114 842 plenum

568 857 668 910 est
701 841 1194 910 monasterium
1232 840 1478 910 militia
1504 841 1813 911 coelestis
1846 842 2207 911 exercitus:
2241 839 2515 909 animae
2541 840 2894 910 beatorum
2929 863 3116 931 prae·

567 943 792 999 sentes
825 943 1010 1011 sunt,
1042 941 1108 997 et
1142 929 1398 998 multae
1424 952 1461 997 e
1510 930 1861 1001 sororibus
1912 929 2186 1008 nostris,
2213 951 2389 1016 quae
2421 928 2584 997 hinc
2613 930 3111 1019 emigrarunt.»

569 1019 758 1101 Quod
814 1041 975 1088 cum
1025 1018 1329 1098 dixisset,
1384 1017 1596 1095 siluit,
1629 1032 1694 1087 et
1743 1019 2069 1108 deinceps
2110 1030 2245 1088 tota
2295 1030 2479 1087 sexta
2511 1016 2679 1086 feria
2728 1017 2925 1088 vultu
3014 1042 3119 1087 ra-

573 1108 843 1177 tissimo
897 1107 1167 1176 divinae
1220 1107 1784 1196 contemplationi
1834 1108 2134 1187 intenta,
2192 1107 2259 1175 in
2321 1107 2567 1176 ecstasi
2621 1106 2770 1175 fuit.
2827 1042 3120 1177 Sabbato

566 1210 820 1277 autem,
867 1218 1024 1265 cum
1068 1195 1215 1285 jam
1252 1196 1492 1264 mortis
1528 1197 1689 1265 hora
1741 1196 2030 1276 adesset,
2084 1195 2321 1265 oculos
2367 1195 2433 1262 in
2486 1194 2752 1264 coelum
2808 1195 3113 1277 sustulit,

565 1299 630 1355 et
673 1285 939 1354 munita
988 1284 1278 1353 vivificis
1312 1285 1785 1364 sacramenti5‚
1837 1286 1905 1354 in
1942 1284 2169 1353 medio
2194 1283 2730 1374 juvencularum
2777 1286 3122 1374 tympani-

572 1375 898 1443 striarum
928 1429 942 1453 ,
1000 1373 1322 1442 admixtis
1371 1373 1681 1445 coelestis
1729 1375 2067 1442 exercitus
2131 1372 2564 1463 principibus
2616 1371 3115 1461 psallentibuS,

570 1463 729 1531 felix
770 1462 1002 1530 anima
1034 1462 1114 1529 ad
1156 1461 1405 1531 liberas
1436 1485 1641 1531 auras
1691 1484 2028 1553 supernae
2075 1461 2451 1531 Jerusalem
2503 1460 2820 1530 exultans
2868 1476 2933 1531 et
2983 1463 3121 1531 lae-

571 1549 879 1620 tabunda
899 1550 1186 1619 evolavit
1213 1550 1342 1620 sub
1369 1573 1749 1640 vesperam,
1790 1557 2041 1620 Annoa
2073 1551 2318 1619 Christi
2360 1550 2835 1620 incarnatione
2860 1571 3122 1620 uccxtvi

567 1639 1023 1708 decimosexto
1054 1639 1384 1708 Calendas
1413 1640 1600 1720 sulii,
1639 1642 1878 1710 aetatis
1912 1662 2077 1708 suae
2107 1661 2289 1708 anno
2340 1643 2445 1706 64.
3180 1662 3184 1667 ·

658 1731 693 1815 ἓ
744 1731 901 1801 49.
959 1733 1121 1797 Cum
1165 1740 1390 1797 autem
1451 1728 1757 1797 redderet
1824 1728 2187 1818 spiritum,
2241 1727 2578 1814 quaedam
2630 1749 2667 1795 e
2719 1727 3110 1807 sororibuS,

570 1830 756 1886 tanta
787 1817 1071 1906 spiritus
1121 1817 1451 1886 suavitate
1479 1829 1544 1886 et
1574 1818 1923 1887 alacritate
1959 1816 2274 1918 perfusae
2322 1828 2506 1896 sunt,
2561 1828 2639 1885 ut
2689 1838 2848 1915 prae
2896 1815 3118 1884 admi-

575 1906 839 1975 ratione
890 1928 1036 1977 sese
1092 1926 1226 1974 non
1279 1918 1622 1996 caperent.
1689 1913 1818 1976 Nec
1889 1929 2190 1986 mirum,
2249 1926 2408 1973 cum
2476 1904 2543 1973 in
2609 1904 2852 1993 seipsis
2912 1903 3121 1993 plane

571 1996 1068 2080 experirentur,
1105 2017 1264 2063 cum
1303 1995 1640 2065 immenso
1691 2017 2150 2085 supernorum
2210 1992 2464 2062 civium
2517 1993 2817 2082 tripudio
2878 1993 3120 2083 ipsum

574 2084 819 2154 salutis
869 2097 1138 2152 nostrae
1181 2083 1562 2173 principem
1598 2090 1861 2164 Jesum‚
1901 2084 2206 2151 animam
2260 2081 2449 2150 illius
2497 2082 2568 2149 in
2603 2081 2906 2171 paradisi
2942 2081 3122 2150 deli—

572 2173 715 2240 cias
752 2195 1089 2241 evocasse.
1146 2177 1221 2239 In
1286 2172 1561 2272 signum
1620 2185 1847 2241 autem
1916 2171 2274 2262 virginalis
2335 2169 2785 2261 integritatiS,
2841 2170 2910 2240 in
2971 2172 3123 2260 ipso

573 2261 766 2329 obitu
818 2261 1076 2330 candor
1123 2284 1284 2330 cum
1336 2260 1465 2329 hlii
1507 2260 1724 2330 nitore
1794 2261 2208 2349 conjunctus
2266 2259 2505 2327 faciem
2580 2260 2732 2348 ejus
2792 2259 3119 2329 obtinuit.

572 2348 845 2430 OcuIOS,
883 2362 960 2419 ut
990 2349 1319 2429 diximuS,
1365 2351 1497 2418 sub
1546 2350 1766 2439 ipsam
1803 2362 2088 2418 mortem
2140 2349 2226 2416 ad
2268 2347 2537 2416 coelum
2596 2348 2903 2430 sustulit,
2959 2372 3122 2418 cum

566 2438 712 2525 jam
758 2452 956 2509 antea
989 2438 1111 2508 diu
1149 2438 1422 2509 clausos
1463 2438 1839 2520 habuisset,
1878 2460 2002 2508 nec
2036 2459 2152 2508 eos
2203 2451 2436 2527 postea
2474 2436 2576 2506 vel
2614 2437 2684 2505 in
2735 2449 2975 2518 morte,
3019 2436 3122 2507 vel

572 2540 725 2628 post
759 2542 1043 2598 mortem
1067 2528 1340 2598 clausos
1372 2529 1625 2597 habere
1653 2530 1892 2619 potuit,
1939 2526 2218 2615 quando
2260 2528 2407 2616 ipse
2442 2524 2806 2596 oculorum
2844 2527 3126 2598 habitus

573 2629 724 2696 lter,
763 2639 882 2707 per
915 2618 1095 2704 quod
1133 2617 1420 2707 spiritus
1466 2618 1889 2697 excessisset,
1930 2617 2278 2685 indicavit.
2335 2615 2566 2684 Totius
2615 2637 2771 2684 vero
2818 2615 3125 2704 corporis

573 2706 751 2775 cutis
801 2720 987 2775 tanta
1035 2707 1164 2774 fuit
1195 2707 1491 2786 lenitate,
1546 2719 1623 2775 ut
1648 2706 2215 2775 contrectantium
2248 2726 2498 2775 manus
2532 2703 2899 2772 candidam
2930 2726 3122 2771 eam-

571 2816 705 2880 que
740 2794 1014 2863 mollem
1068 2796 1354 2883 byssum
1405 2795 1536 2864 sibi
1576 2807 1853 2884 tangere
1884 2794 2302 2862 viderentur.

661 2885 696 2968 ξ
744 2886 912 2954 51),
989 2888 1193 2951 Porro
1243 2906 1401 2952 cum
1466 2906 1741 2952 sacrum
1802 2904 2055 2973 corpus
2106 2882 2483 2962 lavaretur,
2544 2881 2883 2968 quaedam
2932 2902 3127 2950 soror

575 2970 813 3039 multis
862 2971 1065 3040 annis
1113 2973 1327 3040 unius
1358 2994 1607 3041 manus
1646 2995 1782 3040 usu
1819 2972 2020 3062 plane
2050 2972 2397 3052 destituta,
2443 2992 2579 3039 non
2620 2971 2703 3040 de
2746 2969 3118 3051 industria,

575 3058 693 3127 sed
742 3082 910 3129 casu
961 3081 1174 3129 manu
1227 3060 1347 3128 illa
1398 3061 1591 3129 arida
1643 3062 1819 3130 inter
1867 3059 2234 3129 lavandum
2289 3057 2459 3127 illud
2512 3059 2758 3148 attigit,
2816 3070 2882 3128 et
2929 3058 3130 3128 dere-

574 3159 774 3236 pente
823 3160 1132 3217 curatam
1183 3171 1253 3218 se
1302 3150 1537 3218 sensit.
1594 3148 1958 3218 Permultis
2007 3150 2213 3219 annis
2242 3159 2399 3217 ante
2432 3148 2696 3218 obitum
2734 3146 2891 3235 ejus
2938 3169 3131 3217 com-

572 3235 808 3325 plures
866 3236 1199 3306 moniales
1242 3248 1307 3307 et
1362 3260 1728 3307 conversos
1778 3237 2019 3307 fratres
2083 3238 2417 3309 instanter
2475 3258 2898 3328 rogaveram,
2939 3248 3016 3305 ut
3070 3236 3132 3307 si

575 3324 936 3407 accideret,
982 3324 1160 3395 sicut
1214 3327 1384 3415 proh
1433 3326 1627 3396 dolor
1674 3327 1948 3407 accidit,
2007 3349 2113 3395 me
2152 3326 2237 3395 ad
2288 3326 2437 3414 ejus
2477 3348 2514 3394 e
2571 3326 2705 3395 vita
2759 3324 3129 3395 decessum

573 3436 708 3482 non
760 3413 1023 3495 adesse,
1080 3436 1362 3484 manum
1415 3415 1569 3503 ejus
1607 3416 2117 3496 abscinderent,
2152 3415 2464 3501 mihique
2514 3436 2637 3503 pro
2686 3435 2881 3484 sacra
2929 3412 3132 3482 illius

576 3502 910 3571 memoria
959 3516 1406 3573 reservarent:
1445 3526 1652 3591 quam
1706 3504 1790 3573 ad
1848 3527 1992 3573 rem
2043 3525 2462 3575 consensum
2511 3503 2946 3572 obtinueram
3013 3523 3131 3571 ve-

572 3589 902 3660 nerabilis
943 3593 1092 3681 ejus
1143 3591 1274 3661 loci
1313 3593 1710 3663 Abbatissae
1751 3592 2076 3683 Hawigis.
2120 3597 2201 3662 Ut
2234 3603 2458 3662 autem
2510 3604 2611 3662 est
2656 3590 3129 3661 foeminarum

575 3679 961 3768 ingenium,
1015 3681 1301 3750 celanda
1355 3704 1636 3771 prorsus
1662 3681 1886 3751 celare
1926 3704 2059 3751 non
2112 3703 2335 3772 posse,
2381 3679 2717 3751 moniales
2765 3678 3126 3771 Lutgardi,

572 3768 741 3854 quid
792 3768 877 3838 de
926 3769 1386 3858 praecidenda
1433 3772 1656 3861 ipsius
1690 3793 1905 3839 manu
1945 3793 2320 3861 rogassem,
2357 3769 2789 3839 indicarunt:
2824 3788 3136 3855 cumque

574 3856 786 3945 paulo
823 3871 976 3947 post
1010 3859 1080 3926 in
1123 3859 1471 3944 Aquiriam
1524 3858 1891 3941 venissem,
1936 3871 2002 3929 et
2048 3882 2207 3928 cum
2244 3880 2324 3928 ea
2349 3857 2797 3945 colloquerer,
2853 3856 2974 3926 illa
3017 3878 3134 3925 me

574 3946 752 4013 serio
801 3945 997 4015 vultu
1053 3947 1374 4016 intuens:
1431 3971 1467 4015 «
1504 3948 1773 4026 Audivi,
1838 3949 2108 4036 inquit,
2164 3946 2264 4016 fili
2327 3947 2774 4028 charissime,
2846 3958 2910 4015 te
2966 3957 3138 4103 gost

574 4046 865 4103 mortem
898 4035 1070 4104 velle
1109 4036 1282 4104 mihi
1314 4049 1673 4126 amputare
1729 4059 2041 4108 manum.
2083 4042 2220 4126 Ego
2270 4059 2425 4106 vero
2474 4036 2798 4116 demlror,
2839 4034 2963 4123 qui
3045 4055 3135 4104 ea

573 4144 792 4192 manu
832 4122 1142 4194 facturus
1177 4125 1344 4193 sis.»
1396 4131 1566 4195 Tum
1616 4149 1742 4217 ego
1791 4126 2041 4196 rubore
2089 4126 2439 4207 suffusuS,
2502 4124 2754 4206 Credo,
2807 4122 3126 4211 inquam,

575 4224 643 4280 et
682 4212 954 4303 corpori
984 4225 1050 4281 et
1096 4213 1369 4283 animae
1395 4236 1584 4284 meae
1619 4215 2084 4306 profuturum,
2131 4215 2211 4294 si,
2244 4227 2320 4284 ut
2347 4235 2569 4304 spero,
2614 4233 2901 4283 manum
2935 4224 3133 4282 tuam

574 4301 959 4371 obtinuero.
1017 4307 1165 4371 Mox
1222 4301 1338 4371 illa
1387 4325 1626 4373 sereno
1674 4318 1752 4375 ut
1798 4317 1940 4375 erat
1987 4304 2183 4373 vultu
2248 4302 2617 4374 subridens
2646 4357 2662 4385 ,
2714 4313 2780 4371 et
2826 4300 3133 4391 digitum

577 4390 1040 4462 auricularem
1093 4391 1407 4462 dexterae
1441 4415 1694 4464 manus
1742 4395 1810 4462 in
1861 4393 2179 4472 fenestra,
2243 4392 2327 4461 ad
2377 4414 2587 4480 quam
2636 4389 3125 4477 loquebamur,
