3357 4995
645 295 774 360 378
1275 314 1354 361 mi
1404 314 1458 360 s.
1513 312 1805 362 ammona
1851 312 2147 363 msnnnm
2193 312 2393 361 nrisc.
2752 292 2969 363 JUNII
3020 296 3109 360 ⁴6

601 390 857 462 ollicita
884 393 1007 475 est,
1064 404 1336 464 tenuem
1366 392 1599 464 adbuc
1630 393 2025 465 Monasterii
2076 406 2356 476 statum,
2396 392 2544 464 suis
2591 393 2800 464 etiam
2848 395 3109 485 opibus

553 414 741 551 Raud
782 480 1208 554 illiberaliter
1254 475 1578 553 foturain.
1631 488 1791 554 Erat
1837 482 2027 553 enim
2067 492 2413 573 spectatae
2444 481 2804 583 religionis
2851 505 2931 552 ac
2978 483 3109 553 ho-

555 569 837 641 nestatis
883 569 1205 654 foemina,
1256 582 1322 641 et
1367 584 1445 642 ut
1492 594 1634 642 uno
1683 572 2036 660 absolvam
2085 573 2315 653 verbo,
2363 571 2482 642 tali
2521 572 2735 663 digna
2781 572 2948 642 filio.

645 660 683 746 ἓ
727 662 816 730 ὅ.
872 660 1306 732 Exhilaratus
1340 666 1571 730 Benno
1605 674 1741 731 tam
1786 660 2088 751 benigno
2127 660 2282 751 piae
2307 660 2546 730 matris
2596 682 2908 742 assensu,
2941 682 3110 730 cum

544 749 691 838 jam
726 746 906 816 virili
941 761 1137 850 togae
1174 761 1353 818 esset
1390 750 1769 839 proximus,
1805 750 2051 820 doctus
2076 772 2115 819 a
2151 749 2410 838 Spiritu
2446 755 2690 819 Sancto
2736 749 3113 840 reprobare

559 834 819 905 malum
856 849 923 906 et
952 838 1205 939 eligere
1230 839 1515 919 bonum,
1555 837 2121 929 duodevigesimo
2150 838 2391 908 aetatis
2416 860 2581 907 suae
2615 860 2797 908 anno
2827 860 3107 909 sacrum

555 926 856 1015 suscepit
905 926 1256 1020 habitum,
1310 940 1375 996 et
1422 948 1585 997 cum
1632 948 1713 996 eo
1760 939 2159 997 sanctarum
2218 927 2642 997 incrementa
2721 928 3106 997 virtutum:

554 1034 846 1102 moxque
885 1014 1234 1115 professus
1283 1015 1353 1084 in
1403 1037 1481 1085 eo
1527 1015 1711 1102 quod
1745 1038 1955 1106 supra
2004 1015 2311 1086 diximus
2345 1015 2772 1086 monasterio
2813 1015 3111 1106 Hyldes-

554 1102 939 1191 heymensi,
993 1103 1287 1194 puerilia
1333 1103 1563 1174 studia
1615 1117 1681 1174 et
1737 1106 2036 1195 poeticas
2092 1126 2316 1194 nugas
2365 1117 2823 1194 postponens,
2879 1125 3113 1174 sacro-

556 1205 795 1262 sancta
842 1192 1732 1283 Prophetarum·volumina
1761 1206 1828 1263 et
1873 1205 2248 1282 utrumque
2289 1199 2823 1274 Testamentum,
2869 1215 2950 1263 ac
2984 1197 3110 1262 Pa-

554 1292 740 1349 trum
762 1280 1058 1372 desuper
1103 1285 1594 1351 commentaria
1626 1282 1750 1352 diu
1783 1295 2125 1369 noctuque
2172 1282 2594 1352 ruminabat.
2630 1282 3103 1361 OrationibuS,

558 1368 811 1460 vigiliis
839 1392 918 1439 ac
957 1371 1242 1460 jejuniis
1267 1370 1652 1460 impensius
1686 1371 1923 1452 multo,
1961 1392 2171 1458 quam
2204 1382 2404 1440 antea
2438 1372 2740 1441 vacabat.
2774 1371 3105 1440 Abstrusa

554 1478 830 1545 quoque
875 1481 955 1528 ac
1002 1458 1351 1528 recondita
1390 1447 1794 1550 Theologiae
1825 1481 2048 1539 sensa,
2091 1481 2270 1545 quae
2295 1460 2580 1529 caeteris
2627 1458 2837 1528 altius
2886 1458 3103 1529 medi·

560 1558 693 1616 tata
739 1547 1225 1637 explorataque
1273 1548 1588 1628 habebat,
1626 1571 1761 1618 non
1812 1548 2070 1618 invitus
2097 1548 2466 1617 reserabat.
2508 1548 2638 1631 Qui
2667 1549 2780 1638 (ut
2818 1547 3109 1617 annales

495 1716 502 1722 .
556 1656 797 1704 eorum
837 1636 1113 1725 docent)
1159 1636 1623 1728 sacratissimo
1672 1637 1863 1707 illius
1909 1637 2220 1723 eloquio,
2276 1637 2347 1705 in
2412 1637 2690 1707 tristitia
2735 1636 3110 1726 cujuslibet
3184 1683 3190 1687 ·

558 1724 916 1796 anxietatis
954 1725 1308 1806 consolati,
1337 1737 1403 1794 et
1447 1749 1488 1795 a
1523 1725 1786 1814 laqueis
1823 1725 2090 1812 antiqui
2123 1723 2340 1794 hostis
2381 1725 2676 1808 liberati,
2732 1738 3109 1817 perpetuae

558 1814 733 1881 vitae
765 1813 910 1882 vias
947 1815 1533 1905 ingrediebantur.

648 1906 742 1971 Β.
799 1907 1048 1972 Ferunt
1071 1904 1272 1972 etiam
1305 1902 1647 1982 nonnulli,
1682 1908 2096 1982 Bennonem‚
2129 1904 2534 1993 priusquam
2564 1903 2970 1995 religionem
3000 1904 3111 1971 in-

560 2011 839 2079 gressus
863 1992 970 2071 sit,
1005 1993 1074 2060 in
1107 1991 1392 2062 Francia
1439 1991 1844 2082 Theologiae
1875 1991 2104 2061 studio
2142 1991 2414 2061 dedisse
2447 2013 2753 2082 operam,
2793 2006 2999 2079 atque
3037 1993 3111 2060 in

559 2100 633 2146 ea
665 2077 985 2149 facultate
1005 2080 1471 2150 doctoralibus
1503 2080 1827 2170 insigniis
1858 2080 2068 2152 fuisse
2089 2080 2509 2168 decoratum.
2533 2082 2660 2164 Qui
2696 2081 2915 2151 honos
2946 2093 3112 2150 tunc

560 2167 873 2236 omnium
921 2169 1050 2238 fuit
1100 2169 1736 2239 excellentissimus.
1804 2169 1923 2238 Cui
1970 2169 2250 2256 quidem
2300 2168 2611 2258 opinioni
2661 2192 2796 2239 non
2852 2191 3109 2270 parum

563 2269 859 2343 praestat
928 2257 1138 2337 fidei,
1210 2272 1356 2327 tum
1436 2258 1677 2327 titulus
1745 2259 2084 2348 Magistri,
2168 2277 2372 2345 quem
2435 2258 2613 2328 inter
2679 2272 3113 2328 monimenta

561 2345 1013 2417 Goslariensis
1074 2347 1408 2418 Ecclesiae
1460 2347 1493 2380 *
1538 2348 1647 2435 (ut
1696 2346 2192 2436 praediximus)
2241 2345 2468 2415 adhuc
2532 2346 2735 2417 hodie
2792 2348 3107 2417 obtinet:

564 2447 704 2504 tum
748 2436 932 2522 quod
986 2436 1217 2528 plures
1263 2434 1570 2523 ejusdem
1643 2435 1861 2505 seculi
1918 2435 2183 2506 nobiles
2222 2434 2355 2504 viri
2404 2434 2505 2511 ad,
2553 2435 2731 2507 idem
2785 2436 3116 2506 Franciae

568 2545 858 2613 regnum
921 2546 1275 2595 sacrarum
1343 2524 1698 2594 literarum
1739 2525 1957 2614 gratia
2012 2546 2083 2595 se
2130 2524 2594 2605 contulerunt:
2647 2547 2821 2611 quas
2892 2525 3116 2595 Caroli

563 2615 788 2713 Magni
819 2615 887 2648 *⁴²
919 2616 1127 2706 opera
1151 2626 1216 2683 et
1257 2613 1595 2703 impensa,
1632 2613 2002 2683 Parisiensi
2033 2613 2198 2682 olim
2226 2614 2599 2701 Gymnasio
2624 2636 2774 2685 esse
2806 2615 3116 2683 invectas

566 2715 691 2771 sati
760 2717 1049 2774 constat.
1108 2709 1329 2785 Quare
1387 2701 1557 2770 nihil
1611 2701 1927 2792 prohibet
1986 2702 2224 2771 divum
2259 2707 2649 2778 Bennonem
2698 2703 2903 2772 etiam
2961 2715 3116 2792 post

568 2790 1062 2878 professionem
1116 2792 1203 2861 ab
1229 2791 1483 2861 Abbate
1514 2813 1640 2860 suo
1667 2791 1844 2861 istu'c
1879 2790 2091 2860 studii
2131 2791 2347 2881 gratia
2382 2789 2595 2861 fuisse
2622 2791 3114 2862 transmissum

568 2900 654 2948 ne
688 2891 913 2949 tamen
945 2883 1204 2951 incerta
1241 2900 1361 2969 pro
1408 2880 1613 2949 certis
1645 2901 1950 2950 asserere
1995 2879 2377 2959 videamur,
2433 2901 2558 2949 nos
2607 2881 2735 2950 ista
2772 2881 2843 2949 in
2886 2879 3117 2948 medio

566 2967 1051 3054 relinquimus

654 3059 690 3143 ἓ
736 3061 814 3128 ¹2.
866 3062 913 3126 Α
961 3070 1264 3147 tempore
1312 3068 1671 3147 susceptae
1719 3057 2075 3147 religionis
2110 3061 2342 3125 Benno
2394 3078 2617 3144 usque
2665 3057 2733 3125 in
2787 3058 3112 3144 quintum

565 3157 632 3214 et
666 3145 1066 3215 vicesimum
1118 3145 1360 3214 aetatis
1406 3167 1573 3215 suae
1619 3156 1911 3228 annum,
1954 3146 2024 3215 in
2057 3166 2198 3231 quo
2248 3166 2525 3216 sacrum
2566 3147 2831 3234 accepit
2880 3146 3116 3215 Diaco-

569 3246 775 3303 natus
804 3230 1141 3314 ordine‘m,
1178 3235 1248 3302 in
1290 3233 1513 3304 oculis
1559 3235 1873 3304 omnium
1926 3234 2361 3305 sanctissime
2412 3235 3116 3321 innocentissimeque

566 3336 1008 3393 conversatus
1056 3335 1178 3392 est.
1234 3327 1447 3408 Atque
1476 3324 1563 3393 ab
1610 3345 1690 3392 eo
1730 3336 2034 3412 tempore
2062 3343 2281 3408 usque
2314 3321 2401 3390 ad
2453 3323 2887 3412 trigesimum
2940 3324 3118 3393 vitae

568 3434 830 3481 annum
881 3433 1151 3501 semper
1199 3410 1422 3501 magis
1452 3433 1532 3480 ac
1567 3413 1788 3502 magis
1818 3411 1890 3480 in
1922 3409 2254 3501 religione
2288 3411 2677 3501 proficiens,
2724 3410 3122 3482 humilitate

568 3514 633 3570 et
685 3501 1013 3590 patientia
1061 3500 1391 3589 omnibus
1457 3500 1888 3590 praelucenS‚
1941 3498 2205 3568 volente
2251 3511 2317 3568 et
2353 3500 2642 3588 jubente
2687 3500 2941 3570 Abbate
2989 3523 3121 3571 suo

568 3589 949 3663 Adelberto.
1015 3588 1396 3659 sacerdotio
1438 3588 1717 3658 tandem
1760 3588 2070 3658 initiatus
2124 3601 2248 3659 est.
2303 3587 2495 3671 Quod
2549 3588 2663 3658 ille
2713 3601 2898 3658 tanta
2953 3611 3116 3660 cum

569 3679 944 3747 reverentia
976 3702 1055 3747 ac
1105 3678 1439 3767 dignitate
1469 3677 1662 3757 adiit,
1722 3688 1910 3746 tanta
1954 3677 2301 3746 munditia
2345 3688 2411 3747 et
2448 3677 2742 3767 puritate
2774 3678 3009 3779 gessit,
3043 3691 3123 3748 ut

570 3766 899 3838 fratribus
946 3767 1150 3836 etiarn
1203 3766 1468 3856 stupori
1517 3788 1598 3836 ac
1658 3764 2100 3836 admirationi
2151 3765 2377 3835 fuerit.
2414 3765 3123 3836 Abstinentia-autem

571 3868 754 3924 tanta
807 3878 878 3925 se
927 3854 1089 3924 inde
1154 3855 1569 3935 macerabat,
1624 3866 1705 3924 ut
1753 3876 1906 3923 raro
1957 3875 2241 3923 coenam
2297 3875 2461 3923 cum
2511 3855 2611 3924 eis
2659 3870 2984 3925 sumeret.
3042 3860 3123 3925 In

568 3944 769 4012 altari
819 3956 997 4014 totus
1038 3942 1361 4013 ardebat:
1419 3965 1543 4013 nec
1593 3965 1902 4031 unquam
1938 3942 2144 4013 siccis
2183 3963 2326 4012 rem
2356 3942 2665 4013 divinam
2700 3943 2932 4029 oculis
2967 3966 3129 4034 per-

571 4030 778 4101 ficere
811 4033 1054 4122 potuit.
1108 4032 1368 4102 Accidit
1398 4033 1634 4122 igitur,
1666 4046 1743 4102 ut
1768 4053 1950 4101 anno
1998 4030 2250 4100 dehinc
2297 4044 2544 4117 quarto
2583 4031 2905 4102 defuncto
2926 4032 3130 4102 Adel·

578 4121 767 4191 berto
798 4122 1172 4211 praedictO,
1209 4143 1369 4211 pars
1419 4125 1729 4191 Fratrum
1764 4126 2158 4190 Bennonem
2191 4119 2378 4190 hunc
2404 4132 2741 4202 nostrum,
2785 4143 2943 4211 pars
2968 4143 3130 4192 vero

575 4210 1004 4302 sigebertum
1057 4209 1454 4298 quemdam,
1491 4222 1556 4279 et
1589 4210 1826 4300 ipsum
1858 4207 2139 4296 quidem
2205 4208 2428 4279 virum
2481 4210 2766 4290 bonum,
2827 4210 3129 4283 mitioris

629 4374 653 4398 *
681 4374 890 4414 Gnslaria
926 4372 1040 4413 urbs
1061 4374 1161 4413 erat
1179 4369 1436 4422 imperialis
1455 4372 1504 4412 in
1523 4373 1707 4412 Ducttu
1725 4370 2088 4412 Brunswlcenst.

626 4428 677 4455 *⁸
711 4429 777 4468 De
799 4428 956 4467 Car-010
975 4428 1136 4477 :laquo
1152 4426 1295 4467 verbs
1311 4423 1508 4467 {ecimus
1527 4425 1576 4465 in
1598 4424 1687 4465 hoc
1705 4425 2009 4465 Inuoco-auom
2024 4433 2069 4473 p.
2090 4423 2210 4464 10⁶&
