3357 4995
649 293 733 356 ⁴6
1228 311 1306 356 nr.
1356 311 1447 358 ss.
1502 312 1617 359 nm.
1672 310 1987 359 rAnrmLo
2035 309 2112 357 m
2160 308 2359 358 socns
2801 289 3019 362 JUNII
3070 299 3095 360 l

559 393 805 484 legere.
859 393 1125 464 Tertius
1171 392 1453 476 Paulus,
1509 395 1760 485 pietate
1808 394 2106 464 maxime
2156 394 2667 476 inflammatus,
2725 408 2790 467 et
2858 399 3111 488 spiritu

560 504 698 553 non
750 481 985 552 minus
1033 481 1362 562 fervidus,
1416 504 1496 553 ex
1543 483 1816 553 civitate
1862 484 2358 562 Jamnitarum,
2411 483 2480 552 in
2531 506 2671 571 qua
2717 484 2904 555 fama
2951 507 3108 576 per-

557 566 847 641 celebris
896 570 1048 652 fuit,
1086 583 1150 641 et
1197 582 1354 640 ante
1403 573 1836 660 martyrium,
1874 572 2340 642 cauteriorum
2388 573 2780 644 exustiones
2827 595 3111 666 perpes-

558 682 703 741 suS,
742 659 1098 749 egregium
1133 671 1477 729 certamen
1516 672 1649 750 pro.
1674 660 1834 730 fidei
1876 660 2308 731 confessione
2337 659 2653 745 confecit.
2693 663 2815 732 His
2849 664 2919 731 in
2955 686 3108 734 car-

558 769 711 818 cere
738 759 875 817 toto
902 747 1163 817 biennii
1194 748 1416 838 spatio
1441 749 2059 830 commorantibUS,
2093 749 2170 819 fit
2200 751 2512 839 martyrii
2543 749 2807 821 dilatio.
2840 756 3107 822 Interea

558 836 848 906 fratrum
880 837 1420 926 Aegyptiorum,
1465 837 1586 924 qui
1637 860 1799 908 cum
1862 836 2003 907 illis
2051 860 2193 906 una
2241 839 2654 928 martyrium
2710 839 3098 921 subierunt,

559 925 864 995 accessio
913 924 1092 994 facta
1138 937 1240 995 est
1296 924 1494 1014 (Vide
1522 929 1596 995 in
1624 930 1995 997 MAarYaoL.
2036 930 2327 996 ILLthrn.
2362 929 2724 1014 xv1Febr.,
2757 953 2826 1020 p.
2878 929 3095 1019 448*).

645 1016 682 1101 ξ
727 1017 821 1084 3.
875 1018 1110 1083 Postea
1158 1013 1439 1083 demum
1476 1015 1947 1096 Firmilianus‚
1986 1036 2411 1103 quamquam
2447 1038 2662 1106 prope
2691 1017 3106 1107 defatigatus

556 1114 723 1182 erat,
789 1114 853 1171 et
899 1101 1157 1171 frustra
1206 1101 1387 1172 viros
1435 1101 1591 1173 illos
1641 1103 1988 1193 supplicio
2036 1102 2220 1173 affici
2268 1104 2635 1185 cernebat,
2690 1127 2820 1176 sua
2868 1118 3101 1176 tamen

556 1190 936 1281 cupiditate
981 1212 1222 1259 eorum
1274 1203 1490 1260 morte
1536 1204 1888 1262 exaturata
1916 1246 1933 1271 ‚
1992 1191 2079 1260 ad
2121 1192 2569 1282 xPamphilum
2603 1205 2667 1262 et
2696 1194 2848 1284 ejus
2878 1195 3104 1264 socios

556 1302 627 1348 se
660 1279 970 1349 contulit:
1006 1291 1072 1347 et
1117 1299 1286 1348 cum.
1329 1280 1495 1348 satis
1534 1293 1856 1370 expertus
1901 1293 2082 1371 erat„
2119 1302 2330 1368 quam
2368 1280 2817 1351 inflexibilem
2859 1283 2928 1351 in
2966 1283 3105 1352 fide

559 1368 851 1462 tenenda
898 1368 1358 1437 constantiam
1392 1369 1596 1438 etiam
1627 1370 1776 1458 jam
1828 1382 2030 1439 antea
2087 1369 2155 1436 in
2209 1371 2572 1439 tormentis
2610 1370 3098 1453 ostendissent,

556 1456 807 1527 iterum
857 1456 1273 1547 interrogat:
1347 1470 1583 1527 utrum
1634 1457 1964 1547 deinceps
2025 1456 2229 1529 modo
2293 1458 2398 1527 illi
2447 1480 2709 1529 morem
2759 1474 3098 1548 gererent.

554 1552 767 1633 Atque
796 1566 958 1627 cum
992 1567 1033 1614 a
1067 1544 1363 1635 singulis
1410 1567 1650 1616 eorum
1703 1545 2066 1616 definitum
2102 1559 2168 1616 et
2212 1560 2636 1637 postremum
2688 1569 3103 1638 responsum

555 1633 850 1703 defidei
899 1633 1351 1714 confessione,
1390 1655 1569 1721 quae
1614 1647 1718 1706 est
1767 1635 2082 1725 martyrii
2122 1635 2427 1725 propria,
2467 1636 2866 1727 excepisset,
2907 1636 3108 1706 simi-

557 1723 690 1791 lem
740 1745 902 1791 cum
954 1721 1302 1814 prioribus
1351 1744 1643 1811 poenam
1692 1734 1757 1793 et
1802 1723 2231 1815 supplicium
2293 1723 2435 1796 illis
2497 1724 2777 1826 irrogat.
2833 1726 3105 1808 Quibus

555 1811 641 1881 ad
676 1811 936 1880 exitum
978 1810 1353 1901 perductis,
1388 1810 1950 1884 adolescentulus
1981 1812 2267 1899 quidam
2303 1834 2380 1883 ex
2412 1812 2696 1883 famulis
2726 1818 2886 1882 Pam
2947 1812 3099 1895 hili,

553 1900 676 1987 qui
726 1900 818 1969 ita
873 1911 1017 1969 erat
1060 1898 1376 1969 excultus
1440 1900 1983 1988 instructusque,
2037 1914 2115 1971 ut
2171 1901 2428 1992 dignus
2468 1902 2773 1992 ingenua
2820 1914 2888 1971 ta
2921 1902 2979 1972 is
3040 1914 3108 1972 et

554 1989 725 2058 tanti
777 1988 904 2057 viri
951 1988 1357 2059 educatione
1404 2001 1468 2058 et
1515 1988 1894 2079 disciplina
1943 1990 2187 2060 merito
2240 1990 2611 2071 videretur,
2683 1989 3108 2078 simulatque

546 2077 812 2168 judicis
848 2076 1255 2147 sententiam
1290 2090 1528 2147 contra
1551 2078 1915 2147 dominum
1949 2100 2155 2148 suum
2188 2079 2704 2169 pronuntiatam
2742 2078 3102 2159 intellexit,

554 2188 591 2236 e
627 2166 852 2236 media
882 2166 1246 2235 hominum
1284 2165 1732 2236 multitudine
1779 2167 2135 2248 exclamat,
2173 2180 2238 2237 et
2284 2167 2385 2235 uti
2433 2165 2625 2234 illius
2671 2165 3109 2252 aliorumque

557 2255 904 2325 sociorum
939 2275 1251 2344 corpora,
1288 2276 1449 2323 cum
1482 2277 1519 2323 e
1549 2256 1685 2333 vita
1713 2256 2141 2336 decederent,
2178 2256 2394 2324 terr'ae
2420 2253 2940 2335 mandarentur,
3029 2275 3107 2322 o-

555 2344 788 2413 stulat.
824 2343 1048 2413 Judex
1080 2364 1238 2412 vero
1270 2364 1409 2412 non
1447 2344 1775 2426 hominis:
1815 2344 1930 2414 sed
1967 2343 2238 2412 belluae
2268 2354 2386 2412 aut
2418 2342 2478 2411 si
2521 2342 2691 2429 quid
2740 2343 2827 2413 sit
2873 2341 2979 2411 bel
3015 2343 3110 2412 ua

555 2432 959 2515 immanius,
991 2444 1309 2503 naturam
1335 2444 1637 2515 secutuS,
1672 2455 1758 2502 ne
1781 2431 2291 2504 adolescentulo
2315 2430 2596 2520 quidem
2626 2431 2870 2503 aetatis
2894 2434 3109 2502 causa

556 2521 928 2609 quicquam
958 2521 1199 2591 veniae
1224 2522 1485 2591 tribuit:
1524 2524 1641 2594 sed
1668 2536 1746 2608 ut
1773 2522 2075 2612 primum
2103 2524 2264 2592 eum'
2293 2543 2366 2590 ro
2417 2532 2587 2600 arat,
2620 2520 3106 2607 essetneChri-

556 2611 861 2690 stianuS‚
913 2610 1199 2700 ipseque
1245 2633 1318 2681 se
1363 2633 1513 2682 esse
1559 2610 2047 2702 responderat,
2100 2611 2341 2680 iracun
2398 2611 2504 2678 iae
2551 2621 2748 2678 aestu
2806 2611 3105 2678 intume-

557 2722 778 2778 scenS,
818 2698 1017 2785 quasi
1067 2699 1197 2768 telo
1233 2701 1537 2781 saucius,
1577 2700 1954 2770 tortoribus
2001 2699 2072 2768 in
2126 2698 2470 2769 mandatis
2502 2697 2716 2779 dedit,
2754 2709 2832 2767 ut
2864 2716 3104 2767 omnes

557 2810 719 2858 suas
781 2787 959 2856 vires
1023 2799 1089 2856 et
1162 2788 1462 2878 impetus
1524 2803 1765 2859 contra
1810 2809 1969 2857 eum
2018 2798 2431 2857 exercerent.
2495 2791 2863 2874 Postquam
2914 2804 3095 2863 vern,

554 2899 714 2945 cum
764 2874 1127 2945 immolare
1162 2876 1225 2944 ei
1264 2878 1545 2966 jussum
1584 2888 1785 2957 esset,
1842 2888 2276 2946 recusantem
2328 2873 2623 2955 videbat,
2681 2895 2817 2943 non
2863 2884 2943 2941 ut
2975 2870 3105 2941 ho-

556 2966 817 3034 minem
879 2985 1089 3033 carne
1133 2964 1687 3049 circumdatum,
1746 2965 1866 3036 sed
1913 2976 1992 3035 ut
2040 2976 2337 3034 statuam
2385 2987 2465 3034 ex
2515 2961 2868 3060 lapidibus
2898 3015 2913 3042 ,
2983 2971 3106 3029 aut

551 3051 771 3141 ‘lign0,
825 3065 945 3122 aut
991 3052 1130 3120 alia
1175 3074 1248 3122 re
1288 3055 1619 3144 quapiam
1668 3054 2051 3139 conlectam
2097 3052 2184 3122 ad
2224 3074 2381 3123 ossa
2405 3074 2649 3140 =,usque
2706 3050 3104 3144 etvtntimos

556 3141 902 3211 viscerum
954 3161 1292 3222 recessu8‚
1345 3143 1594 3212 acriter
1640 3155 1706 3213 et
1753 3143 2015 3228 absque
2070 3141 2216 3211 ulla
2265 3141 2672 3212 remissione
2718 3137 2958 3209 deradi
2996 3137 3107 3206 di-

555 3228 983 3314 lacerarique
1031 3230 1401 3319 praecepit.
1457 3229 1603 3312 Quo
1653 3229 1985 3321 supplicii
2015 3250 2266 3320 genere
2298 3229 2422 3300 diu
2455 3238 2860 3309 sustentato,
2889 3226 3108 3316 judex

556 3339 718 3387 cum
771 3315 974 3385 illum
1024 3338 1149 3387 nec
1198 3339 1430 3388 vocem
1479 3318 1812 3400 emittere,
1868 3340 1993 3388 nec
2032 3341 2315 3390 sensum
2361 3316 2624 3387 ‘doloris
2664 3315 2890 3386 ullum
2942 3336 3109 3406 prae

559 3430 632 3476 se
679 3404 855 3475 ferre
902 3404 1095 3487 vidit,
1151 3405 1359 3494 idque
1398 3428 1560 3477 cum
1595 3430 1845 3497 parum
1881 3408 2173 3489 abesset,
2212 3407 2379 3496 quin
2416 3405 2609 3475 illius
2642 3427 2898 3496 corpus
2926 3414 3110 3475 esset

557 3495 842 3565 omnino
891 3494 1382 3577 inanimatum,
1421 3509 1487 3566 et
1520 3497 1880 3578 tormentis
1911 3518 2084 3586 pene
2116 3497 2487 3568 contritum
2524 3494 3101 3581 exhaustumque,

559 3606 632 3654 se
679 3582 937 3653 frustra
983 3583 1180 3653 illum
1232 3596 1548 3672 torquere
1596 3586 1983 3676 perspexit,
2052 3599 2300 3657 tamen.
2330 3585 2562 3654 animo
2610 3583 2786 3654 duro
2821 3639 2836 3666 ,
2890 3583 3108 3652 ferreo

558 3685 624 3742 et
669 3672 898 3742 omnis
946 3671 1398 3743 humanitatis
1446 3688 1719 3764 experte
1768 3687 2151 3766 praestanS,
2204 3673 2563 3746 confestim
2599 3674 2747 3765 igni
2782 3670 3107 3763 pedeten-

562 3762 682 3831 tim
733 3759 1218 3832 exardescente
1249 3774 1315 3832 et
1362 3764 1653 3838 remisso
1701 3765 2020 3834 comburi
2082 3764 2411 3834 decernit.

569 3888 573 3893 ·
646 3851 682 3937 ἓ
729 3854 816 3923 4.
861 3849 987 3920 Hic
1034 3850 1249 3942 igitur
1296 3850 1857 3923 adolescentulus
1905 3857 2321 3943 postremu’s,
2362 3865 2519 3923 ante
2552 3848 2897 3941 Pamphili
2929 3867 3109 3946 mor-

559 3952 721 4019 tem,
757 3938 878 4026 qui
917 3952 1067 4011 erat.
1108 3939 1438 4011 dominus
1486 3942 1637 4031 ejus
1686 3941 2073 4012 secundum
2122 3964 2438 4022 carnem,
2488 3941 2558 4008 in
2608 3952 2953 4009 certamen
3004 3956 3107 4003 m·

559 4049 885 4120 gressuS‚
928 4041 1086 4099 ante
1135 4028 1334 4100 illum
1384 4052 1422 4099 e
1468 4030 1779 4122 corporis
1828 4030 2128 4102 vinculis
2177 4030 2482 4098 solutum
2533 4027 2687 4109 fuit,
2801 4037 3113 4115 ropterea

558 4116 743 4204 quod
785 4117 906 4203 qui
944 4130 1140 4188 erant
1185 4118 1257 4187 in
1308 4118 1465 4188 aliis
1512 4119 1950 4189 trucidandis
1979 4118 2320 4208 occupati,
2362 4116 2635 4186 tardare
2666 4114 2731 4182 vi
2784 4113 3101 4183 ebantur.

560 4205 876 4275 Licuerat
923 4227 1086 4298 ergo
1130 4207 1595 4299 Porphyrium
1647 4207 1880 4278 videre
1909 4208 2080 4298 (hoc
2110 4226 2413 4293 namque
2445 4200 2960 4302 adolescentulo
2989 4222 3112 4269 no-

562 4315 718 4380 men
760 4294 934 4384 erat)
972 4295 1118 4385 jam
1180 4296 1251 4365 in
1302 4297 1494 4367 omni
1543 4318 1792 4388 genere
1841 4294 2300 4367 certaminum
2348 4292 2835 4372 exercitatum,
2875 4310 3113 4390 ‘incre-

564 4381 763 4451 dibili
791 4383 1021 4454 studio
1051 4397 1116 4454 et
1144 4383 1411 4467 ardore,
1448 4408 1637 4456 more
1672 4385 1976 4455 hominis
2008 4405 2133 4476 pro
2165 4393 2462 4474 augusta
2495 4394 2560 4452 et
2593 4402 2788 4451 sacra
2827 4389 3113 4450 Victoria
