3357 4995
235 350 455 415 JUNII
515 351 597 414 ⁴6
909 369 988 417 nn
1036 369 1128 416 ss‚
1183 369 1441 426 ommno
1489 370 1564 417 m·
1610 371 1869 418 summ
1918 371 2108 418 mar.
2368 387 2375 394 ·
2581 354 2708 419 363

233 464 493 609 apertQ
548 453 908 609 infressus
955 465 1079 532 est,
1114 466 1179 523 et
1213 453 1512 524 fundens
1561 455 1967 535 orationem,
2007 455 2211 542 quasi
2261 476 2481 524 novus
2520 455 2702 527 Elias
2727 457 2783 535 *‚

234 541 516 610 cevatis
565 563 603 609 a
701 540 967 610 coelum
1014 542 1361 623 manibus,
1416 565 1496 612 ac
1547 543 1798 614 infusis
1848 545 2013 612 fletu
2064 543 2475 626 luminibuS,
2530 544 2647 613 ait:
2702 550 2794 614 Ne

232 629 532 708 deficiat,
586 651 865 716 quaes0,
919 631 1222 711 Domine,
1279 632 1363 700 de
1410 632 1539 701 hoc
1576 631 1855 702 vasculo
1904 633 2185 712 vinum,
2248 632 2478 726 donec,
2522 633 2793 703 cunctis

236 719 670 788 ministretur
718 719 788 786 iu
816 719 1266 789 abundantia.
1316 723 1391 790 Et
1424 721 1727 790 irruente
1776 721 1845 789 in
1897 742 1969 790 se
2019 721 2278 811 Spiritu
2328 726 2596 800 Sancto,
2651 722 2781 791 ait:

237 812 416 877 Haec
465 807 631 876 dicit
680 808 1037 878 Dominus:
1098 814 1241 878 Non
1294 809 1565 879 deficiet
1615 811 1854 877 vinum
1918 810 2002 877 de
2040 831 2238 888 vase,
2295 809 2411 878 sed
2462 811 2816 890 omnibus¹

234 897 624 986 petentibus
658 897 916 965 affatim
971 898 1334 978 tribuetur,
1374 912 1439 967 et
1465 898 1885 984 {abundabit
1951 903 2096 980 Quo
2154 898 2358 978 dicto,
2416 899 2653 967 vinum
2706 899 2789 967 ad

229 986 519 1055 verbum
561 998 626 1054 et
658 985 1070 1055 hilaritatem
1109 986 1645 1076 dispensationis
1688 987 1877 1057 illius
1897 999 2148 1056 cuncto
2176 987 2432 1076 populo
2466 987 2533 1056 in
2570 988 2792 1057 abun—

231 1073 469 1143 dantia
522 1073 989 1143 ministratum
1040 1087 1162 1156 est,
1225 1089 1289 1145 et
1343 1075 1707 1166 superfuit.
1765 1074 1891 1144 Sed
1941 1074 2103 1162 quia
2172 1076 2541 1146 strenuitas
2591 1081 2793 1145 Prae-
2890 1143 2893 1146 ,

235 1164 442 1252 positi
478 1164 674 1253 prius
714 1178 1231 1232 mensuraverat
1298 1165 1655 1245 vasculum
1717 1164 2394 1255 quinquagenarium
2428 1220 2442 1245 ,
2496 1178 2561 1233 et
2602 1187 2790 1255 repe·

229 1265 412 1322 rerat
442 1265 740 1338 quatuor
774 1253 1168 1341 palmorum
1217 1274 1638 1333 mensuram,
1673 1272 1987 1321 ‘cerneus
2047 1275 2223 1339 quae
2272 1266 2423 1321 acta
2471 1251 2741 1323 fuerant
2772 1310 2786 1334 ,

231 1340 302 1408 in
334 1342 638 1410 crastino
672 1341 920 1410 iterum
953 1363 1392 1422 mensurans,
1451 1353 1714 1411 tantum
1774 1341 2053 1431 reperiit
2094 1343 2160 1410 in
2189 1363 2386 1420 vase,
2440 1353 2779 1427 quantum

235 1429 303 1497 in
346 1452 424 1498 eo
463 1430 907 1520 praecedente
957 1430 1324 1518 reliquerat
1373 1431 1505 1500 die.
1540 1436 1630 1499 Ex
1675 1431 1802 1498 hoc
1839 1431 2061 1500 sancti
2114 1431 2327 1500 virtus
2376 1432 2443 1498 in
2508 1430 2787 1520 populis

230 1518 576 1587 declarata
625 1531 747 1587 est.
796 1524 869 1586 In
915 1517 1066 1609 ipso
1100 1542 1254 1588 vero
1287 1519 1702 1588 monasterio
1737 1520 1984 1607 plenus
2016 1519 2287 1589 dierum
2318 1519 2509 1600 obiit,
2553 1521 2787 1605 ibique

224 1628 386 1675 cum
423 1607 683 1676 honore
731 1607 1046 1697 sepultus
1095 1621 1217 1678 est.
1275 1614 1430 1678 Erat
1476 1621 1706 1677 autem
1758 1630 1863 1678 eo.
1897 1621 2199 1698 tempore
2258 1621 2541 1676 sanctus
2591 1608 2789 1677 Sido-

230 1697 392 1765 nius
442 1697 847 1786 EpiscopuS‚
886 1710 949 1766 et
980 1698 1316 1766 Victorius
1342 1702 1508 1777 Dux,
1553 1696 1675 1784 qui
1704 1719 1786 1765 su
1840 1719 1914 1766 er
1938 1709 2196 1786 septem
2250 1698 2557 1766 civitates
2593 1698 2785 1785 prin-

226 1785 562 1874 cipatum,
614 1785 901 1854 Eoricho
950 1786 1350 1855 Gottliorum
1390 1791 1571 1873 Rege
1621 1786 1791 1855 indu
1824 1799 2045 1875 gente,
2101 1799 2521 1875 susceperat.
2568 1788 2791 1877 Hujus

228 1895 384 1942 vero
425 1874 643 1943 sancti
683 1875 1124 1964 Epitaphium
1164 1875 1404 1943 beatus
1433 1874 1759 1943 Sidonius
1789 1876 2089 1963 scripsit,
2138 1875 2207 1941 in
2241 1897 2375 1960 quo
2424 1873 2660 1960 aliqua
2707 1874 2791 1943 de

230 1962 367 2040 his,
420 1984 598 2049 quae
651 1962 920 2032 locutus
946 1986 1128 2044 sum,
1167 1978 1269 2033 est
1368 1963 1691 2032 raefatus.
1727 1963 1816 2031 Ad
1849 1963 2060 2052 hujus
2101 1976 2330 2032 autem
2369 1963 2545 2031 beati
2582 1963 2790 2031 Abra-

229 2052 359 2119 hae
409 2050 811 2142 sepulcrum
863 2052 1269 2140 plerumque
1340 2052 1668 2142 rigoritici
1710 2050 2157 2132 decubanteS,
2195 2051 2576 2120 medicinae
2632 2073 2788 2120 coe-

231 2139 422 2210 lestis
474 2139 818 2230 praesidio
867 2141 1337 2210 sublevantur.

497 2438 1116 2541 ΜΛΒΤΥΒιυΜ
1184 2440 1319 2541 ss
1390 2438 1777 2548 QUIthl
1847 2438 1971 2539 ET
2036 2359 2527 2540 summ

944 2702 1228 2749 AUCTORE
1278 2701 1550 2750 SfflEONE
1598 2702 2074 2749 MBTAPHRASTE:

399 2806 517 2855 NEC
565 2808 675 2855 EST
724 2808 890 2865 QUOD
941 2806 1178 2856 LECTOR
1227 2808 1608 2861 SUSPICETUR
1659 2808 1824 2856 HANG
1873 2809 2000 2854 EAM
2050 2807 2197 2855 ESSE
2248 2807 2651 2871 msromAM„

421 2884 438 2899 ⁶
541 2914 715 2970 QUAM
763 2915 1065 2963 GELASIUS
1115 2916 1416 2964 PONT1FEx
1465 2916 1652 2963 INTER
1692 2915 2098 2963 APOCRYPHAS
2147 2914 2466 2961 NUMERAT.

833 3112 1024 3168 Circa
1067 3127 1320 3169 annum
1361 3114 1488 3168 305
1529 3142 1608 3152 —
1648 3114 1757 3168 Ex
1797 3113 1960 3168 Asia
2000 3112 2166 3168 Min.

309 3295 346 3380 ξ
395 3298 470 3364 1.
552 3292 1151 3374 Quemadmodum
1206 3316 1338 3363 non
1406 3307 1508 3362 est
1572 3294 2211 3363 necesse-Domino
2262 3294 2552 3363 salutem
2623 3294 2787 3363 dare

217 3381 480 3450 Judaeo
527 3394 646 3449 aut
695 3386 973 3461 G1·aecO‚
1015 3403 1206 3451 servo
1255 3396 1374 3451 aut
1425 3381 1639 3451 libero
1678 3383 1779 3473 (in
1843 3383 1951 3450 his
1999 3383 2184 3451 enim
2237 3383 2565 3452 omnibus
2615 3382 2787 3451 fides

224 3486 290 3539 et
324 3491 551 3538 mores
600 3470 913 3551 animae,
970 3492 1106 3538 non
1163 3484 1390 3539 autem
1442 3493 1663 3560 genus
1715 3471 2202 3561 proprietatem
2252 3471 2525 3549 tribuit,
2587 3484 2662 3539 ut
2707 3493 2786 3540 ex

220 3581 300 3627 ea
352 3581 421 3627 re
476 3558 769 3627 salutem
821 3560 979 3646 quis
1033 3558 1131 3627 vel
1182 3560 1538 3628 interitum
1602 3559 1827 3648 ferat),
1877 3560 1977 3628 sic
2020 3579 2241 3644 neque
2290 3558 2602 3629 masculo
2663 3572 2781 3631 aut

218 3647 580 3727 foeminae,
624 3670 845 3734 neque
878 3648 963 3728 ei,
1001 3648 1120 3733 qui
1154 3649 1465 3737 corporis
1498 3650 1760 3717 statura
1792 3659 1895 3717 est
1930 3647 2295 3737 perfectuS,
2351 3660 2469 3716 aut
2521 3649 2776 3736 imper-

218 3735 460 3816 fectuS,
499 3737 619 3822 qui
678 3749 957 3805 vocatus
1005 3739 1093 3804 sit
1141 3736 1224 3804 ad
1284 3736 1768 3825 perfectionem
1843 3736 2439 3806 sanctificationis.
2496 3742 2782 3805 Rectum

219 3837 446 3895 autem
481 3847 629 3894 esse
678 3826 905 3905 corde,
959 3838 1024 3893 et
1074 3825 1324 3894 babere
1356 3825 1616 3893 bonum
1669 3825 2012 3905 animum,
2071 3840 2137 3892 et
2184 3824 2271 3894 ad
2327 3825 2780 3893 imitationem

221 3914 334 3982 Dei
385 3914 1008 3994 accommodatum,
1055 3914 1341 3983 omnino
1378 3935 1654 3983 necesse
1701 3926 1804 3982 est
1831 3936 2018 3994 eum,
2059 3914 2180 4000 qui
2217 3912 2498 3997 futurus
2529 3926 2631 3982 est
2671 3913 2779 3981 di-

219 4024 403 4092 gnus
466 4025 619 4072 vera
684 4003 924 4074 salute.
970 4008 1111 4073 Non
1161 4003 1345 4072 enim
1397 4016 1707 4081 naturae,
1770 4013 1888 4071 aut
1937 4002 2237 4092 generis,
2294 4016 2416 4071 aut
2468 4002 2782 4072 fortunae

217 4092 712 4181 consequentia
758 4092 1013 4161 sanctis
1058 4093 1443 4179 acquiritur
1490 4090 1970 4169 sanctificatio,
2025 4091 2141 4160 sed
2196 4090 2610 4161 conciliatur
2658 4091 2777 4159 Dei

221 4180 518 4268 Spiritus
565 4182 993 4271 operatione:
1036 4203 1255 4273 neque
1306 4181 1550 4249 virtute
1599 4180 1914 4270 corporis
1973 4178 2427 4249 confirmatur
2457 4233 2473 4265 ,
2536 4180 2654 4249 sed
2710 4180 2777 4247 in

223 4269 339 4337 Dei
376 4269 622 4339 virtute
669 4270 1024 4358 perficitur
1053 4284 1118 4339 et
1165 4269 1546 4339 stabilitur:
1604 4288 1740 4337 non
1792 4268 1865 4336 i'n
1899 4268 2350 4355 quibuslibet,
2390 4269 2507 4338 sed
2575 4270 2646 4337 in
2698 4268 2784 4338 iis

221 4358 339 4443 qui
377 4371 542 4426 sunt
588 4359 791 4427 rectis
842 4359 1173 4441 moribus,
1210 4372 1273 4428 et
1321 4380 1496 4446 quos
1544 4368 1815 4427 constat
1853 4378 2002 4427 esse
2046 4359 2286 4428 bonos,

271 4482 300 4510 Ψ
330 4482 448 4525 Vide
467 4484 517 4523 in
538 4486 562 4523 3
585 4485 693 4535 Reg.
715 4494 828 4525 xvix.
889 4508 896 4513 -
