3357 4995
695 303 824 368 460
1493 319 1571 364 DE
1620 319 1675 364 s.
1732 315 1958 365 zosmo
2007 318 2298 364 marvan
2802 297 3019 363 JUNII
3068 301 3159 364 49

609 423 903 492 magnus
943 411 1045 469 est
1095 404 1271 468 Deus
1320 398 1890 492 Christianorum,
1943 409 2006 467 et
2054 398 2139 467 ab
2190 397 2308 466 illo
2356 420 2481 467 vox
2512 396 2641 466 ista
2676 397 2761 466 ad
2800 395 3152 467 hominem

607 489 794 560 hunc
845 489 1060 557 missa
1105 500 1229 557 est.

693 580 729 664 ξ
777 583 861 650 4.
914 577 1133 647 Jussit
1196 599 1442 647 rursus
1487 599 1645 646 eum
1699 581 1976 645 Praeses
2023 576 2424 666 colligatum
2474 575 2560 644 ad
2610 588 2906 661 quatuor
2957 576 3156 666 palos

604 667 897 735 extendi.
940 666 1068 747 Qui
1117 688 1277 734 cum
1329 665 1525 734 valde
1572 664 2098 746 distenderetur,
2145 665 2382 734 oculos
2430 665 2503 733 in
2550 662 2819 733 coelum
2853 666 3063 735 erexit
3087 679 3156 736 et

604 757 845 825 oravit.
885 761 1051 824 Cum
1088 754 1288 823 multi
1335 777 1415 822 ex
1462 755 1548 823 iis
1595 754 1716 841 qui
1767 766 2154 843 praesentes
2194 765 2410 834 erant,
2449 754 2795 843 egregiam
2828 756 3154 844 martyris

603 844 1001 935 patientiam
1044 843 1545 933 cognovissent,
1603 842 1689 911 ad
1726 842 1972 912 Christi
2025 843 2228 911 fidem
2279 843 2588 912 conversi
2621 856 2805 910 sunt.
2862 848 3143 914 Praeses

604 954 762 1003 vero
809 954 968 1001 cum
1021 932 1088 1000 id
1141 930 1398 1001 factum
1450 932 1755 1010 vidisset,
1792 944 1857 1000 et
1899 943 2248 1012 metueret,
2288 953 2371 1000 ne
2416 953 2657 1001 omnes
2699 931 2783 1000 ad
2833 932 3153 1002 eamdem

604 1021 808 1090 fidem
861 1033 1389 1099 coverterentur,
1428 1022 1842 1090 erubescens
1889 1043 1968 1089 ac
2016 1020 2342 1090 dentibus
2391 1018 2737 1101 frendens,
2777 1021 3145 1111 cogitabat,

602 1133 741 1197 quo
794 1110 1033 1180 mortis
1082 1130 1329 1200 genere
1371 1109 1718 1178 hominem
1771 1109 2205 1178 interficeret.
2264 1110 2484 1179 Jussit
2533 1109 2744 1198 igitur
2781 1111 3150 1197 grabatum

605 1221 880 1268 aereum
922 1199 1106 1279 ferri,
1151 1210 1216 1267 et
1247 1198 1476 1287 ignem
1517 1198 1812 1267 multum
1868 1197 2145 1284 subjici.
2200 1204 2507 1283 Cumque
2539 1198 2795 1266 multae
2822 1198 3148 1268 flammae

605 1288 674 1355 in
734 1288 1099 1390 grabatum
1150 1287 1620 1366 ascenderent,
1670 1286 1882 1373 jussit
1929 1288 2206 1356 beatum
2277 1287 2620 1357 Zosimum
2676 1286 2943 1356 nudum
2985 1286 3152 1356 illuc

601 1377 879 1464 conjici.
935 1381 1099 1445 Cum
1146 1397 1303 1443 vero
1336 1389 1618 1445 sanctus
1662 1388 1925 1465 martyr
1964 1376 2198 1445 Crucis
2250 1376 2473 1465 figura
2509 1397 2580 1444 se
2616 1376 3048 1456 munivisset,
3085 1391 3152 1445 et

604 1466 672 1534 in
725 1467 1087 1557 grabatum
1140 1464 1493 1552 conjectus
1541 1477 1741 1544 esset,
1797 1466 2025 1533 statim
2089 1466 2420 1533 Dominus
2497 1464 2727 1553 ignem
2796 1464 2863 1532 in
2917 1486 3145 1533 rorem

602 1554 975 1633 convertit;
1029 1554 1278 1622 etenim
1351 1575 1471 1643 per
1534 1553 1825 1644 Angelos
1874 1575 2036 1623 suos
2087 1559 2263 1624 Deus
2313 1553 2589 1641 Martyri
2638 1574 2838 1643 opem
2889 1553 3142 1623 attulit.

603 1648 855 1711 Omnes
902 1664 1059 1710 vero
1106 1641 1225 1728 qui
1262 1656 1649 1731 praesentes
1698 1656 1913 1720 erant,
1971 1643 2436 1731 opinabantur
2482 1644 2570 1710 ob
2607 1642 2903 1711 nimium
2946 1641 3147 1710 illum

604 1732 833 1824 ignem
886 1731 1227 1801 Zosimum
1264 1732 1569 1799 animam
1620 1731 1978 1800 efflavisse.
2033 1736 2109 1799 Et
2157 1731 2387 1832 angeli
2435 1754 2474 1799 a
2525 1736 2654 1798 Deo
2707 1731 2924 1810 missi,
2979 1753 3143 1799 san-

602 1833 790 1889 ctum
842 1833 1210 1907 martyrem
1260 1841 1296 1889 e
1345 1821 1626 1920 grabato
1665 1819 2045 1900 sublatum,
2098 1823 2426 1890 omnibus
2476 1819 2972 1908 spectantibus,
3027 1842 3142 1888 ex-

604 1920 705 1978 tra
754 1909 1114 1998 grabatum
1166 1921 1690 1978 constituerunt.
1732 1910 1957 1977 Turba
2006 1930 2162 1977 vero
2211 1932 2371 1978 cum
2422 1907 2859 1976 admirabilia
2901 1909 3013 1977 Dei
3045 1908 3142 1976 fa-

602 2009 709 2066 cta
742 1997 1043 2079 vidisset,
1095 1997 1249 2083 ejus
1296 1997 1585 2086 gloriam
1634 1996 2072 2076 collaudavit,
2126 1999 2245 2085 qui
2297 1998 2483 2066 misit
2515 1997 2806 2087 Angelos
2847 2020 3050 2079 suOS,
3087 2010 3153 2065 et

603 2108 642 2154 a
678 2085 793 2153 tali
831 2087 1111 2187 flamma
1148 2086 1368 2155 virum
1406 2086 1602 2154 illum
1637 2086 1915 2176 eripuit.
1956 2091 2192 2172 Itaque
2223 2085 2506 2176 plurimi
2538 2086 2625 2154 ad
2663 2085 2908 2154 Christi
2942 2087 3144 2155 fidem

602 2196 911 2244 conversi
963 2187 1146 2244 sunt.

689 2267 726 2350 ξ
772 2270 859 2335 5.
900 2269 1068 2331 Tum
1113 2268 1390 2332 Praeses
1423 2284 1582 2331 cum
1613 2278 1928 2333 sanctum
1973 2276 2339 2350 martyrem
2370 2263 2453 2331 ad
2482 2286 2550 2331 se
2587 2276 2927 2332 vocasset:
2965 2287 3000 2329 «
3026 2263 3151 2332 Ob-

602 2363 928 2442 tempera,
968 2352 1212 2438 inquit,
1260 2352 1428 2420 mihi
1471 2351 1754 2432 Zosime,
1783 2365 1848 2421 et
1880 2352 2014 2421 diis
2041 2351 2374 2422 sacrifica.
2420 2381 2440 2409 a
2468 2351 2561 2420 Ad
2602 2351 2767 2421 haec
2799 2353 3139 2430 Zosimus;

602 2463 639 2508 «
674 2441 1094 2511 Foedissime
1142 2440 1457 2510 omnium
1510 2441 1915 2522 hominum,
1981 2442 2239 2528 quibus
2287 2441 2422 2510 diis
2475 2441 2683 2531 jubes
2735 2463 2842 2509 me
2896 2439 3152 2512 sacrifi-

603 2534 808 2600 care?
837 2554 872 2596 »
920 2570 1009 2580 -—
1057 2554 1092 2596 «
1128 2531 1303 2609 Jovi,
1359 2531 1584 2616 inquit
1634 2530 1771 2610 ille,
1828 2543 1893 2599 et
1936 2531 2220 2599 Junoni.
2265 2554 2297 2595 »
2335 2536 2523 2599 Tunc
2571 2530 2914 2600 Zosimus:
2949 2556 2983 2597 «
3015 2535 3150 2620 Ego

606 2619 858 2689 multos
886 2620 1049 2689 istos
1076 2619 1238 2688 deos
1273 2641 1409 2687 non
1440 2618 1630 2689 colo:
1675 2642 1897 2688 unum
1938 2620 2124 2687 enim
2159 2641 2498 2708 cognosco
2536 2621 2871 2688 viventem
2909 2625 3143 2699 Deum,

603 2707 905 2794 huicque
954 2706 1081 2777 soli
1150 2708 1256 2796 pie
1306 2709 1546 2776 servi0.
1587 2731 1622 2773 »
1672 2713 1851 2777 Haec
1883 2731 2041 2776 cum
2093 2708 2397 2777 audisset
2428 2713 2742 2779 Praeses:
2798 2731 2831 2773 «
2861 2709 3143 2787 Zosime,

605 2797 853 2884 inquit,
895 2796 1017 2865 tibi
1059 2796 1224 2876 dixi,
1265 2810 1339 2866 ut
1386 2796 1471 2865 ad
1521 2796 1806 2866 deorum
1858 2820 2045 2865 aram
2098 2797 2407 2876 accedas,
2447 2810 2510 2866 et
2558 2799 2728 2886 ipsis
2776 2796 3141 2873 sacrifices,

605 2886 709 2953 sin
765 2886 1021 2965 minus,
1064 2898 1124 2952 te
1175 2884 1331 2974 igne
1379 2907 1811 2955 consumam.
1871 2886 2022 2954 »Ad
2074 2885 2241 2954 haec
2280 2886 2628 2955 Zosimus:
2669 2908 2704 2950 «
2739 2883 3011 2963 Stolide,
3043 2904 3153 2951 se-

604 2973 738 3041 mel
788 2974 925 3042 dixi
981 2974 1125 3053 tibi,
1161 2974 1343 3058 quod
1397 2979 1527 3042 Deo
1567 2995 1718 3044 meo
1768 2974 2009 3053 servio,
2045 2975 2168 3059 qui
2215 2974 2284 3042 in
2336 2974 2545 3042 coelis
2593 2987 2760 3043 est.»
2790 2976 2955 3041 Cum
2989 2994 3150 3040 vero

604 3068 881 3131 Praescs
929 3084 965 3129 a
1018 3062 1348 3131 tribunali
1401 3064 1847 3143 surrexisset,
1905 3075 1968 3131 et
2016 3063 2100 3131 ad
2172 3064 2672 3132 Cenonensium
2722 3061 2963 3130 urbem
3016 3061 3147 3129 iter

604 3150 912 3221 facturus
940 3166 1138 3225 esset,
1160 3151 1371 3240 jussit
1400 3164 1766 3239 martyrem
1807 3152 2095 3241 ligatum
2120 3151 2286 3222 illuc
2321 3152 2539 3238 sequi,
2581 3165 2656 3221 ut
2682 3151 2776 3220 ibi
2799 3150 2883 3219 ad
2919 3151 3147 3240 ignem

604 3239 1085 3327 conjiceretur.
1140 3245 1448 3326 Cumque
1495 3239 1578 3308 ad
1629 3262 1778 3309 eam
1833 3240 2074 3308 urbem
2121 3240 2546 3310 Domitianus
2591 3240 2903 3320 venisset,
2943 3253 3006 3307 et
3045 3261 3154 3308 se—

604 3328 791 3397 deret
843 3350 963 3417 pro
1011 3327 1375 3408 tribunali,
1409 3329 1616 3415 jussit
1664 3330 1734 3397 in
1786 3329 2087 3418 crepidis
2135 3329 2555 3417 quibusdam
2606 3328 2836 3398 clavos
2884 3329 3131 3417 aptari,

604 3430 670 3486 et
719 3417 1043 3505 martyris
1107 3417 1313 3506 pedes
1360 3418 1662 3506 crepidis
1721 3417 1859 3486 illis
1906 3417 2087 3487 confi
2142 3419 2201 3499 i,
2256 3419 2655 3505 catenisque
2702 3418 3149 3486 constrictum

605 3505 689 3574 ad
741 3527 955 3592 equos
1006 3505 1238 3605 ligari,
1294 3518 1358 3574 et
1418 3507 1572 3596 cogi
1618 3505 1927 3576 celeriter
1974 3441 2354 3576 amssulare.
2412 3506 2534 3575 Ille
2582 3508 2667 3575 ad
2718 3528 2932 3594 equos
2979 3506 3154 3575 fero-

605 3594 923 3663 cissimos
972 3594 1320 3682 alligatus,
1378 3616 1510 3663 non
1555 3594 1784 3664 lentus
1829 3607 1974 3664 erat
2021 3594 2104 3664 ad
2165 3596 2291 3665 iter
2347 3595 2766 3677 faciendum,
2799 3595 2917 3664 sed
2942 3615 3155 3681 equos

607 3683 794 3773 ipsos
842 3696 1271 3752 antevertens
1322 3684 1830 3774 praecurrebat.
1888 3689 2065 3753 Deus
2111 3684 2295 3754 eni-m
2345 3697 2490 3753 erat
2537 3707 2695 3754 cum
2750 3684 2894 3765 illo,
2926 3683 3149 3771 quise

606 3771 741 3861 ipsi
790 3771 1169 3862 adjutorem
1226 3772 1617 3861 praebebat.
1687 3777 1925 3859 Itaque
1974 3773 2097 3842 has
2146 3795 2343 3843 voces
2390 3772 2721 3864 protulit:
2779 3796 2815 3840 «
2872 3772 3155 3843 Domine

610 3865 827 3941 Deus,
881 3862 1001 3948 qui
1063 3860 1402 3951 perfecisti
1456 3861 1663 3951 pedes
1714 3884 1902 3932 meos
1951 3874 2276 3949 tanquam
2329 3884 2730 3943 cervorum,
2786 3862 3154 3952 perfectam

614 3949 1010 4039 patientiam
1062 3949 1237 4018 mihi
1288 3971 1643 4040 suggeras.
1693 3973 1727 4016 »
1779 3956 1857 4020 At
1887 3956 2165 4021 Praeses
2198 3973 2357 4020 cum
2396 3952 2721 4051 martyris
2756 3951 3152 4041 patientiam

605 4037 909 4118 vidisset,
953 4037 1167 4127 jussit
1214 4038 1445 4127 ipsum
1497 4040 1567 4106 in
1604 4061 1878 4109 carcere
1910 4039 2229 4109 clausum
2263 4040 2885 4127 custodir1,.neque
2915 4040 3146 4109 cibum

608 4126 909 4214 aliquem
960 4127 1245 4195 omnino
1296 4125 1397 4194 illi
1448 4126 1623 4196 dari.

695 4217 733 4303 ξ
781 4220 874 4286 6.
931 4219 1098 4284 Cum
1149 4237 1306 4284 vero
1355 4227 1491 4285 tres
1531 4217 1678 4287 dies
1720 4217 2252 4307 praeteriissent,
2292 4231 2356 4288 et
2391 4219 2702 4287 Zosimus
2741 4217 2975 4287 cibum
3021 4237 3155 4285 non

607 4316 1000 4396 gustasset,
1055 4303 1193 4374 duo
1245 4306 1438 4393 pueri
1489 4318 1826 4375 venerunt
1874 4307 1942 4374 in
1994 4328 2390 4387 carcerem,
2451 4329 2746 4394 quorum
2799 4328 2986 4376 unus
3038 4328 3160 4406 pa-

609 4415 767 4462 nem
803 4447 818 4473 ,
896 4391 1067 4462 alter
1114 4414 1233 4461 vas
1304 4415 1523 4480 aquae
1596 4394 1955 4483 portabat,
2009 4408 2073 4464 et
2123 4397 2409 4486 martyri
2472 4396 2829 4464 dixerunt:
2911 4400 3161 4484 Accipe
