3357 4995
563 407 575 419 ,
626 364 645 387 ·
686 334 769 399 64
1150 348 1489 397 ramsixr.
1545 347 1638 396 ss.
1693 347 1807 394 im.
1862 345 2043 394 rarat
2089 346 2164 394 ΕΤ
2213 342 2595 395 nanceium
2841 327 3063 394 JUNII
3115 328 3157 392 2

598 437 906 534 Cumque
952 429 1041 501 ad
1088 428 1159 499 id
1209 420 1343 499 loci
1393 425 2426 513 sermocinando,venissemus
2472 437 2549 496 ut
2588 423 2795 495 etiam
2829 424 2914 496 de
2955 425 3162 521 vesti·

596 534 878 599 mentis,
908 540 1085 608 quae
1121 538 1284 589 cum
1337 538 1457 588 cor
1508 517 1748 588 oribus
1777 536 2017 586 eorum
2069 515 2345 584 inventa
2386 525 2572 594 sunt,
2616 512 2875 584 mentio
2929 513 3153 594 fieret,

548 680 557 689 ,
601 622 808 697 atque
852 629 980 700 ego
1027 607 1245 677 mirae
1276 606 1465 678 subti
1497 605 1681 677 itatis
1725 616 1983 675 vestem
2032 608 2107 673 B.
2143 601 2523 674 Marcellini
2554 601 2772 674 fuisse
2818 601 3153 700 dicerem,

603 697 724 768 ille
770 697 977 778 velut,
1030 695 1153 785 qui
1199 716 1344 765 rem
1396 715 1613 781 aeque
1658 704 1737 764 ut
1782 714 1908 784 ego
1948 705 2183 763 notam
2231 691 2535 773 haberet,
2588 712 2747 760 vera
2780 703 2890 760 me
2922 689 3009 760 de
3047 712 3163 760 ve-

602 786 826 857 stibus
885 784 1141 857 dixisse
1208 781 1588 874 respondit.
1641 782 1770 852 Hic
1815 804 1944 873 ego
2012 779 2438 872 stupefactus
2494 790 2701 867 atque
2761 778 3154 859 admiranS,

600 873 991 967 percontari
1020 872 1259 963 coepi,
1310 871 1501 943 unde
1538 871 1645 940 illi
1692 870 1862 941 haec
1893 869 2485 951 vestimentorum,
2550 888 2729 955 quae
2787 889 3161 956 nunquam

606 963 894 1046 viderat,
931 961 1175 1032 notitia
1198 960 1596 1061 contingere
1630 959 1990 1061 potuisset.
2020 962 2096 1027 At
2131 957 2247 1027 ille
2285 979 2397 1027 me
2427 956 2744 1039 intuituS,
2781 955 3160 1047 paululum

600 1051 833 1123 siluit:
887 1073 968 1121 ac
1001 1048 1276 1130 deinde,
1332 1054 1583 1131 Satius,
1627 1048 1879 1135 inquit,
1916 1068 2068 1119 esse
2105 1046 2424 1128 arbitror,
2460 1056 2540 1115 ut
2585 1066 2709 1136 per
2757 1066 2868 1114 me
2897 1066 3165 1136 cogno-

602 1163 778 1237 scaS,
831 1137 1019 1228 quod
1068 1159 1181 1209 me
1212 1149 1500 1219 tacente,
1557 1150 1786 1206 tamen
1838 1157 1959 1226 per
2006 1134 2180 1207 alios
2217 1134 2529 1206 celeriter
2573 1155 2647 1203 es
2694 1133 3158 1224 cogniturus:

603 1242 670 1301 et
698 1251 825 1321 ego
858 1227 1051 1298 illius
1081 1226 1180 1296 rei
1213 1226 1345 1297 sim
1391 1224 1710 1327 proditor
1755 1222 2074 1326 simplex,
2109 1233 2321 1312 qu'am
2362 1222 2649 1294 fortasse
2682 1222 2855 1315 alter
2899 1223 2961 1292 si
2998 1242 3166 1313 pro-

599 1317 876 1400 diderit,
931 1337 1069 1385 non
1102 1313 1515 1405 simpliciter
1560 1312 1974 1384 enuntiabit.
2027 1317 2258 1401 Neque
2303 1312 2491 1395 enim
2532 1322 2788 1401 potest:
2841 1311 3010 1398 quia
3062 1311 3166 1382 sic

605 1410 858 1477 natura
906 1416 1386 1494 comparatum
1437 1413 1576 1485 est,
1634 1415 1716 1473 ut
1762 1401 1895 1473 hoc
1953 1402 2329 1503 quisquam
2379 1399 2709 1470 veraciter
2759 1399 2991 1470 dicere
3039 1420 3168 1470 ne-

654 1506 836 1576 ueat,
892 1492 1100 1583 cujus
1146 1491 1463 1562 notitiam
1513 1513 1651 1562 non
1720 1512 1843 1581 per
1889 1511 2198 1591 seipsum
2225 1544 2241 1573 ,
2294 1489 2415 1560 sed
2472 1488 2772 1589 aliorum
2830 1486 3169 1558 relatione

634 1583 813 1654 uerit
860 1592 1247 1653 assecutus.
1299 1585 1484 1650 Tuae
1531 1590 1799 1650 tantum
1850 1578 2014 1649 fidei
2059 1578 2438 1661 committo,
2489 1575 2788 1665 qualiter
2818 1575 2982 1646 inde
3015 1598 3169 1646 me·

603 1694 765 1742 cum
807 1684 1113 1770 acturus·
1140 1670 1262 1752 sis,
1315 1681 1681 1760 postquam
1726 1690 1880 1739 meo
1911 1667 2132 1739 relatu
2171 1688 2448 1739 omnem
2497 1666 2598 1737 rei
2645 1677 2876 1757 gestae
2913 1665 3171 1735 verita-

605 1772 742 1832 tem
791 1779 1181 1851 agnoveris.

692 1856 732 1931 5
782 1854 872 1921 θ.
927 1847 1051 1917 Cui
1096 1868 1260 1917 cum
1310 1867 1422 1916 me
1469 1868 1607 1917 non
1657 1844 1848 1916 aliud
1908 1856 2251 1926 acturum,
2307 1864 2519 1932 quam
2569 1842 2758 1931 quod
2806 1842 2988 1912 inter
3035 1864 3172 1912 nos

606 1936 1024 2015 conveniret,
1078 1934 1272 2006 brevi
1318 1955 1636 2005 sermone
1684 1933 2238 2025 respondissem:
2291 1931 2677 2022 Presbyter,
2722 1931 2976 2019 inquit,
3014 1930 3166 2013 ille,

657 2025 730 2096 ui
785 2024 873 2095 ad
922 2022 1331 2094 deferendas
1378 2028 1451 2093 B.
1503 2022 1797 2094 Tiburtii
1844 2022 2176 2111 reliquias
2223 2026 2512 2092 Romam
2562 2041 2712 2090 meo
2737 2019 2948 2110 J'ussu
2996 2041 3171 2111 pro-

634 2125 827 2185 ectus
860 2124 983 2195 est,
1019 2135 1180 2183 cum
1232 2111 1328 2194 id,
1357 2125 1644 2214 propter
1690 2111 1875 2200 quod
1924 2110 2044 2181 illo
2091 2120 2391 2191 venerat,
2436 2109 2532 2179 ita
2576 2121 2656 2179 ut
2702 2107 2972 2179 volebat
3005 2130 3174 2199 per-

600 2204 809 2273 ficere
856 2201 1299 2289 nequivisset,
1342 2222 1633 2291 Jamque
1677 2200 1989 2272 notarius
2038 2212 2223 2281 tuuS,
2276 2197 2579 2288 acceptis
2625 2196 2711 2267 de
2756 2196 3016 2285 quibus
3071 2197 3174 2268 lo-

601 2292 910 2380 quimur,
941 2302 1340 2361 sanctorum
1378 2301 1761 2380 martyrum
1799 2287 2159 2376 Reliquiis,
2197 2287 2482 2357 domum
2526 2285 2750 2356 redire
2782 2285 3170 2369 statuisset,

607 2380 766 2450 iniit
795 2400 955 2449 cum
988 2378 1111 2448 illo
1148 2376 1548 2459 consilium,
1584 2389 1665 2448 ut
1702 2377 1822 2448 illo
1855 2382 2110 2448 Romae
2157 2373 2527 2467 paululum
2577 2395 2806 2445 moras
2838 2373 3171 2455 faciente,

607 2469 628 2539 i
682 2489 756 2539 se
791 2489 964 2540 eum
997 2463 1336 2539 Junisone
1367 2466 1576 2537 fratre
1624 2466 2029 2538 Deusdonae
2059 2476 2314 2536 etcum
2354 2463 2759 2535 hominibus
2806 2462 2984 2554 ejuS,
3036 2465 3175 2552 qui

606 2558 766 2628 ilos
815 2579 1050 2627 sacros
1095 2556 1362 2627 cineres
1408 2556 1587 2627 ferre
1636 2556 2002 2636 debebant,
2058 2555 2339 2645 Papiam
2401 2575 2626 2641 usque
2671 2551 3172 2643 praecederet,

603 2647 840 2735 ibique
872 2645 1067 2716 illius
1113 2668 1194 2716 ac
1246 2644 1647 2716 Deusdonae
1682 2642 2217 2736 praestolaretur
2261 2641 2663 2713 adventum.
2716 2640 2985 2711 Placuit
3017 2664 3182 2713 am-

601 2736 829 2807 bobus
875 2735 1007 2806 ista
1038 2733 1424 2816 conventio,
1453 2734 1733 2823 illisque
1767 2739 2027 2804 Romae
2063 2730 2567 2810 substantibus,
2608 2730 2968 2831 presbyter
2995 2753 3180 2802 cum

601 2823 941 2895 Junisone
988 2844 1068 2893 ac
1109 2822 1348 2914 pueris
1377 2823 1732 2924 Reliquias
1756 2821 2140 2892 ferentibus
2169 2819 2454 2910 Papiam
2486 2817 2975 2909 proficiscitur.
3014 2824 3179 2902 Quo

609 2932 771 2982 cum
820 2922 1000 2982 esset
1045 2922 1475 3002 perventum,
1535 2911 1796 2982 scrinia
1842 2932 2077 2982 sacros
2123 2909 2391 2978 cineres
2443 2908 2868 2980 continentia
2917 2908 2990 2977 in
3060 2930 3183 2979 ec-

605 2999 818 3070 clesia
867 3012 986 3072 tua
1018 3020 1198 3090 pone
1245 2997 1458 3070 altare
1491 3012 1655 3071 sunt
1702 2999 1949 3091 posita,
2004 3011 2209 3086 atque
2239 2998 2330 3068 ab
2375 2996 2885 3068 excubantibus
2933 2997 3005 3076 idn
3051 3018 3183 3068 ea-

608 3088 767 3158 dem
809 3086 1101 3158 basilica
1132 3086 1405 3159 clericis
1433 3111 1513 3158 ac
1540 3088 1740 3158 laicis
1786 3087 2105 3179 diligenti
2135 3085 2412 3157 solertia
2443 3084 2812 3157 custodita.
2848 3084 3182 3169 Quadam

608 3196 766 3246 vero
816 3187 1037 3262 nocte,
1081 3198 1244 3246 cum
1314 3187 1379 3246 et
1426 3176 1578 3267 ipse
1625 3177 1805 3247 inter
1850 3188 2154 3246 caeteros
2201 3173 2288 3245 ad
2337 3173 2614 3245 easdem
2663 3173 3044 3244 excubians
3097 3175 3181 3244 in

610 3264 903 3337 ecclesia
950 3264 1301 3356 vigilaret,
1353 3266 1690 3357 contigit,
1745 3275 1823 3335 ut
1869 3265 2018 3355 ipse
2074 3264 2358 3343 asserit,
2411 3262 2599 3333 circa
2660 3262 2958 3352 mediam
3023 3261 3182 3334 fere

609 3364 907 3434 noctem,
938 3364 1017 3423 ut
1044 3352 1431 3444 obripiente
1461 3353 1800 3444 paulatim
1832 3374 2100 3436 somn0‚
2138 3351 2447 3422 universi
2470 3352 2595 3439 qui
2628 3351 2810 3426 intra
2847 3350 3181 3421 eamdem

608 3441 973 3513 basilicam
1023 3438 1359 3532 vigilandi
1408 3443 1630 3533 gratia
1662 3455 2146 3523 convenerant,
2200 3452 2468 3533 praeter
2514 3462 2588 3511 se
2635 3439 2886 3538 solu-m,
2918 3439 3184 3511 obdor-

609 3532 887 3600 mirent.
943 3534 1115 3600 Tum
1167 3530 1302 3600 sibi
1337 3530 1407 3600 in
1450 3542 1752 3601 mentem
1804 3530 2095 3614 venisse,
2135 3531 2502 3617 visumque
2560 3528 2776 3600 fuisse
2822 3551 2959 3599 non
3014 3529 3182 3600 sine

610 3640 867 3710 magna
914 3618 1220 3706 quadam
1269 3640 1483 3691 causa
1530 3619 1815 3701 factum,
1859 3631 1937 3689 ut
1974 3631 2069 3691 tot
2115 3619 2523 3690 hominibus
2570 3630 2708 3688 tam
2757 3617 3184 3690 subitaneus

610 3728 816 3797 sopor
861 3707 1283 3798 obrepserit:
1331 3720 1662 3796 ratusque
1710 3708 1844 3779 sibi
1893 3708 2123 3779 oblata
2169 3708 2530 3779 occasione
2586 3705 2953 3787 utendum,
3013 3729 3184 3777 sur-

608 3796 804 3877 rexit,
843 3808 1073 3884 atque,
1110 3817 1404 3866 accenso
1436 3796 1728 3879 lumine,
1764 3796 1851 3866 ad
1885 3797 2143 3868 scrinia
2182 3796 2461 3868 silenter
2483 3796 2795 3867 accessit.
2822 3801 2996 3865 Tum
3029 3794 3186 3872 filis

611 3882 1004 3975 sigillorum
1039 3884 1318 3955 admota
1365 3886 1563 3956 cerei=
1593 3886 1882 3957 flamma
1929 3886 2273 3968 crematis,
2318 3886 2576 3957 scrinia
2624 3883 2773 3955 sine
2820 3884 3011 3955 clave
3058 3907 3189 3955 ce-

611 3972 843 4043 leriter
889 3972 1188 4064 aperuit,
1242 3995 1320 4043 ac
1368 3973 1454 4043 de
1486 3985 1782 4062 utroque
1829 3996 2116 4066 corpore
2171 3975 2582 4064 portionem,
2638 3995 2817 4063 quae
2873 3974 2936 4043 ei
2984 3972 3190 4044 vide·

609 4064 839 4142 batur,
872 4062 1247 4153 accipienS,
1287 4062 1520 4154 sigilla
1553 4075 1629 4133 ut
1660 4075 1857 4134 erant
1889 4064 2155 4155 integra
2183 4063 2459 4134 filorum
2487 4073 2949 4134 crematorum
2976 4085 3190 4134 sum-

610 4150 976 4220 mitatibus
1023 4150 1351 4232 annectit,
1408 4150 1741 4241 nulloque
1789 4152 1859 4222 id
1899 4152 2157 4223 factum
2209 4153 2567 4234 sentiente,
2607 4152 2679 4221 in
2716 4151 2865 4222 loco
2916 4173 3044 4222 suo
3081 4173 3195 4221 re-

612 4238 815 4308 sedit.
872 4244 1030 4310 Post
1080 4238 1249 4310 haec
1297 4240 1607 4310 sublatas
1655 4240 1778 4310 tali
1810 4240 1992 4312 furto
2042 4247 2449 4312 Sanctorum
2490 4240 2845 4328 reliquiaS,
2883 4261 3049 4310 cum
3092 4240 3195 4310 ad

608 4349 719 4396 me
754 4326 999 4429 fuisset
1051 4349 1368 4400 reversus
1402 4328 1691 4399 detulit:
1747 4330 2113 4421 primoque
2147 4329 2303 4399 illas
2353 4352 2489 4400 non
2543 4335 2608 4399 S.
2657 4328 3039 4399 Marcellini
3074 4330 3197 4406 oei

614 4421 816 4498 Petri,
881 4416 998 4489 scd
1059 4418 1280 4487 sancti
1344 4418 1637 4503 Tiburtii
1691 4441 1837 4520 esse
1888 4419 2324 4490 asseveravit.
2402 4419 2656 4489 Deinde
2720 4441 2878 4489 cum
2947 4418 3199 4488 nescio
