3357 4995
190 331 414 400 JUNII
461 332 548 398 25
1037 350 1116 397 nn
1163 350 1222 398 s.
1272 349 1635 398 Αωωιιιτο
1684 350 1905 398 mmm
2527 332 2658 399 579

199 436 433 507 adhuc
482 436 554 505 in
610 456 818 506 carne
866 433 1252 516 militantis,
1304 434 1746 505 ineluctabile
1783 431 2139 504 ‘certamen
2194 435 2437 506 crebro
2486 457 2564 506 ex
2616 435 2743 507 erti

201 536 390 596 sunt.
421 529 661 595 Comes
697 524 1140 595 Ruosekinus
1169 522 1355 593 haud
1391 523 1630 615 procul
1658 546 1700 593 a
1733 523 2151 594 monasterio
2183 522 2366 594 beati
2400 525 2563 594 Adai
2617 526 2745 596 erti

202 614 626 684 morabatur.
678 616 746 682 Is
782 611 1009 683 filium
1057 612 1371 683 suumin
1419 634 1499 683 eo
1530 611 1946 682 monasterio
1994 611 2259 682 Christo
2324 613 2744 685 serviturum

199 703 583 773 devoverat.
636 705 714 772 At
759 701 883 773 ubi
944 711 1179 792 postea
1236 701 1387 792 ejus
1443 699 1580 771 voti
1627 701 2024 772 incuriosus
2089 701 2595 791 praevaricator
2647 702 2749 773 ef-

197 791 420 862 fectus
462 803 586 872 est,
640 811 813 881 puer
875 812 926 860 u
1011 811 1099 860 ue
1145 788 1316 860 adeo
1362 789 1588 880 coepit
1633 788 1921 859 adversa
1973 788 2290 860 laborare
2322 790 2739 871 valetudine,

199 891 278 950 ut
324 879 477 969 ejus
524 879 662 948 vita
720 879 926 969 plane
1018 890 1473 970 esperaretur.
1529 877 1659 948 Sed
1710 890 2077 969 postquam
2125 877 2212 948 ad
2262 878 2477 950 altare
2524 880 2746 951 sancti

199 969 332 1039 viri
378 967 784 1059 regulariter
828 966 1101 1037 oblatus
1146 979 1273 1049 est,
1326 966 1518 1039 salus
1563 966 1627 1036 ei
1677 967 1990 1037 restituta
2018 979 2143 1039 est.
2199 967 2393 1038 Unde
2450 969 2618 1039 satis
2665 968 2747 1039 li-

201 1057 346 1128 cuit
395 1055 875 1138 animadverti,
907 1067 1266 1147 paternam
1294 1055 1658 1148 perfidiam
1688 1056 1841 1147 ejus
1866 1056 2164 1125 amissae
2186 1078 2469 1127 causam
2502 1057 2738 1129 fuisse.

202 1145 448 1216 Mulier
492 1144 834 1233 quaedam
884 1144 1217 1215 infantem
1270 1145 1554 1235 peperit,
1595 1143 1718 1232 qui
1753 1143 1839 1214 ad
1872 1144 2118 1235 viginti
2148 1144 2296 1217 dies
2343 1168 2384 1215 a
2416 1146 2746 1216 maternis

199 1234 535 1305 uberibus
582 1232 858 1303 nullum
906 1234 1190 1305 omnino
1229 1232 1335 1304 lac
1382 1254 1629 1325 sugere
1676 1232 1912 1303 voluit.
1966 1237 2123 1303 Erat
2152 1255 2260 1303 res
2307 1234 2512 1324 plena
2551 1256 2747 1325 prae-

200 1323 413 1396 sentis
454 1321 767 1414 periculi,
819 1322 935 1392 cui
984 1322 1291 1393 humana
1331 1322 1593 1392 ratione
1653 1321 1910 1391 mederi
1966 1343 2169 1391 nemo
2200 1335 2451 1413 posset.
2506 1327 2746 1411 Itaque

202 1424 522 1503 parentes
577 1411 874 1481 offerunt
905 1410 1103 1481 illum
1152 1410 1239 1481 ad
1287 1410 1500 1481 altare
1556 1415 1622 1481 S.
1675 1409 2043 1491 Adalberti,
2099 1423 2166 1480 et
2213 1432 2387 1501 puer
2435 1433 2591 1482 mox
2655 1412 2743 1483 ad

202 1501 420 1571 ubera
468 1499 710 1570 inhiat.
765 1503 914 1583 Qua
952 1500 1021 1568 in
1063 1520 1159 1582 re,
1202 1498 1372 1569 dum
1426 1498 1714 1590 parvulo
1760 1498 2191 1570 subtrahitur
2240 1500 2576 1570 naturalis
2609 1523 2744 1571 nu-

202 1588 506 1660 trimenti
552 1612 593 1659 a
647 1589 965 1680 petentia,
1018 1598 1084 1657 et
1130 1588 1350 1658 sancti
1382 1587 1804 1659 Confessoris
1850 1588 1921 1657 in
1955 1588 2286 1659 curandis
2336 1589 2598 1659 morbis
2628 1612 2744 1680 pa-

199 1679 399 1748 tescit
444 1698 602 1748 exce
636 1677 783 1747 lens
830 1678 1070 1758 virtus,
1126 1688 1193 1747 et
1222 1676 1443 1747 eidem
1495 1676 1744 1746 infanti
1777 1676 2205 1747 sublimioris
2255 1677 2550 1748 instituti
2582 1700 2742 1769 pro·
2826 1766 2829 1770 .

201 1767 406 1839 fessio
471 1765 901 1837 conciliatur.
970 1765 1357 1836 Oratorium
1419 1765 1600 1836 beati
1665 1765 1794 1834 viri
1853 1765 2219 1836 custodum
2297 1766 2569 1836 incuria
2630 1767 2739 1837 bis

203 1858 487 1926 flamma
547 1877 748 1926 vorax
795 1854 1219 1946 absumpsit:
1273 1866 1340 1924 et
1383 1875 1545 1925 cum
1599 1853 1773 1923 nihil
1822 1854 1844 1922 i
1899 1854 2006 1925 nis
2071 1854 2417 1942 reliquum
2468 1855 2740 1928 fecisset

201 1967 283 2015 ex
316 1944 402 2016 iis
446 1966 623 2032 quae
672 1944 743 2013 in
783 1943 1079 2014 oratorio
1124 1941 1243 2012 illo
1277 1942 1735 2023 habebantur,
1791 1964 1865 2012 so
1895 1965 2017 2014 um
2071 1943 2383 2032 pallium,
2420 1964 2555 2031 quo
2594 1956 2738 2014 erat

202 2055 479 2104 sacrum
529 2033 747 2102 sancti
794 2031 1214 2103 confessoris
1258 2053 1512 2122 corpus
1557 2031 1984 2112 obvolutum,
2039 2032 2212 2101 nihil
2267 2033 2355 2103 ab
2403 2032 2565 2122 igne
2612 2031 2732 2103 de-

208 2121 514 2192 trimenti
546 2122 832 2212 accepit.

288 2211 326 2296 ζ)
371 2214 521 2282 16.
577 2214 754 2280 Haec
782 2208 870 2280 de
899 2210 1033 2279 vita
1070 2222 1137 2280 et
1181 2208 1552 2280 virtutibus
1578 2208 2008 2279 celeberrimi
2036 2206 2456 2278 confessoris
2486 2209 2734 2280 Christi

201 2296 568 2379 Adalberti,
626 2297 1110 2370 Medelocensis
1157 2298 1470 2368 coenobii
1501 2297 1744 2367 fratres
1777 2297 2269 2386 conscripsere,
2300 2296 2590 2384 jubente
2615 2318 2735 2367 su-

204 2386 512 2477 pradicto
557 2387 806 2457 eximio
839 2386 1158 2457 Praesule
1186 2387 1499 2477 Egberto,
1529 2386 1680 2476 ejus
1714 2385 2108 2455 monasterii
2139 2383 2446 2466 dominc,
2494 2408 2729 2457 rerum

201 2473 288 2546 ad
323 2474 558 2546 divino
603 2474 866 2546 cultum
919 2474 1316 2546 facientium
1367 2473 1876 2547 studiosissimo
1926 2485 2388 2565 procuratore.

289 2566 505 2723 51⁸2.
558 2565 1011 2656 Temporibus
1079 2564 1402 2636 Florentii
1463 2564 1732 2646 Crassi,
1786 2562 1906 2650 qui
1968 2562 2097 2632 fuit
2143 2575 2424 2633 octavus
2493 2568 2734 2635 Comes

201 2657 303 2722 Ho
335 2652 631 2733 landiae‚
683 2653 885 2744 cujus
932 2653 1152 2724 multa
1184 2653 1253 2722 in
1287 2657 1501 2723 Deum
1544 2652 1784 2744 pietas,
1836 2673 2001 2742 erga
2047 2664 2362 2722 sanctum
2413 2652 2735 2722 Adalber-

201 2753 350 2811 tum
398 2742 687 2824 devoti0,
741 2754 806 2812 et
850 2742 1002 2833 ejus
1059 2742 1553 2812 monasterium
1590 2740 2060 2813 benevolentia
2104 2740 2344 2822 extitit,
2397 2739 2491 2822 id,
2545 2741 2733 2829 quod

197 2831 342 2931 jam
388 2830 994 2903 commemoraturi
1028 2853 1297 2913 sumus,
1351 2843 1620 2921 gestum
1654 2841 1779 2900 est.
1816 2828 2143 2899 Paludem
2175 2830 2487 2899 effecerat
2521 2829 2734 2899 maris

202 2920 563 2991 inundatio
594 2976 610 3002 ,
662 2920 863 3011 cujus
909 2919 1292 2990 etiamnum
1340 2918 1623 3010 vestigia
1672 2939 1783 2987 ma
1839 2940 1926 2987 na
1974 2929 2372 3009 supersunt.
2424 2922 2518 2987 Ea
2586 2918 2735 3009 ple-

201 3030 495 3110 rumque
528 3009 772 3100 hyeme
820 3008 1236 3091 increscenS,
1289 3008 1457 3078 adeo
1504 3013 1767 3098 Egmon
1820 3006 1969 3077 ensi
2014 3007 2426 3077 monasterio
2475 3006 2735 3078 solebat

200 3096 589 3181 imminere,
643 3110 719 3168 ut
764 3119 967 3189 aegre
996 3097 1083 3169 ab
1115 3097 1267 3187 ejus
1292 3096 1561 3167 ambitu
1607 3095 1826 3166 arceri
1856 3106 2106 3187 posset.
2160 3094 2469 3178 Quadam
2498 3107 2736 3166 autem

202 3185 448 3274 hyeme
495 3186 654 3277 plus
684 3187 884 3258 solito
923 3185 1299 3269 inundans,
1343 3207 1430 3276 pa
1480 3207 1520 3255 o
1559 3185 1808 3265 vicino,
1838 3204 2047 3271 quem
2075 3184 2429 3254 Castriken
2463 3197 2732 3265 vocant,

201 3295 338 3343 non
390 3275 802 3347 mediocrem
851 3296 1177 3367 agrorum
1224 3286 1288 3346 et
1336 3296 1414 3344 ae
1468 3275 1612 3344 ium
1659 3273 2109 3344 vastationem
2161 3272 2579 3342 minabatur.
2623 3277 2737 3342 In-

199 3362 389 3434 colae
417 3376 648 3436 autem
695 3364 848 3455 ejus
943 3386 979 3433 a
1034 3364 1213 3454 iper
1257 3362 1328 3433 id
1362 3375 1638 3453 tempus
1670 3374 1735 3433 et
1763 3362 2035 3453 generis
2082 3362 2462 3442 nobilitate,
2519 3373 2584 3432 et
2634 3383 2736 3431 re-

203 3474 357 3522 rum
394 3454 592 3544 copia
642 3474 894 3543 praepo
928 3452 989 3524 le
1038 3463 1190 3523 ant:
1242 3474 1420 3555 quae
1471 3473 1580 3522 res
1612 3450 1755 3523 illis
1793 3450 2221 3532 insolentiae,
2273 3451 2734 3520 contentionis

196 3553 263 3611 et
309 3543 686 3613 multorum
722 3541 1063 3613 malorum
1117 3539 1422 3613 fomitem
1454 3540 1936 3633 suggerebant.
1992 3538 2101 3609 Illi
2159 3561 2323 3631 ergo
2371 3539 2734 3610 concitatis

199 3629 455 3700 animis
476 3643 540 3701 et
573 3642 837 3702 armata
860 3652 1076 3701 manu
1114 3630 1552 3722 Egmundam
1600 3629 1906 3710 veniunt,
1943 3649 2265 3719 aggerem
2303 3627 2518 3697 undis
2546 3628 2735 3718 obje-

202 3731 389 3789 ctum
440 3720 860 3812 perfringere
895 3719 1221 3800 volenteS,
1258 3718 1330 3789 id
1368 3717 1553 3805 quod
1588 3718 1736 3789 sine
1762 3739 2016 3808 magno
2048 3717 2448 3788 monasterii
2478 3716 2733 3786 damno

203 3807 352 3878 fieri
400 3831 536 3880 non
579 3819 861 3901 poterat.
914 3811 1056 3878 Hac
1094 3818 1324 3877 autem
1358 3806 1620 3876 ratione
1649 3806 1878 3877 undas
1912 3812 2371 3877 tumescentes
2404 3805 2504 3875 illi
2539 3828 2580 3875 a
2605 3827 2733 3876 suo

203 3917 376 3986 pago
425 3909 725 3969 avertere
771 3896 1255 3968 moliebantur.
1326 3894 1457 3964 Ubi
1502 3893 1671 3967 haec
1720 3894 1806 3964 ad
1855 3894 2133 3965 Abbatis
2182 3894 2552 3985 Stephani,
2610 3894 2734 3965 ad-

208 3982 485 4054 modum
539 3985 909 4057 venerandi
955 3985 1180 4066 senis,
1233 4004 1623 4074 pervenere,
1677 3982 1863 4070 quod
1919 3983 2185 4053 viribus
2235 4005 2373 4054 non
2424 3995 2723 4073 poterat,

201 4072 488 4144 consilio
525 4074 795 4166 egregie
841 4073 1199 4165 praestitit.
1230 4072 1412 4143 Misit
1446 4072 1632 4142 enim
1682 4070 1769 4140 ad
1803 4070 1982 4154 illos,
2037 4071 2377 4142 scrinium
2411 4093 2726 4152 aureum,

202 4160 273 4228 in
306 4182 444 4247 quo
478 4175 672 4233 erant
703 4184 936 4235 sacrae
975 4161 1307 4250 reliquiae
1336 4173 1402 4231 et
1438 4163 1583 4230 una
1613 4158 2057 4241 Adalardum,
2095 4160 2218 4247 qui
2246 4160 2311 4230 ei
2351 4160 2422 4230 in
2457 4159 2732 4229 Abbatis

200 4248 551 4321 functione
596 4252 949 4334 successit,
1000 4262 1077 4322 ut
1115 4262 1262 4322 tum
1296 4260 1693 4320 sanctorum
1741 4248 2141 4330 reverentia,
2186 4261 2334 4321 tum
2375 4247 2722 4329 Adalardi,

198 4337 322 4426 qui
369 4340 705 4432 sanguine
750 4341 1167 4433 conjunctus
1220 4351 1366 4409 erat
1432 4337 1596 4420 illis,
1654 4338 1777 4426 qui
1837 4338 1906 4407 in
1956 4337 2042 4408 iis
2101 4337 2458 4438 praecipui
2509 4336 2720 4417 fuere,

196 4428 521 4519 precibus
582 4430 893 4521 permoti,
953 4428 1041 4501 ab
1116 4450 1197 4501 ea
1252 4427 1633 4500 temeritate
1707 4427 2137 4499 absisterent.
2190 4431 2268 4497 At
2327 4425 2432 4495 1lli
2506 4436 2733 4495 mente
