3357 4995
227 305 447 372 JUNII
496 308 578 371 24
920 324 998 371 na
1042 325 1415 373 Nanvm‘re
1463 328 1518 374 s.
1571 324 1837 373 Joaums
1886 324 2065 370 narr.
2554 309 2681 373 503

230 407 557 478 Filiorum
590 407 1078 497 procreationis
1130 409 1394 480 nullam
1428 410 1606 481 duco
1641 409 1995 478 rationem.
2044 413 2184 477 Non
2222 430 2597 499 possumus
2647 411 2760 478 in-

227 496 420 588 gredi
470 496 617 565 sine
664 495 933 577 baculo,
980 510 1043 567 et
1062 497 1397 588 jubemur
1427 500 1590 569 dare
1629 519 1909 589 operam
1960 497 2220 566 liberis.
2277 502 2604 569 Senectus
2641 519 2763 567 ne-

229 585 411 676 gavit
462 598 797 653 naturam.
839 591 981 654 Non
1013 608 1126 657 ero
1174 587 1493 675 frequens
1539 588 1610 656 in
1663 586 1921 677 templo
1970 584 2050 654 ad
2104 585 2503 656 obeundum
2557 587 2768 655 mini-

235 675 545 755 sterium,
599 672 713 742 sed
762 674 1145 744 conducam
1191 677 1526 746 nutricem
1579 689 1855 767 propter
1911 673 2264 745 infantem.
2323 674 2523 745 Nulla
2595 675 2768 745 mihi

230 785 341 833 res
386 775 486 831 est
535 783 695 831 cum
732 760 1103 833 liberorum
1158 765 1645 853 procreatione.
1710 769 1973 846 Quaero
2023 763 2314 833 salutem
2377 762 2640 854 populi,
2695 774 2759 833 et

239 851 461 942 gentis
507 850 918 933 felicitatem,
956 864 1021 920 et
1052 853 1357 943 gentium
1407 854 1892 942 captivitatem,
1945 865 2009 921 et
2060 865 2362 923 nostram
2415 853 2765 943 prosperi-

238 952 484 1010 tatem:
540 961 673 1008 non
710 951 935 1009 autem
973 941 1166 1031 pueri
1200 941 1399 1012 fletus
1437 955 1501 1012 et
1532 942 1804 1021 fasciaS,
1859 952 1923 1009 et
1975 941 2391 1011 nutrimenta
2445 940 2765 1031 puerilia.

324 1031 360 1115 ξ
409 1033 501 1099 6.
556 1031 812 1097 Horum
863 1050 988 1118 ego
1046 1029 1308 1100 nullam
1363 1031 1540 1101 duco
1597 1030 1954 1100 rationem.
2024 1028 2377 1113 Quomodo
2426 1031 2615 1099 enim
2667 1030 2766 1098 in·

238 1117 470 1184 veniat
509 1130 699 1207 pater
739 1118 1050 1206 germani
1098 1118 1268 1188 filii?
1318 1125 1640 1190 Senectus
1701 1116 1968 1207 repellit
2009 1118 2315 1188 modum.
2357 1123 2447 1202 Ea
2499 1141 2606 1188 res
2666 1131 2771 1188 est

238 1205 563 1294 deinceps
609 1227 648 1274 a
696 1216 942 1275 natura
991 1206 1237 1276 aliena.
1295 1208 1483 1278 Unde
1522 1209 1652 1278 hoc
1684 1207 1941 1277 sciam?
2003 1211 2169 1275 Ecce
2230 1207 2537 1275 membra
2597 1207 2766 1275 mihi

245 1304 567 1363 tremunt.
632 1298 799 1363 Ecce
875 1294 1065 1364 vides
1116 1296 1476 1367 amborum
1540 1308 1978 1368 senectutem.
2043 1300 2209 1364 Ecce
2282 1294 2534 1384 aspicis
2593 1295 2768 1364 uteri

239 1381 802 1451 imbecillitatem.
859 1388 1024 1452 Ecce
1095 1384 1385 1455 intueris
1439 1385 1613 1454 colla
1665 1398 1895 1455 nostra
1947 1382 2031 1539 'lin
2100 1397 2347 1452 terram
2411 1383 2764 1453 inclinata.

247 1476 486 1540 Totum
522 1492 775 1560 corpus
800 1473 1157 1542 emarcuit.
1210 1473 1390 1543 Nihil
1438 1485 1881 1564 expectamus
1911 1495 1946 1540 a
1982 1471 2124 1552 iud,
2162 1472 2293 1540 nisi
2322 1471 2564 1541 falcem
2588 1494 2770 1542 mor-

241 1561 348 1629 tis,
391 1559 629 1649 Spicae
668 1559 813 1649 jam
847 1573 1007 1630 sunt
1064 1574 1372 1631 maturae
1411 1563 1496 1632 ad
1549 1583 1864 1632 messem.
1913 1560 2103 1628 Unde
2151 1559 2278 1629 hoc
2318 1564 2772 1650 cognoscam?

246 1648 313 1717 Si
360 1670 523 1738 ergo
573 1669 808 1716 verum
860 1650 1144 1719 omnino
1192 1650 1389 1732 dicis,
1429 1675 1468 1721 o
1507 1649 1778 1741 Angele,
1832 1649 1920 1718 da
1983 1649 2150 1718 mihi
2186 1649 2466 1739 signum
2528 1648 2771 1719 arrhae

241 1738 483 1826 gratia,
518 1749 582 1805 et
628 1736 902 1805 credam
960 1738 1422 1827 promissioni.
1460 1739 1731 1828 Accipio
1767 1738 2317 1828 promissionem,
2362 1738 2416 1805 si
2453 1737 2770 1806 miraculi

245 1825 513 1895 videam
557 1824 1009 1895 effectionem.
1054 1830 1268 1897 Aaron
1320 1828 1503 1897 enim
1554 1849 1691 1896 non
1747 1825 2171 1906 credidisset,
2229 1826 2362 1895 nisi
2409 1827 2600 1916 virga
2652 1827 2770 1894 flo-

250 1915 520 1985 ruisset.
576 1919 838 2002 Moyses
868 1937 990 2004 pro
1038 1928 1220 1986 certo
1266 1929 1330 1986 et
1364 1916 1561 1986 firmo
1591 1938 1724 1986 non
1756 1914 2130 1997 habuisset,
2172 1915 2302 1985 nisi
2336 1915 2485 2004 ejus
2521 1937 2770 1986 manus

247 2002 490 2073 fuisset
537 2001 872 2072 dealbata.
932 2003 1197 2074 Gedeon
1243 2027 1373 2076 non
1444 2004 1906 2084 intellexisset,
1961 2003 2096 2072 nisi
2145 2025 2257 2072 ros
2307 2002 2772 2074 descendisset

248 2092 317 2158 in
371 2090 611 2160 vellus.
652 2091 970 2160 Ezechias
1004 2115 1194 2182 spem
1238 2094 1618 2184 abjecisset,
1654 2093 1784 2162 nisi
1820 2092 1918 2162 sol
1968 2092 2209 2161 fuisset
2240 2091 2635 2191 impeditus.
2679 2097 2769 2160 Da

248 2200 410 2268 ergo
459 2191 533 2247 tu
580 2201 853 2266 quoque
917 2181 1220 2271 signum,
1279 2197 1344 2251 et
1392 2182 1654 2251 saltabo
1700 2181 2118 2272 juveniliter.
2174 2185 2267 2248 Da
2315 2202 2616 2270 stgnum,
2689 2202 2770 2249 ne

241 2267 581 2335 Elizabeth
634 2268 907 2357 profuse
934 2270 1171 2350 rideat,
1217 2271 1395 2341 sicut
1434 2275 1618 2340 Sara.
1677 2270 1864 2339 Unde
1891 2269 2018 2338 hoc
2049 2267 2288 2350 sciam,
2323 2268 2762 2359 Archangele‚

244 2356 365 2441 qui
411 2355 578 2424 haec
614 2356 1013 2446 significas?
1059 2359 1233 2441 Quid
1272 2359 1436 2428 mihi
1490 2360 1665 2430 dicis
1707 2380 1952 2427 nomen
1987 2357 2291 2437 infantis,
2333 2370 2398 2426 et
2443 2358 2617 2446 ejus,
2648 2358 2765 2443 qui

243 2465 380 2514 non
428 2443 640 2525 adest,
695 2445 978 2516 virtutes
1000 2448 1407 2518 enumeras?
1436 2447 1726 2518 Ostende
1769 2447 1938 2516 mihi
1971 2446 2150 2534 quod
2188 2459 2287 2516 est
2321 2467 2533 2536 supra
2569 2457 2766 2516 natu-

241 2554 412 2613 ram,
466 2546 541 2602 ut
581 2534 856 2603 credam
891 2536 1070 2622 quod
1106 2550 1206 2606 est
1257 2549 1519 2628 praeter
1553 2549 1894 2606 naturam.
1937 2537 2004 2606 Si
2044 2535 2215 2605 coeli
2263 2556 2638 2604 convexum
2692 2536 2762 2603 in

246 2634 506 2713 partem
548 2636 981 2693 convertatur
1026 2626 1464 2706 contrariam,
1525 2647 1651 2714 ego
1699 2645 1971 2712 quoque
2013 2624 2407 2693 renovabor.
2464 2623 2532 2693 Si
2580 2644 2768 2692 marc

244 2710 577 2800 suscipiat
631 2711 1160 2794 dimensionem,
1216 2713 1561 2784 Elizabeth
1601 2735 1876 2801 quoque
1920 2713 2158 2803 pariet.
2224 2713 2290 2781 Si
2321 2712 2419 2781 sol
2456 2733 2768 2801 compre-

239 2799 605 2880 hendatur,
650 2801 831 2870 sicca
890 2824 1162 2888 quoque
1202 2802 1415 2871 ubera
1450 2802 1619 2871 lacte
1652 2803 1889 2871 fluent.
1936 2804 2112 2871 Unde
2166 2803 2283 2870 hoc
2340 2802 2767 2891 sciam?qu

239 2890 412 2957 enim
444 2911 592 2957 sum
623 2912 829 2958 senem
862 2901 925 2959 et
953 2915 1131 2960 uoeor
1174 2915 1326 2960 mea
1352 2893 1669 2982 processit
1704 2893 1774 2959 in
1814 2892 2041 2959 diebus
2069 2892 2209 2958 suis
2232 2889 2477 2978 (Lucae
2528 2912 2573 2968 1,
2629 2888 2762 2989 48).

325 2979 483 3063 §2
538 2978 834 3068 Angelus
883 2992 1110 3048 autem
1169 2980 1336 3050 dicit
1392 2980 1788 3051 Zachariae:
1842 2984 1984 3047 Non
2051 2978 2275 3048 credis
2353 2982 2484 3046 Deo
2547 2998 2762 3046 omm-

237 3066 539 3155 potenti?
578 3067 808 3136 Nescis
846 3073 1052 3138 Deum
1135 3091 1287 3138 osse
1325 3069 1608 3137 omnia?
1648 3068 1893 3137 statuis
1924 3067 2190 3136 Domini
2230 3064 2758 3156 promissionem

240 3175 390 3223 esse
424 3155 772 3224 infirmam
806 3168 870 3224 et
903 3091 1338 3227 instabilem?
1364 3163 1532 3226 Eum
1583 3158 1706 3244 qui
1737 3157 1994 3225 bonum
2029 3155 2221 3224 affert
2253 3154 2374 3224 tibi
2401 3154 2761 3235 nuncium,

242 3263 377 3311 non
431 3244 680 3313 vereris
727 3245 1118 3315 examinare
1165 3268 1243 3315 ac
1296 3246 1732 3336 percontari?
1782 3243 1970 3313 Unde
2020 3244 2145 3313 hoc
2199 3243 2438 3323 sciam,
2478 3241 2675 3321 dicis,
2727 3265 2768 3311 o

244 3330 609 3401 Zacharia?
634 3337 806 3401 Num
853 3346 912 3402 te
946 3336 1208 3404 mittam
1243 3335 1311 3403 in
1350 3339 1747 3425 Aegyptum,
1790 3347 1865 3402 ut
1901 3345 2153 3402 terrore
2188 3330 2447 3402 afficias
2476 3332 2766 3400 Pharao-

245 3424 451 3488 nem?
506 3420 683 3490 Nihil
734 3420 894 3491 facit
943 3428 1119 3492 Deus
1169 3446 1378 3513 supra
1445 3426 1812 3494 naturam?
1860 3421 2144 3505 Quaeris
2195 3434 2479 3490 naturae
2530 3440 2767 3488 conse-

238 3510 631 3594 quentiam,
694 3532 828 3580 non
888 3510 1277 3582 divinitatis
1325 3511 1747 3581 effectionem
1820 3509 2354 3579 admirabilem?
2403 3508 2519 3577 Dic
2580 3508 2763 3577 enim

238 3596 434 3666 mihi:
492 3597 781 3668 Ubinam
822 3600 991 3669 fixae
1040 3613 1201 3670 sunt
1237 3601 1419 3691 ignis
1459 3602 1846 3671 columnae.
1889 3598 2065 3668 Coeli
2101 3597 2314 3667 moles
2345 3596 2630 3666 ubinam
2668 3608 2771 3665 est

236 3685 614 3755 collocata?
667 3687 956 3758 Ubinam
1012 3689 1460 3758 inveniuntur
1523 3688 1811 3759 nubium
1863 3687 2164 3758 cubilia?
2212 3684 2487 3754 Pluviae
2535 3698 2761 3754 autem

236 3786 422 3863 gutte
454 3775 740 3845 ubinam
782 3780 1282 3848 contexuntur?
1329 3783 1377 3847 N
1388 3778 1513 3847 ivis
1564 3800 1717 3847 vero
1748 3777 2038 3866 cespites
2071 3776 2355 3844 ubinam
2388 3774 2767 3843 excindun-

238 3867 399 3931 tur?
449 3863 623 3934 Solis
669 3887 918 3935 currus
963 3867 1081 3953 qui
1117 3878 1218 3937 est
1266 3867 1553 3955 aurlga‘?
1602 3871 1829 3935 Lunae
1878 3865 2312 3933 decremento
2349 3863 2509 3949 quis
2544 3864 2767 3952 impo-

238 3950 798 4022 nitterminum?
838 3960 1095 4024 Furens
1146 3977 1332 4023 mare
1373 3952 1718 4041 quomodo
1784 3963 2124 4024 reveretur
2172 3954 2503 4021 arenam?
2559 3956 2771 4019 Tene-

238 4036 401 4107 brae
456 4040 776 4131 caliginis
827 4043 1171 4129 quomodo
1217 4044 1719 4113 contexuntur?
1781 4043 1981 4122 Unde,
2038 4040 2295 4128 inquis,
2337 4042 2456 4109 hoc
2511 4040 2773 4108 sciam?

238 4128 411 4208 Erc‘s,
451 4128 699 4215 inquit,
753 4141 998 4213 tacens,
1033 4144 1095 4202 et
1123 4154 1253 4201 non
1328 4134 1525 4201 cteris
1561 4133 1750 4223 loqui
1774 4131 1973 4220 (Ibid.
2020 4131 2159 4216 20).

326 4222 363 4295 ἓ
411 4218 491 4287 S.
545 4221 595 4286 Ο
645 4220 1020 4310 benignum
1078 4243 1257 4321 supp
1292 4220 1528 4299 icium,
1590 4219 1774 4307 quod
1839 4216 2065 4288 effecit
2100 4217 2328 4307 potius
2393 4215 2766 4285 correctio-

237 4324 421 4371 nem.
460 4306 755 4395 Angelus
802 4308 987 4377 enim
1023 4309 1362 4399 castlgati
1418 4331 1564 4377 sam
1623 4328 1855 4377 vocem
1888 4328 2065 4394 quae
2113 4306 2305 4395 lapsa
2346 4304 2604 4403 suerat:
2666 4324 2770 4402 re-

234 4389 456 4461 frenat
503 4392 720 4483 ipsam
776 4396 1084 4487 linguam
1139 4420 1313 4484 quae
1382 4408 1575 4468 uerat
1631 4395 1984 4467 audacior.
2038 4400 2203 4464 Erat
2250 4393 2460 4473 enim,
2520 4402 2766 4476 mquit,
