3357 4995
693 338 822 404 6⁴0
1311 354 1391 400 na
1438 353 1492 399 s.
1547 353 1882 401 Amanum
1930 353 2168 402 natue.
2219 352 2420 401 nerse.
2795 336 3018 402 ιΙΙΙΝΙΙ
3066 337 3154 402 26

598 461 898 527 eumque
932 460 1005 509 se
1053 448 1617 529 recuperaturum
1669 436 2079 529 desperavit,
2128 437 2313 526 quod
2362 458 2442 507 eo
2491 438 2565 508 in
2625 436 2774 508 loco
2809 437 2901 507 sit
2943 439 3153 525 quasi

599 530 897 620 abyssus
943 526 1310 616 quaedam,
1363 535 1441 597 ut
1486 525 1753 596 audivit
1777 527 1958 599 beati
2004 526 2350 598 Anthelmi
2379 547 2630 597 nomen
2662 540 2729 597 et
2776 527 3145 609 miracula,

598 618 736 690 fide
778 629 847 689 et
879 638 1001 708 spe
1029 617 1403 699 animatuS,
1433 616 1619 685 venit
1664 615 1753 685 ad
1785 636 2062 688 sacrum
2099 636 2357 705 corpus
2387 615 2565 706 ejus,
2653 615 2966 704 ositoque
3003 616 3153 687 illic

597 728 794 778 cereo
855 726 1064 794 quem
1119 705 1189 775 in
1238 704 1388 796 ejus
1445 704 1779 775 honorem
1850 704 2279 785 confecerat,
2345 704 2418 773 in
2470 704 2608 794 vigi
2641 703 2744 776 ias
2789 716 2856 774 et
2904 727 3150 795 preces

598 795 941 877 incubuit,
999 814 1292 865 munera
1338 793 1612 875 obtulit,
1648 804 1805 864 vota
1845 792 2027 865 fecit.
2076 798 2295 868 Mane.
2320 805 2475 885 post
2520 792 2862 863 celebrata
2910 792 3154 864 divina

596 884 949 976 mysteria,
1010 904 1131 973 per
1162 882 1467 984 piissimi
1496 881 1909 953 confessoris
1939 883 2184 953 merita
2214 880 2300 952 de
2337 880 2571 951 divina
2607 881 2967 953 confidens
3015 883 3150 953 mi-

598 972 976 1055 sericordia
1005 970 1210 1041 rediit
1260 972 1348 1043 ad
1397 974 1655 1053 locum,
1695 995 1735 1042 a
1847 994 1938 1043 uo
1987 983 2293 1043 moestus
2347 983 2744 1053 recesserat,
2791 993 2913 1061 spe
2965 970 3156 1043 bona

596 1062 818 1134 factus
848 1060 1174 1132 hilarior:
1225 1072 1292 1133 et
1322 1083 1481 1134 ecce
1513 1060 1697 1132 videt
1725 1082 1805 1130 ca
1857 1081 2016 1130 aver
2060 1060 2260 1148 equi,
2313 1080 2522 1147 quem
2571 1058 2849 1151 longius
2896 1059 2966 1130 vi
3012 1060 3153 1131 flu-

597 1151 811 1221 minis
859 1161 1137 1241 raptum
1202 1171 1372 1224 cons
1423 1162 1695 1232 exerat,
1747 1149 1820 1219 in
1869 1160 2147 1240 portum
2201 1149 2494 1239 ejectum
2523 1203 2540 1231 ,
2594 1170 2877 1236 remque
2943 1170 3148 1220 suam

600 1261 879 1310 omnem
931 1238 1193 1310 salvam
1234 1251 1299 1309 et
1345 1175 1684 1320 ifiaesam,
1727 1260 1893 1308 cum
1932 1260 2099 1308 sane
2125 1237 2583 1308 admiratione
2602 1237 2898 1327 dignum
2936 1252 3142 1320 esset,

598 1328 898 1399 sericum
952 1326 1127 1397 nihil
1171 1326 1662 1410 madefactum,
1717 1325 1893 1397 nihil
1954 1326 2101 1397 ulla
2147 1347 2229 1397 ex
2278 1338 2469 1417 parte
2523 1339 2959 1416 corruptum.
3011 1331 3149 1397 Ita-

597 1439 734 1506 que
764 1416 997 1488 ablata
1035 1416 1337 1499 sarcina,
1391 1418 1612 1489 solius
1657 1415 1819 1504 equi
1839 1416 2189 1506 Jacturam
2224 1436 2361 1485 non
2397 1414 2976 1506 magnipendenS,
3011 1421 3147 1486 Deo

598 1519 665 1577 et
746 1505 1016 1575 iissimo
1047 1505 1200 1595 eJus
1227 1505 1611 1579 confessori
1657 1504 1916 1596 gratias
1943 1504 2106 1597 egit,
2143 1503 2504 1592 laetusque
2531 1504 2889 1574 abscessit.

686 1529 741 1683 ξ
772 1600 867 1667 6.
936 1591 1064 1663 Sed
1116 1593 1175 1664 si
1215 1614 1342 1685 ego
1373 1617 1479 1666 ·ea
1537 1595 1796 1675 omnia,
1848 1614 2027 1682 quae
2072 1592 2422 1684 benignus
2468 1597 2647 1664 Deus
2695 1614 2818 1683 per
2867 1615 3146 1665 servum

600 1704 809 1753 suum
838 1680 1253 1760 mirabiliter
1282 1682 1553 1756 efficere
1592 1704 1730 1754 non
1770 1681 2049 1764 desinit,
2095 1693 2425 1753 annotare
2461 1681 2692 1764 velim,
2730 1693 3007 1773 tempus
3035 1689 3151 1752 me'

597 1771 828 1854 citiuS,
881 1792 1093 1859 quam
1128 1772 1438 1856 materia,
1506 1772 1800 1843 deficiet.
1853 1776 1999 1842 Non
2063 1793 2350 1862 possum
2398 1783 2628 1841 tamen
2695 1792 2916 1841 unum
2966 1770 3143 1841 illud

596 1859 1135 1952 praetermittere
1179 1859 1365 1948 quod
1418 1861 1706 1934 caeteris
1752 1861 1958 1952 longe
2002 1859 2409 1932 antecellere
2454 1860 2749 1931 videtur.
2806 1858 3144 1930 Fiscillia-

594 1971 757 2019 cum
797 1960 1042 2019 vocant
1087 1971 1232 2030 rus,
1272 1950 1458 2037 quod
1494 1973 1536 2021 a
1580 1949 1946 2022 Bellicensi
1991 1950 2163 2021 urbe
2196 1970 2313 2020 sex
2347 1949 2540 2020 abest
2572 1948 3020 2019 milliaribus.
3059 1953 3138 2019 In

594 2058 674 2107 eo
724 2036 1062 2128 puerulus
1120 2037 1405 2126 quidam
1478 2038 1687 2111 trium
1750 2038 2024 2108 circiter
2069 2058 2439 2120 annorum,
2495 2049 2712 2108 matre
2767 2038 2920 2127 ejus
2966 2036 3136 2107 alibi

596 2148 768 2197 occu
820 2137 953 2210 ata,
1006 2126 1210 2197 domo
1239 2149 1582 2219 egressus,
1618 2126 2033 2218 longiusque
2052 2147 2183 2285 pro
2233 2148 2490 2201 ressuS.
2544 2126 2674 2196 hac
2729 2125 2891 2196 illac
2947 2148 3136 2197 erra-

595 2213 740 2285 bun
795 2237 879 2286 us
926 2215 1158 2307 vagari
1198 2217 1443 2308 coepit.
1473 2216 1694 2287 Tarda
1742 2215 2014 2286 tandem
2102 2236 2181 2286 or
2248 2214 2602 2286 recordata
2635 2227 2855 2286 mater
2890 2215 3134 2305 pigno-

596 2304 695 2373 ris
741 2305 887 2387 sui,
953 2304 1264 2392 undique
1321 2304 1940 2396 circumspicienS,
2004 2325 2131 2374 nec
2176 2316 2406 2374 tamen
2457 2303 2602 2373 ulla
2646 2304 2799 2394 ejus
2847 2303 3138 2394 vestigia

596 2393 965 2484 aspicienS,
1015 2403 1204 2463 metu
1233 2406 1299 2465 et
1332 2406 1622 2465 tremore
1668 2415 1862 2464 corre
1916 2405 2005 2477 ta,
2034 2392 2223 2483 quod
2271 2392 2452 2464 male
2490 2392 2605 2484 agi
2637 2415 2801 2463 cum
2852 2391 3139 2482 parvulo

596 2481 1091 2574 suspicaretur,
1128 2482 1674 2573 circumquaque
1703 2481 1876 2555 sedu
1905 2506 1947 2553 a
1985 2481 2382 2555 curiositate
2419 2481 2782 2572 inquisivit
2819 2503 3009 2552 eum.
3042 2480 3136 2552 Ad

592 2582 974 2642 extremum
1006 2570 1094 2642 ad
1130 2574 1675 2663 praeterfluentis
1708 2572 1838 2643 rivi
1881 2571 2155 2643 alveum
2186 2593 2261 2642 se
2300 2570 2695 2653 conferenS,
2728 2568 2911 2642 videt
2958 2569 3139 2641 filio·

592 2660 740 2730 lum
790 2681 996 2732 suum
1038 2660 1315 2750 lapsum
1366 2662 1437 2731 in
1471 2684 1711 2751 aquas:
1749 2681 2050 2750 cumque
2094 2660 2335 2752 procul
2386 2661 2476 2731 ab
2509 2659 2711 2749 aquis
2756 2681 3142 2750 corpuscu-

594 2748 739 2819 lum
780 2748 1024 2840 agitari
1064 2762 1392 2832 cerneret,
1436 2752 1840 2822 existimans
1866 2771 2029 2822 eum
2061 2748 2295 2820 adhuc
2323 2749 2568 2830 vivere,
2604 2748 2677 2818 in
2704 2748 3145 2839 hausterupit

591 2858 853 2907 vocem:
892 2842 1069 2909 Deus
1115 2849 1181 2909 et
1224 2851 1459 2910 sancte
1505 2839 1865 2911 Anthelme
1914 2860 1956 2909 a
2002 2838 2201 2910 vobis
2246 2859 2532 2929 reposco
2594 2835 2820 2908 filium
2873 2857 3137 2908 meum.

596 2926 853 2996 Deinde
898 2926 1237 2998 accedens
1303 2928 1615 3020 propiuS,
1677 2940 1745 3001 et
1788 2948 1951 2999 eum
1996 2926 2362 2999 extrahens
2421 2927 2512 2998 ab
2556 2926 2781 3015 aquiS,
2847 2937 2925 2996 ut
2970 2925 3146 2996 vidit

592 3015 1007 3097 exanimem,
1048 3015 1295 3086 vellere
1339 3017 1654 3108 capillos,
1711 3015 2027 3089 scindere
2073 3028 2316 3097 vestes,
2370 3038 2584 3106 genas
2631 3014 2993 3107 unguibus
3040 3014 3144 3084 la-

596 3125 852 3186 cerare,
881 3104 1138 3262 pugnis
1170 3104 1527 3177 verberare
1560 3117 1825 3197 pectus,
1869 3104 2118 3175 vallem
2149 3125 2426 3176 omnem
2463 3103 2744 3174 moestis
2791 3102 3144 3195 complere

598 3192 888 3262 clamori
940 3215 1025 3263 us
1062 3193 1308 3283 coepit,
1362 3194 1691 3267 miseram
1740 3217 1812 3267 se
1849 3192 2257 3276 vociferans,
2310 3205 2378 3263 et
2423 3193 2695 3283 sibiipsi
2735 3191 2974 3265 volens
3020 3191 3144 3262 ad—

598 3280 771 3350 ferre
812 3304 1086 3351 manus
1123 3283 1432 3355 Accurrit
1476 3305 1636 3354 vero
1684 3295 1876 3375 pater
1920 3282 2194 3365 anxiuS,
2247 3280 2570 3352 advolant
2616 3281 2827 3351 vicini
2865 3280 2951 3351 ad
2996 3292 3141 3351 tam

602 3369 1079 3441 miserandum
1129 3393 1161 3439 s
1214 3371 1600 3444 ectaculum
1630 3428 1646 3454 ‚
1712 3372 1947 3442 dolent
2005 3371 2248 3442 vicem¹
2280 3383 2645 3462 parentum
2694 3370 3139 3442 miserorum.

601 3458 770 3528 Inde
817 3459 1105 3530 domum
1203 3471 1555 3551 eportatur
1587 3483 1783 3552 puer,
1836 3461 1960 3531 diu
2004 3458 2294 3542 fovetur,
2326 3459 2446 3531 sed
2480 3482 2618 3531 non
2666 3458 2969 3541 calescit,
3015 3479 3145 3529 nec

599 3547 976 3636 quicquam
1047 3547 1119 3617 in
1185 3571 1265 3618 eo
1339 3549 1565 3621 vitalis
1621 3550 1909 3640 spiritus
1993 3548 2536 3639 deprehenditur
2569 3604 2584 3631 ,
2636 3570 2794 3619 cum
2845 3570 2887 3617 a
2936 3567 3145 3617 mane

596 3658 819 3725 usque
867 3638 938 3706 in
995 3659 1349 3728 vesperam
1399 3637 1538 3709 fere
1586 3638 1904 3709 confotus
1950 3650 2151 3707 esset.
2190 3638 2410 3729 Igitur
2455 3638 2542 3708 de
2588 3638 2740 3707 e‘us
2778 3635 3144 3727 sepultura

598 3726 854 3817 agitur,
909 3726 1027 3795 sed
1079 3739 1294 3796 mater
1333 3749 1405 3797 se
1451 3728 1762 3819 opponit,
1819 3726 2300 3815 constantique
2332 3726 2565 3797 animo
2650 3725 2802 3796 icit:
2857 3730 2907 3795 E
2957 3746 3140 3795 oca-

595 3815 803 3884 daver
848 3813 1059 3884 feram
1102 3815 1189 3884 ad
1238 3816 1511 3886 beatum
1562 3821 1899 3886 ²loannem
1950 3828 2016 3885 et
2063 3829 2377 3885 sanctum
2425 3815 2863 3886 Anthelmum
2963 3813 3143 3884 omi-

597 3925 766 3972 num
802 3923 1061 3973 meum.
1117 3904 1327 3974 Credo
1360 3927 1598 3975 eorum
1654 3904 1915 3974 meritis
1964 3927 2005 3973 a
2044 3904 2333 3974 Domino
2381 3905 2771 3975 restitutum
2829 3902 3006 3975 mihi
3053 3902 3147 3972 iri

588 3992 817 4062 filium
863 4014 1120 4073 meum,
1156 4015 1361 4080 quem
1397 4007 1677 4084 propter
1712 4006 1988 4085 peccata
2031 4015 2182 4063 mea
2227 3993 2516 4064 abstulit
2546 3992 2717 4062 mihi
2759 3990 2953 4062 fraus
3005 3991 3145 4061 ini-

593 4081 781 4151 mici.
838 4080 963 4150 Illa
1013 4081 1111 4151 sic
1177 4084 1512 4162 instante,
1567 4096 1760 4173 pater
1824 4081 2092 4172 parvuli
2151 4081 2645 4172 corpusculum
2681 4136 2696 4163 ,
2766 4081 3147 4151 comitante

591 4183 809 4242 matre
850 4182 916 4240 et
964 4169 1234 4251 vicinis,
1288 4172 1359 4241 in
1410 4171 1769 4241 ecclesiam
1823 4169 2267 4241 Bellicensem
2318 4170 2622 4252 adducit,
2684 4182 2750 4239 et
2804 4168 2890 4239 ad
2955 4169 3144 4239 beati

587 4259 931 4331 Anthelmi
964 4258 1285 4350 deposuit
1312 4260 1737 4350 sepulcrum.
1773 4261 2067 4330 Aderant
2098 4262 2251 4348 ejus
2282 4260 2475 4328 urbis
2510 4258 2834 4360 permulti
2875 4259 3146 4329 utrius-

589 4371 723 4438 que
771 4371 973 4419 sexus
997 4348 1338 4429 homines,
1383 4351 1505 4437 qui
1538 4372 1653 4420 eos
1696 4349 1910 4419 secuti
1947 4362 2142 4419 erant
2172 4349 2240 4418 in
2292 4349 2678 4430 ecclestam,
2710 4347 2969 4435 quibus
3007 4348 3144 4417 rni-

590 4460 782 4510 serae
832 4438 1069 4509 matris
1136 4437 1433 4509 lamenta
1495 4451 1560 4509 et
1606 4439 1844 4509 fideles
1905 4461 2182 4529 preces,
2263 4437 2605 4528 lacrymas
2664 4436 3135 4507 excutiebant.
