3357 4995
235 314 456 382 JUNII
502 314 588 380 27
1019 333 1099 380 m:
1146 332 1203 381 s.
1257 332 1581 383 sursomt
1626 332 2001 383 xaNonocno
2569 315 2697 381 6⁴5

240 418 456 487 Dabat
486 437 646 486 vero
668 436 835 506 opes
882 437 1021 486 non
1072 436 1299 509 parce,
1354 439 1480 488 nec
1533 417 1897 510 paulatim,
1953 416 2071 488 sed
2123 438 2248 486 nec
2295 418 2615 507 guttatim
2679 416 2790 487 di-

242 505 538 587 stillans,
597 504 715 575 sed
765 504 1044 595 profuse
1108 505 1484 576 admodum
1554 518 1620 578 et
1690 507 1902 597 large,
1948 506 2313 587 ambabuS,
2366 517 2443 576 ut
2502 506 2783 589 dicitur,

241 595 570 665 manibus
616 592 979 665 effundens
1014 594 1085 664 in
1111 607 1381 665 ventres
1429 608 1844 687 pauperum,
1882 607 2001 665 aut
2048 594 2542 667 esurientium:
2579 593 2790 682 idque

236 705 378 753 non
428 683 665 765 semel,
727 694 849 752 aut
894 682 1027 764 bis,
1074 682 1193 753 sed
1291 706 1366 754 er
1413 695 1625 755 totam
1663 684 1899 754 vitam.
1982 684 2057 753 Ei
2104 683 2292 753 enim
2341 705 2617 775 semper
2678 705 2790 754 ae-

232 772 491 859 qualis,
534 783 599 840 et
631 791 793 841 cum
823 793 903 841 eo
943 771 1206 842 nutrita
1260 773 1359 843 uit
1388 772 1848 864 eleemosyna.
1889 777 2251 843 Servorum
2275 784 2505 842 autem
2548 794 2792 864 greges

231 861 516 931 nolebat
562 860 870 950 amplius
915 859 1104 951 apud
1154 883 1226 931 se
1273 883 1555 932 manere
1604 883 1827 950 neque
1873 862 1946 931 in
1988 883 2220 932 servos
2257 862 2360 931 uti
2387 883 2543 932 arro
2595 876 2793 931 anter

233 949 575 1042 imperio:
640 947 758 1019 sed
821 949 1048 1038 potius
1110 948 1446 1031 libertate,
1519 951 1941 1041 dignabatur
1987 950 2311 1040 ingenue,
2365 950 2465 1021 eis
2511 884 2791 1021 affiunde

222 1038 579 1130 praebens
637 1036 824 1125 quod
865 1038 953 1107 ad
999 1038 1255 1110 victum
1297 1039 1666 1110 sufficeret.
1720 1040 1898 1123 Quid
1946 1039 2133 1109 enim
2172 1038 2236 1107 ei
2269 1061 2446 1128 opus
2475 1051 2620 1109 erat
2652 1060 2793 1109 ser—

227 1127 453 1197 vitute
481 1126 876 1209 hominum,
929 1127 1052 1215 qui
1085 1150 1159 1197 se
1188 1150 1425 1199 verum
1449 1142 1514 1200 et
1539 1151 1947 1220 germanum
1985 1150 2259 1199 servum
2313 1128 2601 1198 Domino
2627 1150 2791 1197 con—

232 1216 674 1287 secraverat?
720 1214 830 1284 Sic
878 1215 1109 1303 itaque
1156 1217 1225 1284 in
1277 1216 1638 1288 facultates
1686 1218 2017 1297 affectuS,
2073 1227 2139 1286 et
2206 1217 2463 1303 quibus
2529 1229 2790 1307 tempo-

230 1304 507 1375 ralibus
556 1317 882 1391 tanquam
925 1304 1224 1375 vinculis
1256 1304 1546 1389 laxatus,
1599 1318 1744 1376 erat
1784 1328 1855 1376 re
1886 1328 2044 1375 vera
2075 1303 2244 1374 levis
2290 1317 2356 1375 et
2401 1306 2785 1388 accinctus,

231 1407 304 1464 et
339 1415 483 1463 una
558 1392 793 1463 uidem
846 1392 1105 1476 tunica,
1135 1416 1278 1464 uno
1307 1409 1537 1466 autem
1561 1394 1823 1465 famulo
1843 1406 2229 1465 contentus
2287 1394 2542 1463 Deinde
2572 1394 2791 1464 Roma

231 1481 480 1553 relicta
580 1482 641 1552 ic
690 1482 793 1549 vir
837 1483 1160 1574 egregius
1186 1484 1254 1552 in
1293 1484 1473 1554 hanc
1521 1506 1768 1554 novam
1820 1484 2002 1553 venit
2032 1488 2348 1564 Romam,
2401 1482 2646 1564 divini,
2680 1482 2792 1551 in-

229 1592 476 1660 quam,
531 1570 956 1640 Constantini
1004 1572 1370 1642 civitatem.
1407 1578 1620 1661 Atque
1667 1594 2007 1661 quaenam
2057 1571 2340 1660 quidem
2382 1593 2540 1641 eum
2578 1592 2792 1642 causa

235 1660 692 1752 permoverit,
748 1680 1183 1748 nequaquam
1248 1682 1532 1751 possum
1602 1661 1853 1731 dicere.
1910 1659 2036 1731 Sed
2086 1681 2224 1730 non
2275 1660 2425 1729 sine
2475 1661 2592 1729 Dei
2657 1682 2790 1730 nu-

234 1749 456 1830 mine,
524 1769 746 1835 neque
809 1749 1093 1819 omnino
1165 1750 1500 1820 inutiliter
1547 1763 1859 1821 versatus
1913 1761 2015 1819 est
2077 1749 2146 1819 in
2199 1748 2329 1819 hac
2377 1748 2572 1839 regia
2620 1748 2790 1818 civi-

234 1849 415 1909 tate:
468 1836 536 1905 in
588 1858 729 1924 qua
773 1847 874 1905 est
920 1837 1124 1907 etiam
1161 1859 1437 1907 sacrum
1486 1839 1635 1925 ejus
1685 1860 1940 1929 corpus
1975 1838 2378 1927 repositum,
2421 1837 2791 1909 thesaurus

237 1938 753 2005 sacrosanctuS,
806 1924 1081 1995 divitiae
1126 1948 1304 2014 quae
1338 1927 1625 1997 minime
1656 1939 2194 2008 consumuntur,
2229 1926 2549 1997 omnium
2602 1946 2790 1996 mor-

235 2018 496 2086 borum
532 2013 940 2084 remedium.

324 2105 365 2190 §
412 2106 505 2174 8.
560 2103 685 2172 Hic
749 2125 913 2193 ergo
960 2104 1151 2173 omni
1198 2126 1279 2173 ex
1328 2116 1520 2196 parte
1566 2127 1866 2196 magnus
1915 2109 2228 2183 Samson,
2284 2124 2446 2171 cum
2484 2102 2569 2172 ad
2606 2103 2790 2173 hanc

227 2193 659 2283 pervenisset
690 2192 1060 2273 civitatem,
1101 2194 1169 2262 in
1210 2193 1510 2281 quadam
1542 2216 1752 2284 parva
1789 2206 1854 2263 et
1887 2192 2139 2263 humili
2169 2191 2376 2261 domo
2402 2191 2783 2261 habitabat.

225 2286 310 2351 In
369 2281 667 2369 proximi
688 2293 918 2351 autem
945 2304 1115 2351 cura
1146 2282 1448 2373 gerenda
1494 2283 1842 2352 assiduus,
1879 2287 2045 2352 Nam
2082 2303 2243 2351 cum
2273 2281 2452 2349 hanc
2502 2280 2789 2349 domum

224 2369 692 2460 benignitatis
753 2382 1240 2460 argumentum
1322 2385 1388 2442 et
1444 2372 1817 2471 gratuitam
1881 2369 2153 2440 fecisset
2214 2367 2598 2450 officinam,
2674 2388 2790 2438 eos

227 2457 360 2548 qui
392 2459 630 2530 morbo
666 2458 1178 2549 premebantur,
1212 2460 1509 2551 hospitio
1538 2460 1942 2551 excipiebat,
1975 2473 2039 2531 et
2063 2458 2362 2529 fraterne
2409 2457 2784 2528 tractabat:

222 2569 359 2618 nec
428 2548 655 2618 solum
706 2549 775 2617 in
828 2570 945 2618 eos
1008 2549 1200 2619 omni
1242 2550 1562 2619 utebatur
1617 2552 1787 2620 cura
1834 2562 1898 2618 et
1955 2547 2361 2639 diligentia,
2415 2558 2491 2617 ut
2548 2546 2790 2616 volunt

223 2639 426 2728 leges
455 2637 649 2719 artiS‚
704 2637 823 2706 sed
873 2650 937 2707 et
984 2637 1245 2719 cibum,
1286 2650 1351 2707 et
1380 2637 1609 2708 cubile
1655 2639 1757 2709 eis
1797 2638 2253 2729 impertiebat.
2297 2636 2787 2706 convenienter

234 2713 497 2797 Christi
548 2727 955 2817 praeceptiS,
1021 2727 1269 2817 partim
1338 2726 1619 2814 quidem
1691 2740 1950 2807 artem,
2005 2726 2251 2817 partim
2303 2736 2532 2794 autem
2584 2737 2792 2812 atque

234 2815 420 2886 adeo
460 2815 684 2904 magis
730 2815 1100 2886 ostendens
1123 2816 1439 2906 gratiam.
1480 2815 1608 2885 Ubi
1640 2816 1826 2884 enim
1853 2828 1954 2886 est
1988 2815 2153 2885 artis
2189 2836 2390 2902 opuS,
2416 2814 2793 2883 daemones

233 2902 626 3006 expellere,
679 2914 746 2972 et
811 2905 1206 2975 morborum
1283 2904 1670 2974 mirabilem
1738 2904 2005 2973 efficere
2074 2903 2546 2973 curationem?
2604 2908 2792 2985 Quae

288 2991 527 3064 uidem
561 2994 624 3060 ei
674 2992 918 3075 facere,
963 3015 1095 3063 non
1149 2993 1382 3064 minus
1422 3016 1629 3081 quam
1661 2992 1856 3074 velle,
1895 3004 2040 3063 erat
2068 2991 2291 3062 facile.
2337 2997 2414 3061 Et
2435 2991 2546 3080 (ut
2574 2991 2789 3060 semel

230 3018 502 3170 dicam)
549 3081 833 3151 alterius
879 3081 1159 3169 quidem
1210 3082 1473 3169 aliquid
1524 3082 1740 3162 aliud,
1796 3083 2149 3151 Samsonis
2196 3092 2423 3149 autem
2478 3079 2791 3170 hospita-

230 3172 398 3241 litas
447 3182 512 3239 et
552 3170 711 3240 beni
767 3170 966 3250 nitaS‚
1022 3184 1088 3240 et
1126 3171 1195 3239 in
1324 3183 1515 3240 entes
1556 3169 2052 3251 misericordia,
2082 3182 2226 3239 erat
2259 3169 2428 3238 adeo
2477 3169 2784 3259 propria,

228 3275 312 3330 ut
363 3281 489 3350 pro
541 3261 695 3327 emo
748 3280 867 3327 um
923 3258 1172 3329 rediret
1219 3193 1323 3328 aeff
1359 3260 1829 3330 necessitatem
1873 3273 2200 3330 naturae:
2248 3257 2426 3327 sicut
2465 3256 2787 3344 Soliqui-

228 3349 393 3419 dem
432 3348 474 3416 il
514 3348 852 3428 uminare,
907 3347 1054 3438 igni
1087 3360 1317 3417 autem
1367 3370 1587 3417 urere.
1627 3349 1803 3418 Hinc
1860 3349 2066 3418 etiam
2116 3346 2343 3416 evadit
2382 3345 2790 3417 manifestus

231 3438 321 3519 ei,
369 3436 495 3525 qui
527 3448 692 3506 tunc
739 3447 884 3505 erat
923 3437 1171 3506 Christi
1196 3436 1523 3506 Pontifex.
1550 3437 1881 3508 Bonitatis
1912 3438 2096 3506 enim
2126 3434 2453 3526 splendor
2484 3446 2550 3504 et
2574 3433 2790 3504 decus

226 3548 371 3608 eOS,
426 3525 552 3614 qui
599 3547 751 3594 eam
799 3536 1136 3606 exercent,
1191 3526 1324 3595 cito
1424 3526 1712 3616 ropalat.
1771 3532 1837 3596 Is
1886 3539 2114 3596 autem
2156 3535 2301 3593 erat
2349 3529 2603 3603 Mena5‚
2657 3524 2792 3591 vir-

236 3628 381 3685 tute
444 3636 586 3683 non
634 3614 1001 3684 obscurus.
1056 3619 1132 3683 Et
1178 3615 1264 3683 ab
1322 3614 1441 3684 ilo
1489 3614 1853 3685 ordinatur
1923 3613 2269 3693 sacerdos,
2319 3612 2600 3701 triginta
2640 3611 2792 3702 jam

226 3726 456 3775 annos
512 3714 737 3784 natUS,
790 3714 856 3770 et
911 3702 1306 3793 paulopluS.
1370 3703 1624 3772 Deinde
1684 3704 1746 3773 ei
1793 3704 1997 3773 etiam
2056 3700 2280 3772 evadit
2350 3699 2785 3783 manifestuS,

226 3793 351 3878 qui
400 3790 936 3861 administrabat
969 3791 1373 3881 Imperium.
1428 3791 1502 3860 Id
1539 3804 1771 3862 autem
1819 3814 1899 3860 ex
1947 3813 2025 3860 eo
2073 3789 2347 3860 accidit:

318 3883 491 3968 §4-
550 3880 986 3950 Justinianus
1049 3879 1328 3967 quidem
1394 3894 1537 3949 erat
1599 3881 1722 3968 qui
1784 3880 2200 3971 imperabat,
2266 3876 2471 3965 quus
2531 3889 2597 3946 et
2659 3880 2798 3947 Im-

282 3970 408 4038 erii
458 3970 870 4039 diuturnum
923 3967 1053 4039 fuit
1100 3980 1398 4060 tempus,
1454 3981 1519 4038 et
1565 3970 1704 4038 vita
1739 3968 2051 4039 illustris,
2134 3968 2208 4037 Ei
2257 3967 2545 4037 morbus
2594 3965 2797 4036 incu-

285 4056 388 4125 uit
433 4058 632 4128 valde
677 4058 930 4148 graviS‚
967 4080 1125 4128 cum
1160 4058 1221 4127 ei
1261 4056 1437 4127 male
1487 4057 1730 4127 affecta
1775 4069 2004 4129 essent
2053 4056 2412 4148 pudenda,
2452 4067 2518 4125 et
2572 4053 2799 4125 vesica

237 4146 432 4299 {ravi
489 4146 829 4217 laboraret
875 4146 1128 4218 ulcere.
1181 4151 1395 4233 Atque
1437 4144 1554 4215 ille
1600 4146 1884 4233 quidem
1955 4146 2364 4237 patiebatur,
2410 4154 2478 4212 et
2526 4141 2796 4213 labora-

291 4243 381 4314 at,
429 4256 552 4304 nec
586 4234 857 4308 dolores
889 4235 1066 4306 ferre
1097 4247 1381 4326 poterat.
1421 4235 1497 4304 Ei
1529 4247 1761 4304 autem
1800 4246 1945 4304 erat
1973 4233 2484 4304 circumfusum
2511 4252 2798 4302 examen

244 4320 716 4406 medicorum,
774 4337 840 4396 et
885 4326 1069 4395 circa
1113 4346 1299 4407 eum,
1355 4336 1433 4393 ut
1494 4344 1643 4394 mos
1690 4335 1837 4405 est,
1912 4323 2199 4394 aderant
2246 4341 2500 4412 magno
2571 4319 2802 4392 studio

244 4407 713 4500 disputantes:
772 4413 948 4497 Quid
1010 4435 1173 4505 ergo
1249 4413 1670 4504 Imperator?
1719 4418 2084 4500 Postquam
2160 4412 2329 4480 vidit
2391 4431 2506 4479 eos
2577 4408 2801 4480 multa
