3357 4995
668 254 795 321 436
1106 311 1109 316 Α
1255 275 1331 320 ΒΕ
1380 273 1435 320 s.
1490 272 1827 322 Domnicio
1874 271 2072 320 Erisc.
2127 273 2202 320 ΕΤ
2247 273 2440 319 mur.
2810 254 3029 320 JUNII
3077 257 3115 319 ὃ

663 364 701 439 ἓ
754 362 841 428 2.
892 364 1046 427 Jam
1102 379 1305 448 porro
1352 367 1508 427 ante
1555 358 1791 427 omnia
1837 369 2504 426 commemoraturus
2548 377 2747 437 sum,
2799 377 2934 443 qua
2996 354 3117 425 de-

574 446 844 516 votione
900 468 1064 545 erga
1132 445 1469 516 Fuldense
1535 446 2031 515 monasterium
2098 443 2305 514 fuerit
2365 443 2863 514 Carlomannus
2925 445 3117 533 prin-

573 556 757 625 σερε,
801 534 871 604 id
903 557 1091 604 enim
1141 535 1390 604 rationi
1434 548 1977 605 consentaneum
2026 533 2318 614 videtur,
2353 553 2506 601 eam
2536 532 2651 602 hic
2683 532 3116 603 devotionem

571 644 1134 705 commemorare,
1173 636 1248 693 ut
1288 645 1424 692 non
1477 622 1678 692 modo
1731 623 1901 693 tanti
1949 621 2077 691 viri
2116 620 2554 691 declarentur
2600 621 2960 703 beneficia,
2996 623 3116 693 sed

569 713 775 782 etiam
826 711 1104 782 illorum
1157 709 1492 801 profectui
1537 711 1963 791 consulatur,
2025 732 2200 798 quos
2252 710 2514 811 optima
2560 710 2874 801 exempla
2927 712 3117 781 aedi-

568 801 819 870 ficant:
874 813 1022 871 tum
1055 822 1355 888 quoque,
1411 810 1487 869 ut
1534 799 1893 891 pudefiant
1939 798 2066 881 illi,
2118 799 2241 887 qui
2274 799 2435 869 licet
2490 800 2755 890 optima
2799 821 3116 887 quaeque

570 890 823 970 norint,
881 889 1175 968 videant,
1212 888 1522 980 audiant,
1576 901 1644 958 at
1693 888 2153 959 nihilominus
2188 889 2258 956 in
2294 909 2424 958 sua
2471 888 2775 975 nequitia
2808 891 3116 979 perseve-

568 990 747 1058 rant,
789 979 1012 1048 solum
1063 999 1180 1047 ore
1211 977 1614 1048 confitentes
1662 982 1901 1058 Deum,
1956 976 2153 1047 factis
2201 987 2572 1077 negantes:
2623 976 2941 1047 cordium
2991 1000 3113 1047 au·

570 1089 680 1139 res
727 1067 1020 1137 libenter
1071 1065 1672 1137 accommodantes
1720 1067 1806 1137 iis
1900 1087 2031 1135 uae
2079 1065 2324 1135 mundi
2372 1086 2678 1135 amorem
2749 1065 3111 1156 resipiant,

572 1178 775 1245 porro
823 1155 909 1225 ad
946 1155 1062 1224 Dei
1112 1176 1353 1245 praece
1407 1166 1473 1225 ta
1501 1177 1617 1225 eas
1650 1088 2111 1225 occludentes.
2161 1154 2487 1243 Princeps
2534 1175 2697 1244 ergo
2732 1153 2871 1234 ille,
2907 1176 3115 1241 quem

572 1244 899 1325 diximuS,
952 1237 1275 1331 quamvis‘
1306 1266 1346 1313 a
1387 1244 1767 1334 jacentium
1822 1243 2182 1333 regionum
2224 1242 2426 1312 bellis
2464 1241 2930 1325 infestaretur,
2982 1264 3118 1324 non

573 1345 799 1402 tamen
852 1333 938 1401 iis
977 1333 1200 1422 potuit
1230 1354 1271 1400 a
1318 1354 1668 1403 sacrorum
1709 1332 2018 1402 locorum
2066 1344 2132 1400 et
2179 1352 2535 1401 servorum
2601 1332 2718 1400 Dei
2787 1353 3116 1421 procura-

571 1423 754 1508 tione
802 1420 1179 1491 retardari:
1233 1419 1565 1491 nimirum
1629 1443 2043 1512 persuasum
2110 1420 2418 1499 habens,
2471 1441 2668 1489 arma
2726 1420 3070 1510 spiritalia
3094 1430 3121 1501 ,‘

569 1532 749 1597 quae
796 1522 958 1581 sunt
1006 1510 1290 1579 virtutes
1322 1509 1563 1591 animi,
1620 1508 1839 1579 multo
1886 1531 2035 1579 esse
2068 1509 2331 1598 potiora
2379 1507 2715 1578 validiora
2764 1530 2852 1578 ue
2902 1510 3114 1584 armis

570 1597 1026 1669 manufactis:
1082 1619 1301 1686 neque
1358 1598 1575 1668 ullam
1626 1597 1889 1667 habens
1937 1597 2267 1668 fiduciam
2308 1598 2378 1665 in
2430 1596 2713 1668 multitu
2766 1597 2879 1667 ine
2928 1615 3113 1668 exer-

566 1688 768 1768 cituS‚
824 1688 882 1757 si
915 1688 1199 1757 virtutes
1238 1687 1583 1778 spiritales
1631 1686 1972 1767 abessent,
2012 1686 2496 1756 convenienter
2528 1685 2632 1755 illi
2673 1687 3114 1777 propheticae

567 1776 980 1846 sententiae:
1034 1782 1178 1846 Non
1203 1779 1516 1845 salvatur
1563 1799 1692 1845 rem
1738 1799 1866 1866 per
1910 1778 2198 1845 multam
2231 1778 2575 1855 virtutem,
2637 1786 2698 1844 et
2752 1777 2958 1866 yz'qas
2992 1799 3114 1845 non

566 1867 944 1935 salvabitur
989 1867 1061 1934 in
1098 1866 1534 1948 multitudine
1564 1866 1839 1933 virtutis
1866 1886 2032 1934 suae
2057 1864 2196 1953 (Ps.
2224 1862 2362 1953 32).
2402 1868 2642 1950 Itaque
2678 1885 2842 1933 cum
2877 1865 3116 1934 omnia

570 1953 992 2026 Christianae
1025 1952 1379 2054 religionis
1408 1953 1595 2042 jura,
1626 1965 1706 2023 ut
1742 1975 1822 2022 ex
1849 1953 2326 2053 superioribus
2362 1963 2580 2041 potest
2627 1951 3106 2032 animadverti,

570 2055 716 2112 tuin
754 2041 1014 2132 pseudo
1045 2042 1465 2123 christianis,
1508 2054 1657 2111 tum
1708 2042 2071 2112 haereticis
2105 2040 2597 2132 profligandiS,
2650 2039 2736 2109 ad
2789 2045 2854 2110 S.
2915 2042 3111 2111 Boni-

568 2131 728 2200 facii
778 2131 1149 2201 consilium
1214 2130 1643 2211 correxisset,
1713 2129 1903 2199 iliius
1950 2130 2157 2200 etiam
2224 2130 2396 2200 votis
2441 2129 2514 2198 in
2572 2128 2903 2199 Fuldensi
2951 2152 3111 2200 con-

569 2219 896 2289 struendo
945 2220 1359 2289 monasterio
1388 2241 1524 2288 non
1556 2217 1795 2289 defuit.
1834 2223 2000 2288 Cum
2040 2218 2224 2287 enim
2261 2217 2485 2288 Abbas
2534 2218 2830 2288 Sturmis
2880 2217 3105 2288 locum

567 2308 807 2390 illum,
862 2308 985 2378 ubi
1035 2331 1222 2378 nunc
1270 2308 1481 2378 situm
1545 2319 1647 2378 est
1707 2307 1893 2378 idem
1954 2307 2494 2389 monasterium,
2549 2329 2711 2377 cum
2778 2305 3107 2377 fr‘atribus

566 2396 985 2484 quibusdam
1020 2397 1319 2467 incolere
1347 2397 1706 2486 coepisset,
1747 2397 2094 2483 situmque
2124 2394 2257 2465 loci
2284 2409 2519 2466 sancto
2547 2394 2900 2465 Bonifacio
2926 2419 3110 2466 com-

568 2485 980 2565 mendasset,
1037 2486 1137 2556 vir
1185 2499 1465 2558 sanctus
1513 2484 2364 2576 supplices-Carlomanno
2415 2506 2660 2576 preces
2699 2483 2978 2567 obtulit,
3021 2486 3109 2554 ita

567 2574 843 2647 dicens:
914 2581 1041 2646 Pro
1103 2588 1437 2675 perpetua
1501 2575 2052 2645 remuneratione
2110 2587 2227 2644 tua
2297 2574 2844 2664 omnipotentem
2899 2580 3108 2644 Deum

565 2686 787 2747 e10r0,
841 2665 900 2733 si
951 2664 1121 2733 mihi
1168 2686 1328 2734 cum
1377 2665 1560 2734 bona
1606 2663 1804 2733 venia
1831 2676 1949 2733 tua
1995 2663 2195 2732 liceat
2224 2663 2292 2731 in
2322 2662 2639 2732 orientali
2687 2662 2955 2733 ditione
3000 2677 3108 2732 tua

565 2753 1056 2822 monasterium
1107 2766 1526 2835 construere,
1579 2752 1928 2840 vitamque
1979 2751 2432 2822 monasticam
2475 2751 2855 2821 instituere.
2919 2757 3106 2821 Inve-

563 2841 799 2913 nimus
826 2842 1013 2910 enim
1047 2841 1277 2911 locum
1309 2842 1378 2911 in
1411 2841 1804 2912 Buchoniae
1828 2840 2210 2911 solitudine
2239 2839 2427 2930 apud
2461 2838 2752 2909 Fuldam
2785 2840 3099 2920 fluvium,

563 2930 815 3001 servire
862 2935 994 2999 Deo
1042 2930 1429 3001 volentibus
1477 2932 1651 3001 bene
1716 2942 2212 3021 opportunum,
2264 2928 2388 3016 qui
2437 2929 2524 3000 sit
2572 2941 2730 2998 tuae
2778 2928 3100 3009 ditioniS,

560 3018 999 3117 petimusque
1044 3032 1121 3089 ut
1169 3031 1284 3088 tua
1319 3019 1533 3109 pietas
1562 3041 1723 3089 eum
1764 3019 1964 3090 nobis
2012 3018 2270 3087 donare
2317 3017 2501 3099 velit,
2538 3029 2617 3087 ut
2645 3016 2716 3086 in
2768 3016 2890 3087 illo
2925 3016 3104 3087 Chri-

564 3119 666 3177 sto
717 3128 1120 3177 serviamus,
2135 3132 2166 3163 ο

650 3195 686 3282 ξ
733 3199 824 3267 8.
878 3195 998 3264 His
1045 3194 1324 3277 auditis,
1379 3195 1875 3265 carlomannus
1923 3195 2214 3265 laetatus
2245 3208 2369 3276 est,
2417 3193 2825 3281 cunctisque
2868 3215 3102 3284 proce-

558 3283 756 3353 ribus
804 3285 949 3355 suis
996 3284 1408 3365 convocatis,
1465 3305 1701 3375 preces
1749 3284 1969 3355 sancti
2016 3283 2336 3374 Episcopi
2370 3283 2471 3352 eis
2508 3283 2847 3373 exposuit,
2883 3296 2951 3353 et
2997 3303 3100 3352 co-

558 3394 708 3442 ram
749 3372 890 3442 illis
938 3372 1167 3442 locum
1216 3372 1415 3442 illum
1467 3371 1750 3442 tradidit
1787 3373 2146 3473 Episcopo,
2201 3372 2480 3444 dicens:
2536 3370 2889 3460 Quidquid
2926 3392 3002 3441 eo
3030 3371 3097 3437 in

560 3460 732 3541 locO,
774 3483 979 3547 quem
1031 3461 1229 3552 petis,
1274 3482 1462 3530 meae
1491 3473 1593 3531 est
1617 3461 1923 3542 ditioniS,
1962 3462 2048 3531 ab
2076 3460 2407 3531 hodierno
2439 3460 2551 3530 die
2583 3462 2652 3530 in
2679 3461 2801 3550 jus
2829 3458 3098 3557 Domini

560 3548 917 3631 transfero,
965 3549 1061 3619 ita
1087 3562 1165 3620 ut
1210 3549 1296 3619 ab
1345 3550 1709 3621 Occidente
1737 3563 1803 3621 et
1849 3550 2148 3630 Oriente,
2204 3550 2678 3640 septentrione
2722 3562 2787 3619 et
2818 3546 3096 3618 Meridie

557 3638 642 3708 ad
693 3640 823 3708 tria
873 3638 1092 3708 millia
1139 3660 1473 3729 passuum
1505 3639 1607 3709 illi
1656 3640 2121 3730 assignentur.
2159 3642 2302 3708 Hac
2329 3637 2508 3708 facta
2539 3638 2931 3718 traditione,
2969 3636 3096 3706 mi-

555 3728 643 3796 sit
688 3727 1006 3807 nuncios,
1058 3727 1181 3815 qui
1242 3727 1509 3798 nobiles
1556 3750 1798 3812 omnes
1847 3726 2357 3819 Grapfeldensis
2405 3727 2709 3829 regionis
2768 3745 3097 3796 convoca·

551 3829 726 3896 rent,
778 3838 1031 3973 eosque
1087 3816 1333 3885 obnixe
1383 3833 1851 3908 precarentur,
1904 3830 1980 3887 ut
2024 3816 2447 3905 quicumque
2502 3820 2871 3894 intra'eos,
2924 3834 3095 3900 quos

551 3904 878 3985 diximus,
954 3904 1179 3974 imites
1229 3905 1413 3994 juris
1460 3905 1727 3993 aliquid
1782 3906 2085 3987 haberet,
2141 3905 2556 3979 monasterio
2606 3927 2646 3975 a
2693 3916 2929 3973 sancto
2979 3906 3096 3999 Bo-

549 3992 803 4063 nifacio
869 3994 1335 4066 construendo
1384 3995 1454 4063 in
1505 3994 1624 4065 Dei
1666 3994 1946 4065 cultum
2001 3993 2369 4084 largiretur
2411 3993 2539 4084 (a).
2612 3993 2737 4065 Ubi
2801 3992 3098 4060 innotuit

546 4170 806 4224 diligenter
834 4172 1014 4220 caussa.
1042 4176 1254 4215 unanimi
1284 4170 1394 4216 voto
1422 4175 1633 4215 damnati
1663 4177 1777 4216 sunt
1798 4175 2077 4216 Aldebertus
2100 4176 2146 4215 et
2168 4175 2400 4221 Clemens,
2416 4184 2470 4215 ac
2488 4176 2663 4216 missae
2680 4174 2887 4215 Litterae
2907 4170 3096 4218 Aposto-

548 4227 671 4267 licae
701 4228 758 4268 ad
785 4227 1064 4269 Germaniae
1094 4230 1141 4268 et
1169 4229 1460 4269 Francorum
1488 4230 1739 4270 Praesules
1770 4231 1818 4270 et
1845 4227 2124 4270 universum
2152 4228 2354 4277 clerum,
2386 4238 2472 4270 nec
2501 4239 2596 4269 non
2624 4228 2682 4269 od
2711 4224 2860 4277 Reges
2880 4226 2928 4266 et
2944 4225 3094 4264 Duces

548 4282 745 4321 cunctos
775 4282 824 4320 in
853 4282 894 4321 S.
924 4282 1153 4322 Bonifacii
1183 4282 1655 4323 commendationem.

602 4332 665 4387 (α)
696 4334 827 4382 Quod
856 4335 946 4375 sub
973 4336 1116 4376 titulo
1148 4336 1215 4376 Sa.
1246 4336 1509 4376 salvatoris
1538 4339 1612 4376 est
1638 4337 1981 4381 consecratum,
2011 4336 2058 4376 et
2088 4336 2316 4375 severiori
2355 4336 2398 4375 S.
2431 4335 2674 4375 Benedicti
2709 4328 2886 4382 Regula
2920 4330 3092 4369 instru-

550 4388 694 4430 ctum.
722 4388 959 4430 fuldense
986 4389 1330 4431 Monosterinm
1358 4388 1482 4429 nulli
1510 4388 1602 4429 ruit
1630 4399 1687 4432 ex
1715 4387 2037 4431 celeberrimis
2059 4390 2342 4436 necandum,
2370 4388 2639 4429 cassinensi
2661 4387 2819 4428 italico
2840 4394 2921 4433 per
2938 4381 3093 4423 omnis
