3357 4995
645 276 776 341 270
1391 293 1469 341 nu
1517 294 1572 340 S.
1628 291 1954 342 nonnemo
2001 293 2276 342 nasum
2766 277 2987 343 JUNII
3038 279 3129 344 ⁴2

556 378 891 459 erudirer,
921 379 1171 466 Deique
1191 398 1496 447 amorem
1525 401 1566 447 a
1601 382 1861 449 sanctis
1880 378 2220 468 patribus,
2251 399 2639 468 puramque
2666 401 2746 448 ac
2774 380 3133 452 sinceram

556 468 762 538 fidem
814 468 1095 537 docerer
1139 480 1206 537 et
1245 466 1554 557 regulam
1593 467 1888 557 pietatis,
1929 466 2167 537 audivi
2201 479 2477 537 sanctos
2527 480 2758 557 patres
2813 470 3130 540 dicentes

555 558 642 627 de
679 555 1083 632 admirabili
1132 555 1381 646 pioque
1428 567 1494 625 et
1540 555 1864 647 religioso
1922 568 2113 647 patre
2148 568 2379 627 nostro
2429 555 2598 637 Elia,
2651 559 3114 643 quemadmo-

555 646 725 716 dum
775 647 837 715 ei
889 643 1173 715 fuerunt
1229 645 1408 714 vires
1448 667 1488 713 a
1537 649 1670 716 Deo
1719 644 2168 720 confirmatae
2217 667 2339 736 per
2389 644 2823 716 tolerantiam
2872 660 2946 717 et
2993 670 3121 738 pa-

555 734 867 806 tientiam
917 755 1159 805 eorum
1215 754 1394 820 quae
1443 733 1777 805 sustinuit
1825 735 1894 804 in
1947 738 2253 804 deserto:
2307 745 2373 803 et
2421 755 2668 805 rursus
2716 734 2803 804 de
2848 740 3127 814 Joanne

555 825 860 914 Baptista
896 834 963 892 et
1010 843 1480 914 praecursore,
1518 824 1633 893 cui
1681 823 1918 894 nullus
1956 846 2081 914 par
2113 824 2244 920 Γιῄῐ
2299 846 2380 893 ex
2434 823 2865 905 hominibus,
2921 836 2986 894 et
3032 825 3130 895 de

553 914 641 982 iis
679 933 859 999 quae
907 932 1157 1002 passus
1218 922 1318 980 est
1379 913 1448 979 in
1500 911 1875 983 solitudine
1921 935 2144 1000 usque
2184 912 2268 982 ad
2321 913 2534 993 diem,
2588 934 2727 998 quo
2776 913 3124 984 revelatus

553 1013 655 1071 est
705 1001 967 1072 Israeli.

641 1094 679 1178 ξ
725 1094 808 1163 S.
863 1113 900 1156 «
945 1090 1201 1179 Rogavi
1249 1102 1476 1160 autem
1528 1104 1801 1160 sanctos
1867 1102 2115 1180 patres,
2171 1090 2451 1160 dicens:
2507 1092 2685 1174 Quid
2729 1094 2946 1181 engo?
2991 1092 3125 1177 qui

553 1179 871 1249 habitant
897 1179 969 1248 in
1006 1177 1400 1258 solitudine,
1459 1192 1622 1249 sunt
1654 1179 1849 1256 vobis
1887 1181 2184 1268 majores
2217 1179 2406 1269 apud
2462 1185 2724 1250 Deum?
2771 1180 2915 1270 Ipsi
2954 1202 3117 1250 vero

555 1269 1051 1358 respondentes
1079 1267 1250 1335 mihi
1271 1267 1625 1337 dixerunt:
1667 1274 1840 1337 Sunt
1870 1269 2068 1340 nobis
2100 1269 2419 1358 majoreS,
2456 1268 2581 1337 fili.
2610 1274 2778 1339 Nam
2808 1290 2933 1337 nos
2957 1269 3119 1355 qui-

453 1436 460 1444 ,
553 1356 708 1426 dem
746 1355 918 1425 alter
963 1355 1254 1425 alterum
1283 1356 1599 1425 videmus
1626 1357 1956 1443 quotidie,
1997 1369 2062 1426 et
2091 1371 2360 1428 nostras
2387 1379 2681 1446 synaxes
2715 1359 3111 1427 communi-

552 1457 657 1515 ter
700 1445 1131 1515 celebramus
1168 1467 1329 1513 cum
1364 1445 1643 1535 gaudio,
1690 1458 1755 1514 et
1786 1447 2066 1531 quando
2105 1449 2478 1527 esurimuS,
2513 1447 2746 1517 cibum
2780 1458 3109 1537 paratum

551 1535 971 1604 invenimus
1005 1533 1333 1602 Similiter
1358 1535 1564 1603 etiam
1592 1536 1650 1603 si
1675 1535 2076 1615 sitien-imus,
2105 1535 2446 1605 habemus
2467 1557 2746 1621 aquam:
2772 1535 2912 1603 etsi
2943 1556 3118 1603 con-
3177 1617 3183 1621 ,

552 1622 778 1713 tigerit
826 1622 1125 1709 aliquem
1155 1634 1490 1692 nostrum
1540 1644 1692 1694 esse
1752 1623 2203 1724 imbecillum,
2248 1622 2367 1692 alii
2414 1645 2576 1692 eum
2630 1622 3105 1703 consolantur,

551 1722 911 1801 propterea
951 1710 1135 1797 quod
1171 1710 1484 1780 vivamus
1520 1713 2005 1782 communiter.
2057 1712 2249 1794 Quod
2302 1713 2362 1780 si
2411 1713 2617 1781 etiam
2667 1712 3107 1782 esculentum

548 1799 826 1886 aliquod
863 1799 1505 1880 desideraverimuS,
1534 1801 1661 1870 hoc
1689 1801 1867 1869 inter
1904 1822 2025 1870 nos
2054 1801 2661 1872 communicamus
2695 1812 2969 1891 propter
2987 1802 3113 1870 Dei

546 1889 975 1958 charitatem.
1008 1888 1139 1970 Qui
1171 1902 1399 1957 autem
1449 1889 1764 1958 habitant
1814 1891 1882 1957 in
1935 1889 2331 1968 solitudine,
2374 1902 2538 1959 sunt
2570 1890 2811 1959 remoti
2855 1893 2942 1959 ab
2991 1889 3107 1958 his

546 1977 896 2047 omnibus,
934 1977 1285 2046 Undenam
1338 1977 1522 2045 enim
1575 1978 1744 2048 haec
1773 1980 1873 2047 eis
1923 2000 2054 2076 sup
2108 1983 2418 2048 eterent?
2467 1978 2660 2060 Quod
2698 1979 2758 2047 si
2805 2000 2922 2048 eos
2973 1978 3106 2046 ali-

543 2066 823 2153 quando
852 2066 1176 2135 invaserit
1202 2065 1501 2146 afflicti0‚
1529 2066 1630 2135 vel
1660 2066 1920 2136 bellum
1949 2090 2028 2135 ex
2084 2088 2301 2152 aqueo
2332 2066 2732 2146 adversarii,
2766 2067 2886 2135 ubi
2914 2068 3111 2136 inve·

544 2154 736 2224 nient
783 2155 1163 2233 hominem,
1201 2155 1332 2247 qui
1355 2167 1624 2223 mutare
1666 2158 1882 2245 possit
1932 2170 2255 2237 mentem,
2311 2168 2430 2225 aut
2474 2156 2873 2228 consolari?
2920 2156 3107 2238 Quin

541 2244 748 2313 etiam
785 2245 840 2311 si
874 2242 1050 2312 desit
1087 2243 1188 2311 eis
1221 2242 1444 2323 cibus,
1483 2266 1618 2313 non
1668 2258 1770 2315 est
1822 2244 2019 2313 facile
2052 2266 2212 2313 eum
2263 2244 2615 2331 consequi.
2666 2245 2996 2314 Similiter
3045 2246 3103 2315 si

545 2332 824 2401 invadat
847 2333 1020 2413 sitis,
1048 2331 1147 2400 eis
1168 2352 1345 2417 aqua
1374 2352 1509 2401 non
1562 2333 1777 2402 adest.
1834 2335 1936 2403 lbi
1971 2347 2224 2412 autem,
2256 2354 2295 2401 o
2323 2333 2551 2412 frater,
2582 2334 2881 2402 maxime
2923 2332 3106 2402 labo-

542 2434 718 2502 rant,
758 2421 874 2508 qui
929 2432 1094 2490 sunt
1139 2420 1570 2508 hujusmodi,
1607 2422 1889 2509 quando
1926 2434 2237 2492 statuunt
2278 2422 2725 2491 solitudinem
2761 2429 3104 2512 occupare

541 2509 627 2579 ad
679 2510 1162 2590 habitandum,
1199 2522 1263 2578 et
1294 2531 1407 2578 ma
1459 2511 1517 2580 is
1551 2511 2070 2601 amplectuntur
2104 2513 2498 2580 servitutem
2552 2513 2621 2580 in
2658 2515 2896 2592 Deum,
2934 2525 2998 2580 et
3028 2534 3103 2581 se

541 2599 824 2669 tradunt
870 2599 1360 2678 exercitationi,
1443 2622 1668 2669 amem
1720 2613 1784 2669 et
1833 2600 2018 2669 sitim
2057 2600 2275 2689 parati
2326 2601 2691 2683 sustinere,
2727 2614 2794 2671 et
2826 2599 3100 2670 occulta

539 2687 723 2757 bella
771 2688 924 2774 ejus
969 2688 1090 2774 qui
1129 2700 1231 2756 est
1279 2686 1480 2758 bonis
1529 2688 1820 2758 infestus
1845 2689 2337 2759 contendentes
2385 2690 2681 2769 vincere,
2725 2701 2792 2759 et
2820 2711 3102 2759 omnem

539 2777 724 2844 viam
774 2788 1032 2846 arctam
1086 2777 1155 2844 in
1191 2777 1480 2846 Domino
1532 2791 2040 2867 persequentem,
2094 2789 2171 2847 ut
2207 2799 2649 2865 nequaquam
2681 2790 3100 2868 superentur

539 2866 628 2935 ab
677 2866 951 2934 insania
1001 2862 1399 2934 adversarii.
1441 2871 1504 2935 Is
1552 2866 1737 2935 enim
1778 2888 2050 2957 semper
2089 2866 2341 2946 studet,
2384 2867 2477 2935 im
2532 2866 2960 2937 edimentum
2994 2867 3099 2935 ai-

537 2953 714 3022 ferre
765 2954 852 3021 iis
911 2953 1032 3039 qui
1082 2953 1244 3023 talia
1292 2953 1710 3034 desiderant,
1766 2968 1830 3024 et
1887 2977 2003 3024 eos
2054 2967 2334 3035 tentare,
2378 2967 2455 3025 ut
2542 2977 2758 3025 onum
2800 2977 3094 3046 scopum

539 3041 860 3121 retardet,
899 3064 985 3110 ne
1013 3056 1463 3132 permaneant
1491 3044 1563 3112 in
1614 3044 2119 3126 exercitatione,
2155 3057 2219 3113 et
2249 3057 2767 3130 consequantur
2799 3045 2915 3113 Dei'
2948 3066 3100 3113 mu-

538 3130 993 3211 nificentiam,
1031 3131 1312 3218 quando
1358 3132 1701 3201 excedunt
1750 3155 1786 3201 e
1834 3154 2118 3224 corpore
2153 3156 2165 3198 :
2219 3132 2785 3219 quandoquidem
2820 3133 2906 3202 ad
2947 3154 3089 3212 eos,

536 3218 659 3306 qui
709 3219 1051 3289 sustinent
1083 3221 1153 3288 in
1206 3221 1710 3302 exercitatione,
1753 3223 2060 3311 pervenit
2095 3222 2273 3290 bona
2324 3222 2595 3291 Domini
2640 3222 2855 3291 nostri
2890 3222 3097 3291 mise-

537 3307 862 3390 ricordia,
899 3307 985 3377 ad
1033 3330 1112 3377 ea
1161 3309 1672 3380 remuneranda
1711 3332 1890 3396 quae
1916 3322 2197 3400 propter
2242 3332 2403 3379 eum
2439 3311 2943 3381 sustinuerunt.
2976 3311 3098 3379 His

535 3417 697 3466 vero
745 3397 832 3466 ab
883 3397 1037 3483 eJus
1087 3398 1345 3467 sanctis
1392 3397 1692 3489 Angelis,
1739 3401 1862 3485 qui
1895 3398 1978 3468 ad
2032 3400 2218 3489 ipsos
2270 3399 2661 3478 mittuntur,
2706 3398 3098 3471 nutrimen-

538 3497 683 3555 tum
723 3485 1228 3575 suppeditatur,
1284 3497 1350 3555 et
1414 3509 1593 3575 aqua
1624 3509 1706 3557 ex
1758 3499 1969 3577 petra,
2011 3488 2191 3558 sicut
2230 3487 2426 3556 docet
2462 3488 2675 3556 Isaias
2731 3488 3093 3578 Propheta,

535 3573 722 3660 quod
772 3574 893 3660 qui
942 3586 1222 3665 sperant
1272 3574 1343 3644 in
1395 3576 1707 3655 Domino,
1765 3577 2137 3646 mutabunt
2174 3576 2693 3645 fortitudinem:
2740 3589 3103 3648 assument

535 3682 825 3752 pennae,
872 3661 1052 3733 sicut
1100 3662 1412 3750 aquilae:
1458 3677 1761 3744 current,
1803 3677 1867 3733 et
1907 3687 2043 3734 non
2105 3665 2552 3734 laborabunt:
2608 3666 3092 3747 ambulabunt,

534 3764 599 3820 et
634 3772 771 3821 non
804 3751 1147 3822 deficient.
1203 3757 1279 3821 Et
1316 3774 1563 3824 rursus
1592 3753 1793 3823 dicit:
1843 3755 1911 3822 Si
1962 3754 2279 3831 sitierint,
2319 3753 2553 3824 afferte
2599 3754 2699 3823 eis
2733 3775 2989 3841 aquam
3017 3775 3093 3823 ex

533 3852 748 3930 petra.
806 3841 1144 3929 Fiuntque
1173 3841 1274 3910 eis
1303 3841 1556 3911 herbae
1603 3863 1783 3929 quae
1832 3855 1995 3913 sunt
2043 3843 2113 3911 in
2151 3842 2550 3923 solitudine,
2596 3842 2802 3913 dulce
2853 3844 2923 3912 in
2973 3864 3092 3912 ore

533 3927 696 4018 plus
734 3951 944 4016 quam
981 3930 1140 3999 mel.
1196 3930 1390 4012 Quod
1440 3931 1497 4002 si
1544 3931 1644 4001 eis
1694 3952 1971 4018 quoque
2031 3930 2336 4000 laborem
2387 3931 2635 4000 exoriri
2690 3932 3080 4022 contigerit,

531 4029 652 4086 aut
699 4018 960 4087 bellum
1002 4018 1402 4099 adversarii,
1456 4018 1626 4089 dum
1668 4032 1968 4111 surgunt
1992 4042 2073 4089 ea
2100 4021 2270 4090 hora
2300 4042 2440 4107 qua
2470 4020 2907 4090 extendentes
2938 4043 3089 4090 ma-

529 4127 669 4175 nus
717 4107 1055 4177 accedunt
1103 4107 1187 4176 ad
1240 4108 1635 4189 Dominum,
1682 4112 1912 4179 statim
1953 4110 2053 4178 eis
2105 4109 2407 4199 desuper
2454 4111 2544 4180 ab
2592 4110 2745 4199 ipso
2795 4109 3093 4179 mittitur

530 4194 873 4265 auxilium
899 4219 912 4261 :
966 4196 1603 4296 dispergunturque
1634 4199 1724 4268 ab
1749 4200 1849 4267 eis
1883 4219 2124 4283 omnes
2152 4199 2561 4268 tentationes
2589 4209 2869 4289 propter
2898 4199 3090 4288 ipso-

529 4305 690 4353 rum
741 4285 812 4352 in
862 4305 1022 4354 eum
1080 4285 1563 4355 rectitudinem
1621 4299 1686 4355 et
1732 4308 1852 4356 cor
1900 4308 2180 4375 purum.
2236 4293 2378 4359 Non
2430 4287 2667 4356 audita
2703 4300 2864 4357 sunt
2910 4310 2951 4356 a
2998 4299 3084 4367 te,

532 4395 574 4442 o
653 4370 779 4454 fili,
861 4394 936 4441 ea
999 4394 1176 4460 quae
1235 4374 1552 4445 feruntur
1604 4376 1675 4444 in
1715 4375 2091 4465 Scriptura,
2154 4397 2399 4467 nempe
2445 4375 2630 4462 quod
2702 4381 2879 4448 Deus
2943 4395 3082 4444 non
