3357 4995
193 346 407 415 JUNII
457 351 541 413 25
641 347 647 356 ’
898 368 976 413 na
1025 368 1077 413 s.
1135 367 1443 416 mamma
1492 365 1660 412 vnio,
1715 365 1790 411 ET
1837 367 2026 412 mar.
2516 353 2642 417 545

281 455 317 536 ξ
371 454 539 522 20.
612 449 1079 519 Praesidentes
1126 451 1339 541 igitur
1389 449 1672 520 Selenus
1718 461 1783 517 et
1832 451 2305 536 LysimachuS,
2366 455 2731 542 jusserunt

196 539 596 609 Febroniam
645 559 875 607 coram
927 540 1100 608 sisti.
1178 538 1303 608 Illa
1343 540 1571 627 itaque
1618 538 2040 618 intromissa,
2100 542 2425 611 manibus
2475 543 2721 624 vincta,

197 629 460 698 catenis
508 628 712 696 etiam
764 626 939 696 collo
987 627 1272 718 illigata,
1318 629 1413 699 ibi
1462 628 1785 698 constitit.
1826 631 1975 708 Qua
2006 629 2172 709 visa,
2219 630 2458 699 turbae
2492 653 2733 703 omnes

197 717 695 806 lacrymarunt,
732 728 933 804 atque
961 717 1471 806 ingemuerunt.
1501 722 1806 803 Cumque
1832 716 1902 783 in
1935 717 2605 874 mediumdproducta
2629 743 2734 790 es-

194 819 316 886 set,
339 806 548 895 jussit
582 804 865 874 Selenus
948 818 1287 874 raesentes
1317 828 1356 874 a
1384 804 1687 875 tumultu
1714 805 2060 874 desistere.
2090 811 2238 888 Quo
2306 830 2464 878 cum
2493 831 2734 879 omnes

194 895 547 973 fecissent,
602 892 771 963 dixit
812 897 890 963 Se
920 916 1095 964 enus
1146 894 1584 984 Lysimacho:
1633 899 2046 983 «Interroga
2095 896 2455 965 mulierem
2503 899 2732 979 istam,

200 996 262 1053 et
282 1006 432 1052 eam
459 983 981 1071 respondentem
1018 983 1285 1052 audias.
1322 989 1549 1052 »Tunc
1569 983 2046 1070 Lysimachus:
2073 989 2270 1073 «Age,
2303 985 2731 1067 adolescen5‚

194 1072 336 1141 dic:
394 1073 742 1148 Liberane‚
795 1093 880 1139 an
915 1093 1107 1141 serva
1144 1072 1301 1141 es'?»
1351 1077 1517 1141 Tum
1571 1070 1904 1141 Febronia
1932 1073 2305 1161 respondit:
2367 1079 2542 1175 «Ego
2570 1096 2727 1144 sum

194 1181 410 1230 serva.
435 1160 935 1247 ——Cujusnam,
985 1161 1210 1247 inquit
1235 1160 1371 1240 ille,
1401 1183 1594 1229 serva
1618 1161 1758 1230 es‘h
1791 1165 1865 1228 At
1891 1161 2244 1231 Febronia:
2278 1161 2570 1232 «Christi
2606 1187 2732 1233 an-

193 1250 357 1318 cilla
404 1271 529 1339 ego
551 1270 732 1317 sum.
762 1289 851 1297 —
899 1250 1283 1330 Quodnam,
1315 1250 1541 1335 inquit
1567 1249 2040 1338 Lysimachus,
2079 1271 2327 1320 nomen
2382 1253 2502 1322 tibi
2553 1257 2730 1322 est‘b)

194 1339 316 1407 Cui
366 1336 717 1428 respondit
767 1337 1131 1408 Febronia:
1188 1338 1626 1407 «Christiana
1675 1360 1801 1428 ego
1852 1360 2073 1417 vocor,
2130 1339 2416 1409 humilis
2446 1341 2731 1428 quidem

194 1441 256 1496 et
304 1428 641 1516 abjecta.»
674 1432 843 1495 Turn
875 1426 1357 1512 Lysimachus:
1413 1433 1712 1496 «Nomen
1741 1440 1937 1495 tuum
1973 1428 2182 1516 cupio
2213 1429 2408 1498 scire.
2446 1472 2530 1482 —-
2554 1430 2726 1512 Dixi,

202 1516 427 1602 inquit
477 1514 632 1594 illa,
699 1534 806 1594 me
879 1516 1334 1584 Christianam
1383 1538 1572 1585 esse:
1631 1515 1924 1602 quodsi
1977 1538 2225 1586 nomen
2277 1540 2508 1587 meum
2562 1520 2738 1589 scire

206 1606 335 1684 vis,
392 1616 609 1673 mater
658 1604 1057 1673 Febroniam
1092 1626 1201 1673 me
1250 1606 1592 1673 vocavit.»
1642 1610 1833 1673 Tunc
1868 1603 2153 1674 Selenus
2193 1607 2404 1694 jussit
2433 1607 2739 1695 Lysima-

200 1694 410 1762 chum
467 1715 505 1761 a
553 1692 951 1778 quaestione
999 1692 1345 1772 desistere,
1393 1707 1456 1761 et
1506 1695 1653 1783 ipse
1700 1692 1926 1782 coepit
1973 1693 2375 1763 Febroniam
2427 1696 2524 1764 sic
2573 1694 2740 1764 allo-

196 1782 362 1868 qui:
417 1786 720 1850 «Norunt
767 1781 889 1861 dii,
927 1803 1035 1850 me
1084 1783 1171 1850 ita
1205 1781 1812 1860 affectum·fuisse,
1852 1794 1930 1850 ut
1968 1795 2188 1852 tecum
2227 1783 2411 1869 loqui
2447 1784 2733 1854 nollem:

201 1870 320 1939 sed
374 1870 702 1956 quoniam
755 1871 1213 1940 mansuetudo
1260 1887 1326 1941 et
1373 1871 1681 1959 aequitas
1732 1884 1871 1950 tua,
1916 1892 2075 1939 cum
2127 1872 2644 1971 pulchritudine
2674 1885 2741 1941 et

208 1959 429 2028 forma
478 1959 752 2049 egregia
798 1960 1188 2049 conjuncta,
1234 1960 1488 2030 suroris
1528 1962 1660 2028 mei
1693 1974 1758 2028 et
1804 1958 2324 2049 indignatlonis,
2363 1983 2571 2048 quam
2616 1962 2738 2030 ad-

204 2069 451 2116 versus
498 2061 560 2116 te
608 2069 1103 2137 conceperam,
1151 2048 1701 2140 magnitudinem
1754 2060 2193 2137 superarunt,
2247 2071 2380 2118 non
2433 2050 2739 2140 amplius

202 2149 264 2203 te
315 2149 391 2205 ut
440 2158 650 2217 ream,
706 2137 819 2206 sed
872 2150 950 2208 ut
995 2137 1209 2206 filiam
1261 2138 1720 2227 interrogabo.
1775 2139 1948 2206 Audi
1996 2159 2207 2227 erg0,
2263 2138 2442 2207 filia:
2510 2143 2737 2208 Testes

201 2223 423 2293 habeo
469 2225 656 2305 deOS,
710 2225 892 2312 quod
943 2248 1100 2295 vera
1162 2241 1323 2296 sunt
1356 2283 1371 2308 ,
1427 2249 1603 2314 quae
1650 2227 1827 2295 dico.
1885 2225 2113 2296 Multis
2164 2228 2478 2316 pecuniis
2526 2240 2590 2296 et
2638 2226 2738 2295 fa-

199 2312 578 2382 cultatibus
646 2313 1053 2404 locupletem
1107 2316 1465 2387 mulierem
1520 2315 1927 2403 Lysimacho
1975 2327 2041 2383 et
2087 2337 2121 2383 e
2172 2337 2212 2384 o
2259 2329 2323 2385 et
2370 2316 2737 2385 Anthimus

196 2400 404 2470 frater
466 2403 980 2493 copulavimus:
1037 2403 1153 2474 sed
1219 2416 1445 2474 tamen
1481 2459 1497 2484 ,
1551 2405 1608 2473 si
1658 2404 1858 2472 nobis
1918 2404 2053 2474 eris
2100 2426 2142 2472 o
2192 2404 2475 2484 ediens,
2530 2404 2736 2473 hodie

198 2491 604 2581 conjugium
653 2513 811 2562 cum
862 2491 1006 2561 filia
1056 2494 1422 2583 Prosphori
1468 2492 1948 2573 dissolvemus,
1994 2507 2059 2562 et
2090 2507 2311 2563 tecum
2363 2493 2447 2561 de
2496 2494 2736 2564 matri-

196 2580 433 2649 monio
499 2582 1011 2661 conveniemus»,
1065 2595 1130 2651 et
1175 2583 1313 2652 eris
1364 2582 1770 2671 Lysimacho
1811 2583 2061 2669 conjux
2091 2637 2110 2661 ‚
2168 2581 2415 2650 sedens
2463 2582 2550 2650 ad
2589 2583 2742 2672 eJus

197 2665 572 2748 dexteram,
625 2670 741 2739 cui
788 2692 914 2759 ego
955 2692 1142 2740 nunc
1192 2671 1483 2741 assideo.
1541 2669 1699 2750 Ille,
1760 2682 1834 2738 ut
1873 2669 2087 2750 vides,
2144 2670 2560 2760 perpulcher
2605 2684 2730 2750 est,

198 2757 789 2841 quemadmodum
838 2771 903 2828 et
941 2771 1036 2827 tu.
1091 2760 1265 2829 Audi
1297 2761 1507 2851 igitur
1552 2758 1923 2830 consilium
1970 2781 2226 2838 meum,
2261 2772 2338 2828 ut
2370 2760 2589 2848 patris
2614 2761 2735 2840 tui,

197 2856 264 2912 et
314 2857 376 2913 te
444 2846 813 2935 gloriosam
863 2847 1145 2917 reddam
1177 2904 1192 2929 ,
1247 2870 1468 2936 neque
1520 2858 1888 2938 paupertas
1952 2869 2258 2935 unquam
2313 2848 2620 2936 amplius
2681 2861 2743 2918 te

200 2932 479 3024 affliget.
534 2939 700 3004 Cum
751 2935 936 3004 enim
989 2937 1162 3005 mihi
1195 2959 1414 3024 neque
1446 2959 1639 3017 uxor,
1684 2958 1905 3023 neque
1932 2936 2058 3006 filii
2095 2936 2467 3026 supersint,
2506 2938 2744 3006 omnia

199 3042 353 3091 mea
404 3024 524 3093 tibi
574 3023 893 3114 elargiar,
938 3037 1003 3094 et
1050 3027 1363 3096 omnium
1415 3047 1723 3095 mearum
1779 3047 2008 3095 rerum
2058 3025 2412 3094 dominam
2465 3039 2526 3095 te
2575 3047 2742 3097 con—

202 3110 509 3181 stituam.
578 3118 757 3183 Haec
806 3114 1041 3182 omnia
1139 3136 1214 3185 ro
1277 3115 1432 3184 dote
1478 3114 1731 3184 addam
1801 3114 2208 3204 Lysimacho
2257 3136 2460 3193 meo,
2514 3126 2579 3184 et
2626 3136 2743 3183 ero

203 3199 399 3269 vobis
447 3203 666 3291 patris
714 3201 885 3283 loce,
939 3216 1006 3272 et
1053 3226 1097 3294 g
1127 3204 1422 3275 oriosam
1471 3225 1552 3272 ac
1590 3204 1859 3273 beatam
1909 3203 2140 3272 dicent
2190 3217 2250 3272 te
2295 3224 2537 3272 omnes
2590 3225 2743 3272 mu-

199 3284 443 3383 lieres,
501 3313 662 3360 cum
712 3290 1008 3361 viderint
1054 3306 1313 3379 quanto
1359 3293 1619 3362 honore
1665 3291 1878 3382 digna
1926 3292 2163 3360 eflecta
2213 3292 2331 3361 sis.
2389 3291 2746 3382 Largietur

199 3395 488 3468 1nsuper
529 3379 768 3449 multis
799 3381 1102 3450 victoriis
1134 3394 1419 3453 ornatus
1449 3386 1830 3472 Imperator
1857 3394 2086 3450 noster
2119 3381 2240 3450 tibi
2261 3380 2490 3450 -multa
2532 3381 2737 3450 dona:

199 3465 320 3563 qui
370 3468 579 3537 etiam
633 3469 954 3558 promisit
999 3491 1071 3540 se
1118 3471 1505 3549 facturum,
1581 3484 1656 3539 ut
1705 3470 2160 3559 Lysimachus
2208 3469 2549 3538 Praesidis
2599 3489 2745 3537 ma-

198 3564 567 3639 gistratum
665 3569 832 3627 erat.
885 3563 980 3627 En
1031 3559 1288 3631 audisti
1332 3560 1590 3629 omnia.
1662 3559 2024 3648 Responde
2071 3559 2282 3648 igitur
2345 3558 2519 3627 mihi
2569 3558 2746 3647 patri

198 3650 455 3742 tuo-ea
504 3645 626 3733 qui
678 3668 762 3717 us
813 3647 1165 3738 significes
1214 3660 1276 3716 te
1334 3647 1497 3717 deos
1545 3647 1817 3727 colere,
1873 3660 1939 3716 et
1985 3648 2074 3716 iis
2139 3648 2458 3716 animum
2511 3669 2745 3717 meum

199 3728 530 3824 exhllara.
592 3739 761 3805 Nam
826 3736 887 3805 si
944 3757 1075 3805 non
1134 3736 1412 3807 obedies
1455 3736 2048 3807 admonitionibus
2083 3736 2254 3805 meis
2290 3790 2305 3816 ,
2352 3735 2447 3804 dii
2489 3736 2741 3817 sciunt,

203 3826 298 3884 lta
344 3819 686 3905 futurum,
738 3836 818 3894 ut
862 3825 933 3893 in
982 3824 1309 3895 manibus
1357 3825 1529 3894 meis
1580 3846 1665 3893 ne
1714 3825 1938 3895 tribus
1984 3824 2262 3913 quidem
2307 3823 2496 3894 horis
2530 3825 2743 3901 vivas.

204 3903 440 3991 Itaque
476 3934 665 3983 nunc
714 3914 905 4003 aperi
945 3912 1168 3996 nobis,
1220 3912 1389 4002 quid
1440 3913 1770 3983 sentiaS.»

260 3994 346 4147 δί
382 4001 527 4073 ²1.
580 4002 675 4071 Ad
726 4001 892 4072 haec
927 4001 1294 4073 Febronia:
1350 4025 1387 4069 «
1429 4007 1592 4093 Eg0,
1650 4003 1913 4090 inquit,
1966 4025 2005 4072 o
2042 4001 2305 4082 sodex,
2365 4002 2749 4073 thalamum

210 4073 256 4142 h
348 4104 426 4153 eo
475 4090 547 4159 in
595 4089 806 4160 coelis
853 4112 989 4161 non
1027 4091 1526 4173 manufactum,
1573 4092 1855 4183 nuptias
1889 4091 2252 4182 possidens
2293 4091 2752 4163 indissolubi-

208 4161 333 4234 les:
369 4171 591 4248 dotem
626 4178 844 4249 habeo
876 4189 1094 4250 totum
1132 4179 1419 4252 coeleste
1451 4201 1769 4272 regnum.
1817 4184 2161 4271 Sponsum
2200 4181 2414 4271 igitur
2461 4183 2751 4252 immor-

209 4251 415 4327 talem
463 4286 623 4336 cum
657 4268 973 4351 habeam,
1027 4289 1163 4339 non
1215 4269 1437 4360 patior
1481 4291 1642 4340 cum
1693 4269 1967 4340 mortali
2006 4282 2073 4340 et
2116 4281 2441 4359 corrupto
2469 4270 2752 4340 homine

210 4346 561 4431 copulari:
613 4357 991 4514 quinetiam
1041 4380 1127 4428 ne
1181 4358 1423 4428 audire
1469 4357 1751 4446 quidem
1802 4380 2087 4460 possum
2136 4358 2319 4445 quod
2372 4358 2746 4450 polliceris.

210 4430 449 4519 Itaque
521 4447 611 4513 Ju
661 4467 741 4516 ex
799 4446 943 4518 noli
1003 4446 1349 4529 laborare,
1416 4468 1638 4534 neque
1707 4468 1893 4518 emm
1967 4446 2317 4519 adulando
2368 4447 2750 4535 quicquam

373 4557 653 4624 Surius-
679 4565 841 4629 Vitae
863 4566 973 4629 SS.
991 4595 1019 4614 ·
1036 4564 1163 4628 Vol.
1204 4562 1305 4627 VI.
2511 4564 2588 4625 35
