3357 4995
221 344 403 409 JUNII
451 346 490 408 5
857 360 934 406 nn
984 360 1038 406 s.
1091 356 1429 406 nomi-'Amo
1478 358 1676 408 EPISC.
1733 361 1809 407 ar
1856 361 2049 408 mar.
2305 383 2308 396 ι
2518 344 2645 411 439

224 445 637 537 Wintrugius,
708 443 1041 514 Walterus
1095 456 1161 514 et
1210 442 1630 526 Adalherus‚
1696 445 2152 528 Stircbaldus‚
2216 450 2612 519 Hamuntus
2672 457 2736 517 et

227 539 379 604 Boso.
416 540 620 605 Porro
652 539 1044 614 Waccarus,
1091 532 1609 614 GunderharuS‚
1656 533 2059 604 Williherus
2091 546 2155 604 et
2183 534 2537 692 Adolfihus
2577 557 2737 627 pro-

225 622 480 694 fessione
541 635 739 692 erant
795 623 1142 701 monachi,
1194 643 1496 709 eumque
1543 623 2034 711 sequebantur.
2079 626 2294 709 Atque
2409 625 2429 691 i
2496 644 2737 696 omnes

222 713 611 782 unanimiter
657 733 818 780 cum
867 711 986 780 illo
1034 711 1428 781 laborantes
1476 711 1547 780 in
1590 710 2102 802 praedicatione
2151 711 2528 803 Evangelii,
2591 734 2738 783 me—

220 816 473 871 ruerunt
503 801 713 871 etiam
756 800 1037 890 palmae
1085 799 1397 889 martyrii
1446 821 1597 871 esse
1643 812 2021 871 consortes,

283 892 315 976 §
355 893 433 962 S.
488 894 659 959 Cum
708 889 892 959 enim
943 910 1067 979 per
1115 889 1287 959 latas
1318 890 1684 960 Frisonum
1736 901 1951 959 terras
1998 888 2515 970 discurrissent,
2551 890 2738 960 etad

214 983 509 1048 Bortnam
545 977 1318 1068 flumen-pervenissent
1375 978 1558 1066 quod
1619 990 1723 1048 est
1783 978 1852 1046 in
1914 977 2219 1048 confinio
2266 999 2533 1059 eorum,
2564 1000 2739 1066 quos

210 1067 453 1158 vulgari
483 1066 814 1138 idiomate
861 1079 1104 1136 vocant
1137 1073 1370 1137 Oester
1397 1080 1462 1136 et
1495 1066 2008 1146 Westerreicbe,
2043 1071 2106 1136 S.
2147 1066 2543 1158 Bonifacius
2569 1067 2738 1138 solis

207 1156 560 1227 comitibus
608 1157 756 1226 suis
804 1156 1121 1246 stipatuS‚
1169 1155 1381 1242 jussit
1427 1156 1526 1226 ibi
1575 1156 1864 1226 tentoria
1917 1153 2062 1247 figi,
2100 1155 2337 1227 volens
2384 1156 2454 1224 in
2497 1155 2737 1226 eodem

206 1244 336 1314 loco
381 1267 611 1335 nuper
641 1245 1142 1335 baptizatorum
1189 1244 1530 1314 sustinere
1578 1243 1952 1314 adventum
2001 1244 2553 1315 confirmationis
2583 1267 2736 1335 gra-

206 1334 306 1402 tia.
339 1339 493 1403 Jam
546 1333 735 1403 enim
813 1333 1276 1423 ropinquabat
1322 1332 1468 1405 dies
1516 1333 1740 1403 eidem
1774 1331 2287 1403 confirmationi
2317 1332 2730 1405 destinatus.

207 1427 260 1492 Is
288 1435 648 1512 postquam
698 1444 738 1491 a
792 1422 995 1503 venit,
1037 1421 1180 1492 sole
1200 1423 1349 1513 jam
1399 1444 1713 1493 summos
1761 1420 2470 1513 occupantegradus,
2498 1444 2739 1492 omnes

204 1510 292 1579 illi
334 1512 455 1599 qui
504 1510 694 1581 haud
745 1510 943 1581 aliter
989 1521 1194 1598 atque
1225 1510 1351 1580 filii
1385 1534 1424 1580 a
1450 1524 1641 1601 patre
1670 1512 2234 1601 expectabantur,
2279 1510 2555 1601 indigni
2583 1533 2739 1601 per-

200 1601 408 1690 cipere
457 1598 757 1691 gratiam
807 1605 848 1669 S
902 1598 1104 1670 iritus
1154 1601 1384 1670 Sancti
1430 1622 1608 1687 quae
1656 1599 1778 1670 illo
1825 1599 1936 1669 die
1992 1621 2116 1690 per
2163 1620 2431 1669 sacram
2483 1599 2739 1670 confir-

202 1690 559 1759 mationem
611 1686 755 1757 illis
792 1621 1142 1759 offerenda
1186 1701 1353 1769 erat,
1389 1711 1469 1758 ex
1517 1688 1763 1758 amicis
1793 1688 1866 1757 in
1918 1689 2172 1769 hostes,
2209 1701 2275 1758 et
2306 1710 2388 1757 ex
2428 1689 2740 1779 neophy-

202 1777 276 1846 tis
297 1778 365 1846 in
414 1778 694 1847 lictores
721 1777 991 1858 mutati,
1023 1799 1185 1847 cum
1221 1777 1483 1867 ingenti
1511 1777 1806 1868 strepitu
1835 1799 2190 1847 armorum
2217 1775 2303 1846 ad
2340 1791 2739 1848 sanctorum

200 1881 405 1936 castra
435 1865 787 1935 advolant.
824 1865 899 1935 Id
948 1878 1305 1936 cernentes
1352 1864 1621 1945 famuli,
1667 1866 1969 1956 sumptis
1996 1866 2234 1946 armiS,
2270 1878 2509 1935 contra
2544 1866 2736 1935 illam

202 1953 503 2049 furentis·
532 1954 774 2045 populi
821 1953 1342 2025 multitudinem
1391 1966 1665 2025 sanctos
1714 1955 1893 2025 tueri
1943 1944 2474 2025 nitebantur.‘At
2517 1960 2582 2025 S.
2617 1960 2739 2023 Bo·-

200 2042 485 2112 nisacius
533 2043 772 2113 audito
819 2042 1308 2113 tumultuantis
1357 2043 1597 2112 turbae
1645 2044 1956 2133 impetu,
2028 2044 2253 2134 primo
2314 2042 2598 2131 quidem
2650 2042 2738 2112 ad

201 2132 521 2220 spiritalis
572 2131 899 2222 praesidii
948 2131 1222 2222 asylum
1273 2130 1623 2222 confugit,
1687 2142 2086 2202 sanctorum
2149 2131 2512 2219 reliquias,
2565 2154 2739 2220 quas

199 2241 459 2310 semper
510 2241 746 2291 secum
796 2217 1245 2291 circumferre
1316 2220 1578 2291 solebat
1624 2221 2009 2311 arripiens:
2063 2220 2314 2290 deinde
2362 2222 2603 2292 accitis
2650 2225 2738 2289 ad

198 2329 262 2377 se
319 2309 616 2389 clericis,
653 2331 693 2378 e
737 2309 1028 2379 tentorio
1077 2310 1433 2400 processit,
1491 2309 1929 2396 famulosque
1959 2309 2047 2379 ad
2099 2308 2564 2379 resistendum
2617 2331 2738 2399 pa·

198 2410 368 2466 ratos
414 2398 884 2488 compescuit,
955 2397 1231 2468 dicens:
1288 2397 1601 2478 «Nolite,
1654 2419 1955 2485 quaeso,
2023 2419 2334 2488 pugnare
2383 2396 2509 2466 filii
2562 2399 2732 2466 mei:

198 2486 394 2557 nolite
441 2486 862 2558 adversariis
909 2486 1170 2558 bellum
1196 2485 1473 2568 inferre,
1511 2487 1793 2576 quando
1820 2508 2056 2558 sacrae
2086 2487 2479 2577 Scripturae
2514 2486 2740 2558 verbis

196 2573 540 2656 docemur,
576 2598 712 2646 non
764 2575 992 2646 solum
1045 2576 1308 2646 malum
1335 2598 1459 2667 pro
1487 2576 1670 2646 malo
1699 2598 1836 2645 non
1875 2575 2182 2656 reddere,
2220 2576 2337 2646 sed
2371 2576 2577 2646 etiam
2667 2596 2740 2645 ro

199 2664 391 2735 malis
436 2666 626 2735 bona
652 2664 994 2749 exhibere.
1025 2664 1309 2734 Jamdiu
1332 2677 1608 2765 optatus
1647 2664 2014 2735 adestdies
2041 2686 2055 2729 t
2082 2664 2230 2755 jam
2254 2676 2533 2753 tempus
2562 2663 2607 2732 il
2643 2662 2740 2733 ud

198 2752 482 2835 advenit,
523 2774 662 2840 quo
694 2753 779 2822 de
809 2752 1151 2823 laboriosa
1183 2752 1401 2824 seculi
1431 2754 1645 2843 hujus
1674 2775 2012 2824 aerumna
2052 2751 2138 2822 ad
2167 2765 2485 2821 aeternae
2516 2751 2738 2820 beati-

204 2841 452 2913 tudinis
481 2841 739 2932 gaudia
770 2841 1170 2912 invitamur.
1192 2846 1325 2911 Cur
1343 2864 1507 2933 ergo
1529 2852 1788 2911 tantam
1813 2842 2133 2932 gratiam,
2159 2852 2420 2911 tantam
2443 2840 2738 2931 gloriam

206 2948 239 2995 a
268 2931 465 3001 nobis
501 2929 865 3000 excludere
901 2931 1149 3001 vultis?
1187 2936 1408 3000 Immo
1441 2952 1600 3001 vero
1646 2930 2137 3000 confortamini
2189 2930 2258 3001 in
2311 2930 2623 3011 Domino,
2676 2939 2743 2998 et

205 3017 412 3089 oblata
453 3018 773 3089 coelestis
811 3020 1070 3110 gratiae
1110 3040 1402 3089 munera
1448 3019 1664 3111 gratis
1713 3018 1971 3089 animis
2019 3039 2148 3090 nos
2184 3019 2500 3109 excipere
2563 3018 2743 3108 pati-

205 3106 380 3176 mini.
419 3113 705 3209 Sperate
739 3108 823 3176 in*
860 3108 1171 3188 Domino,
1201 3121 1267 3178 et
1291 3107 1409 3177 ille
1449 3131 1575 3179 nos
1602 3131 1643 3177 a
1677 3102 2009 3198 periculis
2056 3108 2387 3178 omnibus
2420 3108 2739 3198 eripiet.»

203 3196 312 3265 His
354 3210 420 3267 et
470 3196 545 3265 id
594 3218 816 3287 genus
863 3195 1020 3266 aliis
1068 3196 1508 3267 sermonibus
1555 3196 1983 3298 compescuit
2024 3198 2380 3267 ministros
2404 3196 2493 3265 ab
2527 3196 2741 3265 armis

204 3280 504 3356 hostibus
554 3283 955 3355 inferendis.
1005 3285 1258 3355 Deinde
1304 3286 1510 3355 etiam
1562 3285 1858 3357 Clericos
1906 3286 2248 3374 cujusque
2296 3285 2567 3355 ordinis
2617 3306 2742 3376 pa-

206 3373 319 3441 tria
363 3397 444 3445 ac
479 3374 699 3444 libera
745 3394 908 3444 voce
942 3373 1340 3456 adhortans,
1381 3379 1709 3444 «Fratres
1756 3374 2174 3457 charissimi,
2229 3373 2480 3460 inquit,
2513 3374 2743 3461 siqua

205 3458 403 3559 divini
454 3484 626 3533 cura
676 3462 957 3544 amoris,
997 3463 1058 3533 si
1104 3484 1244 3550 qua
1290 3461 1475 3553 apud
1528 3484 1647 3532 vos
1684 3484 1994 3532 mearum
2047 3462 2599 3533 admonitionum
2640 3483 2743 3531 re-

205 3548 358 3645 sidet
406 3552 770 3632 memoria,
808 3549 938 3620 hac
986 3551 1158 3621 hora
1196 3551 1345 3634 jam
1393 3550 1761 3632 declarate,
1828 3551 1899 3620 in
1971 3552 2287 3620 animum
2339 3563 2739 3621 revocantes

205 3635 308 3706 illa
341 3642 552 3711 verba
586 3639 1002 3710 salvatoris:
1057 3642 1277 3710 Nolite
1314 3642 1548 3709 timere
1595 3663 1704 3710 eos
1750 3642 1874 3731 qui
1919 3663 2156 3730 corpus
2203 3642 2533 3719 occidunt,
2591 3641 2742 3708 ani-

206 3747 365 3797 mam
421 3740 653 3798 autem
710 3751 842 3798 non
884 3740 1162 3819 possunt
1208 3730 1527 3799 occidere.
1583 3728 1742 3819 Spei
1797 3740 2061 3797 vestrae
2108 3750 2435 3798 ancoram
2486 3728 2557 3796 in
2611 3732 2742 3797 Deo

208 3812 465 3907 defigite
514 3818 634 3904 qui
689 3828 842 3907 post
867 3818 1077 3886 vitam
1108 3817 1290 3887 hanc
1324 3828 1881 3915 momentaneam
1915 3830 2287 3906 perpetuae
2313 3816 2560 3885 salutis
2588 3817 2745 3886 bra-

208 3905 373 3973 vium
424 3905 621 3976 vobis
670 3904 1083 3996 rependens,
1150 3906 1233 3975 ad
1304 3906 1561 3976 civium
1612 3925 2079 3996 supernorum
2142 3906 2570 3975 consortium
2622 3926 2744 3976 vos

209 3992 543 4087 perducet.
585 3993 824 4076 Nolite,
870 3994 1177 4075 obsecro,
1242 3994 1575 4066 diuturna
1623 3994 2040 4064 invictarum
2095 3994 2432 4063 mentium
2482 3992 2746 4084 praelia

207 4097 267 4177 ln
312 4081 441 4151 hoc
490 4082 821 4173 temporis
906 4095 1111 4153 uncto
1149 4085 1498 4153 amittere:
1556 4083 1766 4155 nolite
1791 4083 2130 4175 improbis
2154 4083 2521 4173 gentilium
2550 4082 2745 4153 blan-

208 4165 519 4241 dimentis
579 4183 647 4241 et
705 4170 845 4241 adu
877 4171 1229 4242 ationibus
1291 4173 1645 4241 enervari:
1713 4172 1832 4242 sed
1900 4172 2552 4264 praesentissimum
2614 4170 2743 4240 hoc

208 4259 432 4329 mortis
477 4258 855 4330 discrimen
902 4259 1088 4346 quod
1139 4260 1340 4331 nobis
1387 4260 1765 4351 impendet,
1808 4283 1931 4362 pro
1981 4261 2173 4331 illius
2204 4281 2439 4330 amore
2462 4259 2583 4347 qui
2616 4281 2744 4328 no·-

210 4355 338 4415 stra
382 4352 595 4420 causa
644 4370 894 4438 passus
939 4362 1066 4430 est,
1120 4360 1516 4420 constanter
1552 4361 1618 4419 et
1645 4349 1935 4420 viriliter
1968 4349 2281 4441 perferte,
2319 4361 2398 4420 ut
2427 4369 2588 4419 cum
2625 4347 2742 4416 illo

211 4446 545 4506 aeternum
589 4436 891 4527 gaudere
930 4437 1296 4528 possitis.»
