3357 4995
669 307 797 373 584
1153 323 1232 371 nn
1277 322 1370 371 ss.
1421 320 1687 381 manua,
1740 319 1941 369 muno
1987 321 2066 369 nr
2109 317 2350 369 canuc.
2402 320 2519 367 n.
2768 297 2984 368 JUNII
3031 303 3128 368 26

582 413 749 480 Cum
798 406 996 477 vellet
1043 419 1273 478 autem
1323 406 1633 497 privatus
1677 404 2068 488 abscedere,
2106 417 2384 497 rogatus
2430 403 2518 474 ab
2564 404 2915 495 Augustis,
2947 409 3130 476 Con-

580 496 691 568 sul
743 496 1074 588 processit
1100 550 1117 578 ,
1169 505 1235 565 et
1293 494 1365 564 in
1413 494 1722 566 fascibus
1769 493 2037 586 positus
2066 549 2082 576 ,
2132 494 2444 582 quinque
2491 492 2715 564 millia
2763 515 3131 566 servorum

579 585 891 657 libertate
922 584 1227 666 donavit,
1277 595 1345 654 et
1381 584 1564 654 cives
1609 588 1957 655 Romanos
2007 581 2188 665 fecit,
2229 583 2508 674 praedia
2557 603 2835 670 quoque
2880 595 2947 653 et
2997 582 3128 653 do·

581 695 735 745 mos
793 674 895 746 eis
942 673 1233 766 largitus
1277 684 1411 743 est:
1441 693 1822 761 omnesque
1869 672 2225 743 facultates
2254 694 2456 754 suas,
2493 671 2582 741 iis
2611 687 2910 762 exceptls
2941 693 3129 760 quae

578 762 888 834 filiarum
937 774 1158 844 erant,
1196 760 1490 833 distrahi
1522 771 1588 831 et
1627 761 2053 852 pauperibus
2098 760 2365 852 erogari
2390 759 2604 851 Jussit
2636 782 2652 829 :
2688 781 3126 848 manensque

578 852 654 922 in
701 853 876 924 urbe
923 851 1240 932 Ostiensi,
1296 861 1532 922 sancto
1562 849 1711 920 viro
1758 849 2070 921 Hilarino
2110 872 2183 922 se
2219 849 2558 937 adjunxit,
2594 849 2884 940 ejusque
2917 850 3131 919 aedes

582 941 773 1011 auxit
804 939 892 1010 ad
940 938 1424 1030 suscipiendos
1453 939 1879 1030 peregrinos,
1916 961 2093 1028 quos
2141 939 2521 1030 permultos
2563 938 2959 1028 recipiebat.
2998 937 3134 1008 Ad-

584 1030 955 1102 haeserunt
1002 1040 1232 1099 autem
1263 1028 1327 1098 ei
1363 1027 1563 1098 multi
1607 1049 1687 1098 ex
1733 1028 1950 1098 servis
1986 1028 2160 1119 ejus,
2211 1049 2386 1116 quos
2433 1026 2969 1098 manumiserat:
3018 1026 3133 1097 di-

581 1118 997 1220 vulgataque
1041 1129 1144 1187 est
1198 1116 1383 1186 fama
1419 1117 1570 1217 ejus
1631 1137 1755 1207 per
1787 1127 2005 1187 totum
2039 1116 2300 1198 orbem,
2339 1116 2434 1186 ita
2469 1128 2549 1187 ut
2613 1116 2703 1186 ab
2742 1116 3017 1186 Oriente
3061 1128 3134 1185 et

584 1207 947 1278 Occidente
993 1206 1362 1286 venientes,
1411 1204 1720 1276 v1derent
1776 1206 2002 1275 virum
2059 1227 2137 1275 ex
2234 1205 2461 1275 atritio
2504 1216 2572 1275 et
2624 1204 2935 1287 consule,
3003 1205 3132 1292 qui

582 1307 759 1367 esset
805 1295 1125 1386 Augustis
1164 1292 1654 1375 amicissimus,
1697 1293 2032 1364 lavantem
2074 1315 2117 1384 p
2208 1315 2304 1374 es,
2453 1305 2724 1363 nentem
2773 1314 3121 1374 mensam,

583 1405 835 1474 aquam
872 1383 1198 1453 manibus
1228 1381 1719 1463 effundentem,
1760 1381 2253 1483 languentibus
2283 1403 2358 1452 so
2390 1382 2549 1453 icite
2578 1382 3120 1462 ministrantem,

581 1486 650 1543 et
692 1486 957 1543 caetera
1004 1483 1282 1541 sanctae
1327 1471 1673 1541 servitutis
1729 1470 1955 1541 officia
2000 1470 2459 1541 exhibentem.
2515 1475 2670 1560 Ipse
2767 1471 2994 1542 rimus
3039 1471 3116 1540 in

582 1561 880 1634 Ostiensi
941 1561 1116 1630 urbe
1179 1559 1472 1630 extruxit
1522 1557 1881 1630 ecclesiam
1918 1613 1934 1642 ,
1987 1571 2053 1630 et
2098 1558 2339 1630 ditavit
2399 1559 2628 1629 officia
2669 1563 2711 1628 C
2743 1559 3123 1630 ericorum.

585 1654 651 1720 S.
705 1648 1111 1720 Laurentius
1160 1647 1385 1718 Levita
1430 1648 1493 1717 ei
1554 1647 1900 1739 apparuit,
1952 1648 2328 1720 adhortans
2375 1669 2532 1718 eum
2561 1702 2577 1729 ,
2629 1658 2709 1718 ut
2768 1648 2840 1717 in
2897 1647 3128 1739 ipsius

582 1738 862 1808 nomine
933 1736 1292 1808 ecclesiam
1341 1736 1705 1808 fabricaret
1751 1738 1823 1806 in
1873 1748 2070 1839 porta
2116 1759 2290 1823 quae
2351 1735 2692 1825 hodieque
2750 1738 3122 1808 Laurentia

583 1840 1051 1918 nuncupatur.
1104 1831 1406 1916 Rogatus
1444 1839 1700 1907 autem,
1753 1838 1831 1897 ut
1877 1826 1977 1896 1bi
2008 1826 2482 1897 institueretur
2513 1825 2663 1916 ipse
2708 1826 3119 1916 Episcopus,

583 1936 721 1985 non
752 1915 1140 1986 consensit:
1194 1912 1312 1985 sed
1363 1935 1445 1984 ex
1484 1937 1608 1986 sua
1651 1913 1997 1985 voluntate
2025 1914 2425 2002 quemdam,
2462 1914 2586 2003 qui
2648 1914 3119 1993 ordinaretur,

582 2001 837 2093 elegit:
909 2015 1304 2090 tantamque
1356 2003 1647 2093 gratiam
1714 2003 1778 2073 ei
1833 2003 2124 2095 largitus
2182 2015 2285 2075 est
2358 2004 2686 2074 Dominus
2718 2058 2738 2085 ,
2802 2015 2880 2073 ut
2931 2003 3125 2094 pleni

582 2091 1078 2174 daemonibus,
1133 2113 1289 2161 mox
1363 2103 1441 2161 ut
1504 2091 1574 2160 in
1632 2091 1785 2180 ejus
1860 2103 2305 2183 conspectum
2370 2092 2757 2172 venissent,
2816 2090 3118 2161 munda-

586 2192 851 2282 rentur,
903 2192 970 2251 et
1000 2180 1218 2251 multa
1262 2180 1332 2248 in
1374 2201 1453 2249 eo
1499 2192 1677 2252 esset
1714 2180 2184 2252 curandorum
2243 2180 2644 2252 morborum
2694 2180 2798 2250 vis
2851 2191 2917 2250 et
2961 2179 3116 2250 effi-

585 2290 802 2340 cama.
1871 2322 1876 2328 .

592 2382 603 2397 ⁴
674 2360 712 2445 ξ
758 2363 853 2430 8.
897 2363 1066 2429 Cum
1100 2368 1329 2427 autem
1377 2356 1733 2427 decedenti
1771 2357 2162 2429 Constantio
2190 2357 2226 2392 ³*
2267 2358 2604 2428 Julianus
2650 2355 3121 2438 successisset,

585 2445 805 2539 legem
839 2446 900 2518 is
928 2446 1106 2529 tulit,
1146 2449 1251 2528 nel
1269 2444 1638 2517 Christiani
1676 2447 2052 2534 quicquam
2081 2447 2152 2516 in
2184 2447 2315 2519 hoc
2358 2445 2622 2516 mundo
2662 2444 3117 2538 possiderent.

584 2541 790 2607 Porro
821 2535 1218 2607 Gallicanus
1244 2534 1315 2603 in
1348 2557 1433 2626 pa
1483 2558 1523 2606 o
1563 2536 1856 2608 Ostiensi
1882 2548 2179 2623 quatuor
2208 2558 2406 2607 casas
2434 2535 2766 2618 habebat,
2818 2556 3121 2623 quarum

584 2626 950 2717 pensiones
970 2625 1041 2694 in
1071 2646 1187 2694 eos
1219 2645 1395 2712 quos
1468 2624 1746 2705 iximus,
1781 2623 2172 2695 conferebat
2194 2647 2391 2706 usus,
2419 2624 2726 2712 adeoque
2753 2623 3121 2694 Dominum

586 2713 838 2784 meruit
869 2713 1120 2784 habere
1165 2712 1616 2794 defensorem,
1668 2725 1748 2783 ut
1792 2713 2217 2802 quicumque
2263 2714 2334 2783 in
2383 2734 2500 2783 eas
2533 2712 3010 2804 ingrederetur
3038 2710 3126 2782 ad

585 2801 740 2874 fisci
777 2802 1012 2873 titulos
1044 2800 1579 2882 constituendos,
1624 2814 1745 2872 aut
1779 2802 2144 2891 pensiones
2167 2801 2564 2893 exigendas,
2606 2802 2834 2872 statim
2883 2824 2925 2870 a
2972 2800 3126 2870 dia-

584 2890 744 2961 bolo
775 2889 1225 2962 obsideretur:
1264 2900 1330 2960 et
1374 2889 1693 2990 quisquis
1724 2902 2030 2960 actorum
2070 2891 2222 2982 ejus
2265 2902 2444 2961 esset
2474 2901 2768 2972 exactor,
2807 2889 3130 2981 leprosus

586 2979 800 3050 fieret.
854 2984 1024 3049 Tum
1074 3000 1231 3050 vero
1277 2977 1576 3050 consulti
1622 2977 1993 3051 daemones
2038 2978 2569 3071 responderunt.
2611 2979 2747 3049 nisi
2786 2978 2874 3048 ad
2908 2979 3129 3048 sacri-

586 3067 943 3138 ficandum
998 3078 1355 3170 cogeretur
1387 3066 1784 3138 Gallicanus
1809 3122 1826 3149 ,
1876 3079 2221 3139 exactores
2261 3079 2719 3160 proventuum
2757 3068 2908 3159 ejus
2950 3066 3123 3136 haec

587 3156 898 3247 pericula
929 3156 1218 3226 minime
1256 3156 1647 3226 evitaturos.
1705 3156 1832 3227 Sed
1879 3178 2037 3226 cum
2075 3179 2277 3228 nemo
2308 3156 2396 3228 ad
2448 3157 2576 3228 hoc
2622 3156 2852 3227 scelus
2904 3177 3126 3226 ausus

585 3256 766 3315 esset
813 3243 1070 3315 hortari
1102 3244 1560 3326 Gallicanum,
1606 3244 1956 3317 mandavit
2001 3244 2064 3316 ei
2109 3245 2456 3329 Julianus,
2507 3257 2587 3316 ut
2613 3257 2734 3316 aut
2772 3243 3126 3316 sacrifica-

584 3343 688 3404 ret
718 3331 877 3415 diis,
914 3345 1036 3403 aut
1064 3354 1102 3402 e
1149 3333 1406 3412 finibus
1444 3332 1683 3404 Italiae
1728 3334 2077 3405 excederet
2122 3334 2214 3404 *ἦ
2268 3341 2441 3405 Tum
2489 3333 2608 3404 illc
2640 3356 2820 3416 mox,
2863 3331 3124 3404 relictis

585 3421 936 3504 omnibuS,
987 3421 1461 3492 Alexandriam
1514 3423 1731 3513 petiit,
1769 3433 1835 3493 et
1871 3423 1968 3493 ibi
2002 3444 2126 3514 per
2162 3445 2426 3494 annum
2459 3422 2600 3493 inte
2684 3444 2804 3493 um
2829 3422 3126 3513 junctus

582 3521 686 3581 est
729 3509 1243 3582 confessoribus
1272 3510 1545 3582 Christi.
1582 3517 1820 3582 Postea
1868 3534 2027 3583 mox
2073 3512 2354 3584 secessit
2399 3512 2469 3581 in
2518 3534 2556 3582 e
2637 3533 2856 3593 mum,
2887 3510 3128 3598 ibique

586 3621 629 3669 a
692 3598 1045 3670 Rauciano
1091 3600 1346 3671 Comite
1398 3598 1815 3691 templorum
1846 3655 1862 3682 ,
1914 3600 2085 3672 dum
2147 3611 2508 3693 cogeretur
2575 3599 2992 3682 sacrificare,
3061 3611 3130 3668 et

579 3699 1068 3770 contemneret,
1111 3709 1483 3781 percussus
1529 3688 1762 3780 gladio
1808 3689 1880 3759 in
1937 3710 2246 3781 corpore,
2303 3689 2552 3760 Christi
2600 3700 2975 3779 martyrem
3022 3686 3124 3757 fe-

578 3775 952 3876 cit,·atque
997 3777 1095 3847 ita
1140 3776 1455 3868 gaudens
1491 3799 1653 3847 cum
1694 3776 2049 3869 triumpho
2091 3778 2386 3870 perrexit
2433 3777 2522 3848 ad
2555 3778 2949 3849 Dominum.
3002 3776 3128 3847 Cui

580 3875 809 3935 statlm
877 3865 1237 3936 basilicam
1302 3866 1413 3936 sui
1460 3866 1766 3937 nominis
1811 3879 2391 3949 construxerunt,
2442 3867 2515 3937 in
2563 3887 2704 3956 qua
2748 3866 3130 3938 exuberant

580 3952 1075 4054 martyrii-ejus
1120 3976 1201 4024 ex
1246 3976 1350 4036 eo,
1387 3967 1454 4025 et
1500 3975 1689 4026 nunc
1737 3955 2102 4028 beneficia.

668 4048 709 4125 ἓ
733 4045 812 4113 2.
845 4040 1200 4112 Hilarinus
1230 4054 1485 4126 autem,
1514 4043 1638 4132 qui
1666 4043 2022 4133 quondam
2053 4044 2492 4116 Gallicanum
2518 4045 2592 4115 in
2624 4044 2800 4115 urbe
2828 4041 3130 4116 Ostiensi

582 4141 1011 4220 susceperat,
1075 4150 1239 4202 cum
1310 4144 1671 4224 cogeretur
1743 4155 1785 4203 a
1851 4132 2014 4204 fidei
2063 4133 2493 4205 Christianae
2568 4132 3130 4225 persecutoribus

633 4331 660 4359 ⁸
688 4325 984 4371 mutuatim
1000 4325 1157 4379 ungat
1175 4328 1274 4371 nuo
1293 4326 1375 4379 qui
1396 4326 1516 4371 obiit
1534 4337 1658 4371 enno
1677 4338 1859 4372 cocnxt.

633 4383 691 4414 *ἱ
716 4381 941 4425 mendose
965 4381 1043 4422 hic
1070 4383 1168 4432 ugit
1199 4383 1364 4424 auctor
1395 4381 1454 4424 de
1478 4379 1509 4424 3
1512 4384 1671 4424 ultano
1699 4387 1941 4434 umquam
1971 4384 2148 4426 Rom-e
2179 4384 2402 4435 degente.
2438 4381 2521 4434 qui
2560 4387 2676 4426 tuno
2713 4384 3131 4435 constantinopoli

582 4435 757 4484 namt.
774 4437 824 4478 et
839 4436 1030 4478 noum-t
1047 4443 1134 4487 per
1147 4433 1336 4479 littera
1353 4435 1515 4487 potuit
1529 4445 1638 4479 cnm
1656 4438 1924 4487 ament-no
1942 4437 2081 4480 Urbis
2099 4437 2342 4481 macto
2358 4445 2497 4488 mre
2516 4436 2578 4479 de
2597 4438 2677 4480 88.
2695 4435 2931 4488 pusione.
