3357 4995
251 326 470 390 JUNII
521 325 601 388 24
945 343 1022 388 DE
1070 342 1441 388 ΝΑτινιΤΑτΕ
1491 345 1545 388 s.
1598 343 1862 390 somnis
1911 345 2088 391 ΒΛΡΤ.
2583 329 2697 392 521

253 427 480 514 qualis
549 429 736 493 erat?
786 431 926 494 Non
999 438 1413 512 quaerentur
1466 428 1806 516 phasiani,
1861 451 1982 496 seu
2037 429 2211 497 aliae
2260 451 2439 508 aves,
2498 452 2624 499 nec
2679 453 2796 518 per

253 528 459 585 totam
514 514 930 583 discurritur
978 515 1350 604 regionem,
1401 529 1475 584 ut
1529 517 2013 585 Patriarchalis
2054 518 2450 586 stomachus
2505 518 2795 608 implea-

254 617 387 673 tur.
436 603 562 672 Sed
629 615 794 682 erat,
852 604 1096 688 inquit,
1160 627 1313 672 esca
1376 604 1527 703 ejus
1584 605 1867 684 locusta,
1922 618 1986 674 et
2027 606 2159 674 mel
2210 606 2561 694 sylvestre.
2620 608 2798 676 Coeli

255 715 407 762 rore
444 694 769 783 pascitur,
823 707 887 763 et
935 692 1255 761 animalis
1311 692 1624 762 vilissimi
1673 694 1963 763 satiatur
2008 694 2262 774 edulio,
2323 695 2637 782 nihilque
2684 720 2800 766 co-

256 795 442 851 ctum
494 781 742 869 accipit
806 781 1189 869 jejunantis
1250 783 1634 850 austeritas.
1706 785 2042 871 Castigato
2097 784 2356 874 quippe
2418 786 2674 864 ventri,
2734 798 2798 854 et

263 870 593 939 diuturna
650 869 1103 938 maceratione
1159 871 1454 939 distento
1504 872 1734 959 ignota
1789 871 1918 940 fuit
1978 872 2266 941 varietas
2325 872 2746 942 ferculorum
2781 930 2795 953 ,

263 981 384 1027 nec
433 959 737 1027 introivit
771 959 838 1026 in
867 981 943 1026 os
974 958 1148 1044 ejus,
1193 959 1373 1044 quod
1405 959 1637 1048 gulam
1673 960 1997 1040 alliceret,
2038 962 2419 1030 suffarciret
2462 975 2792 1043 ventrem,

262 1049 615 1116 stomacho
665 1047 1113 1116 blandiretur.
1172 1049 1351 1118 Elias
1391 1048 1686 1117 comedit
1734 1071 1998 1128 carneS,
2037 1065 2101 1118 et
2151 1051 2203 1120 si
2255 1051 2418 1136 quid
2450 1051 2638 1119 aliud
2675 1074 2798 1141 ap-

311 1138 566 1215 onitur,
593 1159 749 1204 cum
788 1136 1163 1224 gratiarum
1201 1137 1488 1293 percipit
1516 1138 1803 1215 actione,
1841 1160 1962 1206 nec
1989 1138 2287 1224 aliquem
2337 1139 2503 1227 (nisi
2535 1139 2783 1228 fallor),

288 1225 558 1314 egimus
616 1225 681 1291 in
736 1226 937 1293 veteri
992 1225 1267 1293 officina
1329 1249 1362 1293 a
1494 1225 1661 1313 legis
1735 1227 1945 1314 hujus
2001 1227 2342 1315 aspirasse
2414 1229 2793 1317 fastigium.

262 1314 476 1382 Vestis
525 1336 789 1402 aspera,
828 1315 1027 1381 cibus
1079 1315 1325 1394 tenuis,
1363 1337 1554 1382 mens
1587 1314 1824 1383 devota
1879 1316 2174 1404 profecto
2230 1316 2600 1405 perfectum
2640 1340 2800 1386 con-

264 1414 531 1472 secrant
582 1402 1070 1470 Patriarcham.
2667 1471 2676 1478 ,

349 1495 385 1576 ξ
433 1495 526 1560 9.
584 1497 822 1559 Sextus
873 1491 1089 1559 honor
1135 1506 1257 1560 est.
1316 1492 1576 1560 novitas
1627 1491 1694 1558 in
1751 1492 2276 1579 praedicatione.
2337 1494 2458 1560 Hic
2510 1494 2658 1561 volo
2699 1509 2800 1564 at-

262 1580 516 1648 tentius
562 1580 866 1647 attendat
924 1581 1208 1648 intentio
1264 1593 1507 1656 vestra,
1547 1582 1708 1665 quia
1760 1581 1964 1669 paulo
2022 1581 2350 1650 subtilius
2385 1582 2797 1651 ordiendum

260 1669 584 1736 materiae
636 1669 966 1757 praecipit
1017 1669 1443 1756 magnitudo.
1502 1675 1652 1737 Post
1706 1683 2060 1757 peccatum
2112 1669 2310 1748 Adae,
2367 1685 2431 1738 et
2474 1670 2661 1738 illius
2697 1672 2796 1738 di·

264 1757 424 1826 luvii
480 1757 922 1826 vastationem
977 1758 1376 1827 solemnem.
1433 1757 1641 1825 electa
1692 1772 1792 1825 est
1831 1759 2179 1844 justorum
2243 1759 2510 1826 infinita
2567 1760 2796 1848 plura-

265 1846 440 1924 litas,
479 1867 637 1913 cum
689 1845 945 1930 quibus
984 1852 1157 1914 Deus
1184 1847 1351 1914 facie
1391 1847 1473 1913 ad
1521 1847 1761 1914 faciem
1801 1847 2073 1915 locutus
2102 1847 2310 1916 fuisse
2340 1848 2794 1936 dignoscitur.

262 1935 693 2002 Transfertur
733 1935 985 2014 Enoch,
1017 1935 1296 2022 eligitur
1335 1939 1490 2008 Noe,
1529 1947 1807 2003 vocatur
1841 1937 2203 2014 Abraham,
2242 1941 2428 2006 lsaac
2457 1937 2794 2025 diligitur,

259 2023 471 2091 Jacob
524 2028 731 2091 Deum
764 2023 933 2090 facie
967 2025 1047 2091 ad
1096 2025 1334 2091 faciem
1370 2025 1897 2112 contemplatur,
1931 2025 2184 2113 Joseph
2240 2038 2517 2093 vocatur
2549 2027 2798 2094 mundi

265 2111 590 2186 Salvator,
647 2133 767 2177 nec
821 2125 1043 2180 tamen
1098 2113 1162 2178 in
1218 2135 1530 2180 sermone
1582 2114 1695 2180 Dei
1745 2113 1826 2180 ad
1882 2112 2058 2192 illos.
2118 2112 2213 2180 vel
2252 2113 2526 2182 illorum
2564 2114 2648 2180 ad
2679 2115 2799 2182 ho-

266 2200 510 2278 mines,
568 2199 641 2266 lit
690 2200 919 2286 aliqua
983 2201 1235 2269 mentio
1284 2202 1367 2268 de
1421 2202 1611 2288 regni
1662 2201 1975 2270 coelestis
2030 2224 2146 2290 per
2199 2214 2356 2269 etua
2409 2203 2787 2271 mansione.

264 2293 525 2374 Moyses
550 2289 931 2356 assumitur
961 2290 1026 2356 in
1062 2295 1306 2358 Ducem
1344 2290 1575 2378 populi
1608 2291 2056 2364 Judaeorum,
2098 2225 2433 2358 Piiaraoni
2479 2291 2543 2356 in
2585 2295 2793 2359 Deum

262 2377 724 2445 constituitur.
801 2379 978 2446 Facit
1029 2383 1203 2446 Deus
1267 2380 1331 2445 in
1388 2385 1683 2466 .»tegyito
1757 2378 2125 2467 magnalia,
2180 2391 2242 2447 et
2311 2379 2654 2446 mirabilia
2729 2381 2799 2447 in

262 2477 439 2533 terra
491 2466 723 2546 Cham,
780 2466 1109 2535 terribilia
1162 2469 1227 2535 in
1266 2468 1438 2534 mari
1492 2401 1720 2536 ruhro.
1777 2467 2092 2535 Ascendit
2141 2473 2402 2555 Moyses
2443 2468 2522 2534 ad
2565 2467 2801 2558 caligi-

263 2576 444 2633 nem,
494 2556 559 2621 in
612 2578 750 2641 qua
798 2569 939 2622 crat
990 2562 1188 2635 DeuS‚
1228 2556 1431 2623 datur
1480 2557 1545 2623 in
1603 2569 1829 2623 monte
1881 2556 2240 2645 multiplex
2282 2571 2796 2645 praeceptorum

262 2645 652 2724 auctoritas,
696 2644 998 2729 loquitur
1047 2645 1159 2712 ille
1193 2667 1350 2713 cum
1415 2650 1563 2717 Deo.
1610 2644 1808 2729 quasi
1858 2645 2063 2712 homo
2095 2645 2178 2712 ad
2218 2646 2516 2712 vicinum
2561 2669 2795 2714 suum:

262 2755 397 2801 non
451 2746 552 2802 est
584 2732 999 2801 occultatum
1062 2756 1099 2801 a
1153 2739 1399 2821 Moyse,
1454 2734 1633 2819 quod
1697 2733 1855 2800 facit
1911 2734 2239 2802 Dominus
2290 2735 2355 2800 in
2394 2734 2683 2813 occulte,
2738 2748 2800 2803 et

263 2822 640 2911 gloriosum
696 2843 939 2889 nomen
994 2822 1273 2897 Adonai,
1348 2823 1529 2908 quod
1583 2823 1909 2890 omnibus
1958 2822 2344 2890 obvelatum
2399 2824 2639 2901 fuerat,
2698 2845 2800 2890 re-

261 2910 524 2979 velatur
560 2934 572 2976 :
630 2910 741 2979 scd
799 2911 863 2977 in
918 2911 1025 2978 his
1058 2911 1383 2978 omnihus
1434 2913 1621 3000 regni
1661 2911 2007 2979 coelorum
2049 2912 2379 2978 memoria
2419 2934 2539 2977 nec
2575 2914 2799 2979 nomi—

268 3013 494 3079 natur,
555 3022 673 3067 nec
715 2999 1017 3067 auditur.
1074 2999 1300 3067 Adstat
1340 3006 1552 3067 Aaron
1599 3023 1918 3067 summus
1946 3000 2287 3077 sacerdOS,
2335 3001 2626 3088 potentis
2669 3000 2800 3068 vir-

263 3111 388 3177 gae
454 3088 816 3177 gestariuS,
884 3103 1136 3156 unctus
1205 3102 1268 3156 et
1339 3088 1689 3156 delibutus
1750 3090 2146 3157 coelestium
2208 3102 2798 3158 sacramentorum

263 3177 617 3245 unctione:
665 3176 971 3245 succedit
1015 3184 1245 3256 Josue,
1300 3191 1363 3243 et
1412 3178 1638 3246 omnis
1690 3176 1806 3244 illa
1854 3177 2180 3246 Judicum
2238 3176 2630 3253 multitudo,
2676 3200 2796 3246 nec

261 3277 363 3333 est
397 3266 493 3333 vel
533 3264 673 3332 ulla
718 3266 941 3333 tenuis
984 3267 1238 3333 mentio
1289 3267 1474 3353 regni
1519 3266 1850 3334 coelestis
1908 3266 2172 3334 Invenit
2209 3268 2540 3334 Dominus
2593 3267 2797 3334 David

266 3354 483 3422 virum
539 3354 920 3421 secundum
978 3377 1094 3422 cor
1143 3377 1372 3433 suum,
1431 3354 1749 3423 Salomon
1809 3355 2029 3423 filium
2081 3355 2234 3439 ejus
2297 3355 2634 3444 sapientia
2682 3378 2801 3424 cu-

262 3442 481 3510 mulat
534 3442 894 3530 singulari,
948 3457 1012 3509 et
1060 3464 1332 3510 omnem
1378 3443 1571 3511 illum
1628 3444 2095 3533 l'rophetalcm
2160 3444 2445 3511 chorum
2504 3444 2801 3533 Spiritus

266 3536 555 3599 Sanctus
626 3530 900 3598 ordinat
957 3545 1019 3597 et
1079 3532 1403 3608 infundit,
1460 3532 1770 3616 nihilque
1820 3533 1902 3600 de
1959 3532 2271 3601 coele-stis
2322 3533 2512 3619 regni
2579 3532 2800 3621 gloria

267 3620 731 3708 prophetatur.
789 3619 1055 3687 Claudit
1091 3620 1270 3687 Elias
1320 3619 1583 3688 coelum
1637 3621 1840 3689 annis
1891 3621 2111 3689 tribus
2151 3632 2216 3688 et
2263 3621 2623 3689 mensibus
2660 3644 2796 3690 sex.

266 3708 525 3777 Eliseus
562 3721 876 3776 mortuus
928 3723 1276 3777 mortuum
1320 3710 1493 3776 vitae
1544 3709 1862 3788 restituit,
1929 3721 1992 3776 et
2056 3708 2141 3775 ab
2191 3708 2300 3777 his
2343 3731 2465 3778 nec
2498 3710 2598 3777 vel
2659 3710 2801 3778 ulla

263 3796 639 3865 scintillula
714 3797 945 3865 beatae
1017 3798 1397 3865 mansionis
1468 3796 1713 3866 elucet.
1792 3797 1967 3879 Quid
2040 3796 2289 3885 plura?
2337 3802 2382 3865 Α
2459 3798 2802 3887 principio

267 3886 507 3954 mundi
555 3906 776 3969 usque
819 3885 900 3952 ad
953 3892 1287 3954 ‚loannem
1342 3886 1809 3954 universitatis
1853 3887 2196 3954 humanae
2235 3886 2634 3954 electionem
2695 3909 2802 3955 re-

265 3972 529 4063 collige,
587 3995 710 4042 nec
761 3974 827 4041 in
883 3996 1220 4053 sermone,
1278 3973 1377 4042 vel
1411 3996 1614 4063 opere
1650 3974 1840 4042 illius
1890 3974 2265 4044 sanctuarii
2311 3976 2561 4063 poteris
2611 3998 2803 4064 repe-

268 4060 399 4129 rire
432 4062 895 4131 dulcedinem.

354 4154 388 4233 ξ
435 4155 589 4222 10.
650 4152 809 4219 Veni
852 4174 1013 4241 ergo
1061 4152 1143 4220 ad
1195 4152 1552 4231 loannem,
1610 4164 1673 4219 et
1713 4152 1875 4219 audi
1908 4173 2137 4220 vocem
2175 4150 2637 4231 exultationiS,
2686 4176 2798 4222 vo-

269 4258 412 4305 cem
466 4239 804 4319 novitatis,
862 4263 1088 4309 vocem
1130 4241 1444 4320 laetitiae,
1502 4240 2010 4309 misericordiae
2059 4240 2366 4321 verbum,
2414 4262 2801 4309 sermonem

318 4324 546 4407 loriae,
584 4328 838 4417 gratiae
874 4329 1279 4417 largitatem,
1319 4328 1501 4414 quod
1535 4329 1870 4398 celaverat
1904 4334 2102 4410 Deus,
2140 4343 2443 4399 tacuerat
2482 4328 2801 4419 Angelus,

291 4426 555 4485 aluerat
604 4417 1054 4494 Patriarchas‚
1110 4418 1483 4507 Prophetae
1525 4417 1930 4487 nescierant.
1988 4421 2494 4497 Poe-nitentium,
2551 4417 2797 4503 inquit,
