3357 4995
658 314 786 378 366
877 305 878 310 ’
1225 322 1301 376 DE
1350 330 1440 376 ss.
1496 328 1754 386 Qmmco
1804 330 1878 374 ar
1924 329 2180 375 summ
2228 330 2418 375 MART.
2765 280 2987 377 J'UNII
3040 314 3127 378 16

561 415 964 494 Seleuciam,
1000 414 1330 484 omnibus
1370 414 1621 503 opibus
1668 427 1734 482 et
1781 414 2013 482 carnis
2064 411 2408 490 fomentis,
2449 412 2779 500 omnique
2822 414 3129 484 munda-

560 525 688 573 nae
718 503 1024 572 felicitati
1053 517 1118 572 et
1166 502 1460 582 deliciis,
1504 514 1781 593 propter
1827 502 2172 572 Christum
2229 501 2878 591 peregrinationem,
2931 526 3133 572 men—

456 634 468 646 ·
556 592 1045 678 dicitatemque
1093 605 1156 661 et
1197 591 1638 661 afflictionem
1692 591 2008 659 lubenter
2068 591 2487 680 praeferens.
2545 591 2671 660 Sed
2726 613 2946 678 neque
3009 590 3134 662 Se-

557 681 820 750 leuciae
866 680 990 750 diu
1037 693 1184 750 erat
1216 681 1635 750 habitatura.
1690 685 1856 750 Nam
1907 702 2068 749 cum
2126 679 2538 758 Alexander,
2588 680 2690 748 vir
2734 679 3121 750 admodum

453 771 468 786 ‘
557 769 922 870 improbus
968 783 1034 838 et
1083 769 1455 858 malignuS,
1496 770 1781 838 sortitus
1813 781 1992 837 esset
2017 769 2688 838 administrationem
2744 769 3131 869 illius-pro-

559 880 849 940 vinciae,
902 871 965 927 et
1015 872 1320 928 recenter
1352 858 1439 926 ad
1490 880 1640 926 eam
1700 857 2144 934 accessisset,
2215 879 2455 927 omnes
2502 857 2782 943 quidem
2840 858 3003 936 viri,
3062 872 3133 929 et

558 968 799 1017 omnes
850 947 1173 1016 mulieres
1226 968 1387 1015 cum
1454 968 1692 1016 eorum
1752 946 2012 1024 liberis,
2085 947 2507 1033 quicumque
2560 948 3132 1017 assentiebantur

561 1036 810 1106 Christi
840 1035 1277 1116 confessioni,
1321 1048 1472 1125 post
1504 1034 1808 1125 plurima
1849 1056 2099 1124 genera
2133 1034 2664 1125 suppliciorum,
2704 1035 3128 1105 occideban-

563 1138 675 1194 tur
724 1124 1381 1207 immisericorditer.
2218 1209 2221 1214 .

653 1221 690 1293 ἓ
740 1218 834 1283 9.
889 1218 1069 1281 Haec
1123 1213 1359 1281 videns
1405 1212 1665 1290 Julitta,
1709 1225 1775 1281 et
1822 1211 2099 1281 illarum
2141 1212 2434 1301 pestium
2481 1213 2688 1280 verita
2741 1213 3123 1282 crudelita-

561 1314 721 1382 tem,
774 1301 963 1372 ulnis
997 1301 1239 1370 tollens
1276 1301 1602 1370 dilectum
1633 1301 1857 1369 filium
1906 1303 2082 1389 (erat
2130 1314 2359 1371 autem
2411 1314 2573 1371 tunc
2625 1301 2916 1370 triennis
2948 1303 3124 1385 Qui-

561 1391 801 1479 ricus),
844 1413 1003 1459 cum
1055 1389 1329 1460 duabus
1389 1389 1661 1460 ancillis
1710 1390 1984 1481 fugiens
2035 1390 2364 1465 Seleuci-81,
2437 1395 2725 1459 Tarsum
2778 1393 3117 1477 pervenit.

560 1485 701 1549 Non
752 1480 946 1548 licuit
993 1491 1222 1548 autem
1281 1501 1405 1548 nec
1470 1480 1538 1546 in
1586 1501 1676 1548 ea·
1723 1479 2006 1565 quidem
2055 1478 2180 1548 diu
2229 1478 2459 1546 latere.
2518 1478 2874 1560 Quomodo
2921 1481 3115 1547 enim

560 1589 891 1656 magnum
944 1589 1058 1635 vas
1093 1589 1406 1647 aureum,
1461 1579 1579 1637 aut
1610 1567 1814 1637 etiam
1851 1582 2252 1656 angenteum
2295 1568 2537 1656 jacens
2590 1568 2657 1635 in
2722 1568 2964 1635 mediis
3009 1570 3112 1636 si-

561 1656 834 1737 licibuS,
888 1669 1007 1725 aut
1040 1656 1107 1723 in
1153 1656 1395 1742 ‘aliqua
1441 1657 1575 1725 alia
1627 1656 1743 1724 vili
1787 1657 2095 1736 materia,
2162 1678 2309 1724 non·
2361 1669 2577 1742 potest
2639 1656 2836 1725 facile
2899 1654 3133 1725 latere·

558 1766 696 1824 eOS,
751 1747 869 1831 qui
919 1768 994 1813 as
1050 1744 1289 1824 icium,
1343 1767 1501 1814 cum
1554 1746 1745 1815 visus
1793 1745 2135 1832 dirigatur
2168 1744 2253 1813 ad
2294 1745 2385 1822 id,
2425 1745 2607 1832 quod
2661 1759 2763 1814 est
2802 1744 3117 1833 splendi—

558 1834 757 1902 dius:
796 1834 888 1902 ita
939 1834 981 1902 fi
1036 1833 1324 1902 elissimi
1360 1834 1672 1902 homines
1714 1834 1899 1912 Jesu,
1943 1847 2287 1903 versantes
2322 1835 2387 1901 in
2430 1833 2655 1902 medio
2702 1834 3106 1922 impiorum,

563 1945 696 1992 non
752 1935 1040 2012 possunt
1085 1923 1438 2002 occultari,
1479 1923 1728 1991 virtute
1776 1936 1840 1991 et
1888 1922 2123 1991 divina
2167 1922 2440 1991 vivendi
2491 1923 2753 1992 ratione
2790 1922 3116 1992 reddente

558 2033 675 2082 eos
723 2013 1065 2080 evidentes
1113 2024 1177 2079 et
1229 2011 1623 2080 manifestos
1693 2011 2045 2080 omnibus
2127 2016 2239 2081 Est
2289 2026 2517 2080 autem
2578 2012 2817 2097 utique
2896 2012 3114 2081 Patris

557 2122 831 2187 quoque
872 2100 1208 2181 voluntas,
1261 2100 1380 2186 qui
1429 2114 1529 2168 est
1579 2101 1644 2168 in
1692 2100 1941 2174 coelis,
2015 2114 2091 2169 ut
2136 2100 2483 2186 quomodo
2534 2101 2809 2190 cognita
2859 2101 3112 2169 unius—

556 2190 896 2288 cujusque
928 2203 1175 2269 mente,
1268 2189 1751 2282 raedestinavit
1782 2190 2302 2278 perfectionem:
2340 2190 2431 2257 ita
2475 2190 2540 2256 in
2588 2201 2890 2278 tempore
2925 2202 3116 2258 vocet

556 2278 861 2358 scilicet,
914 2292 979 2347 et
1028 2277 1199 2366 justi
1231 2290 1403 2365 icet,
1458 2291 1521 2346 et
1569 2278 1928 2368 glorificet.
2008 2279 2463 2360 Quamobrem
2542 2277 2644 2346 illi
2715 2278 2996 2364 quidem
3049 2276 3119 2346 id

552 2367 732 2452 quod
786 2380 887 2437 est
923 2369 1306 2435 humanum
1343 2378 1619 2456 agentes
1668 2381 1788 2437 aut
1838 2368 2195 2457 patienteS,
2254 2366 2622 2435 studebant
2674 2366 2907 2457 fugere
2955 2389 3107 2455 per-

553 2470 921 2526 secutores
1067 2463 1076 2471 ’
2934 2540 2943 2543 ⁷

640 2549 676 2632 ξ
724 2550 882 2618 1⁰.
936 2546 1272 2627 Quoniam
1329 2567 1483 2614 vero
1533 2566 1669 2612 nou
1713 2558 1857 2613 erat
1917 2567 2217 2630 aequum
2253 2600 2267 2624 ‚
2316 2558 2391 2613 ut
2433 2547 2502 2613 in
2588 2559 2803 2613 terrae
2859 2566 3112 2635 aggere

551 2633 945 2703 foderentur
978 2634 1302 2704 coelestes
1355 2633 1788 2722 margaritae,
1848 2656 2065 2720 neque
2108 2646 2183 2702 ut
2232 2634 2549 2702 similiter
2582 2656 2660 2702 ac
2706 2634 2832 2702 filii
2882 2635 3112 2702 homi-

549 2745 717 2791 num
769 2723 1083 2792 subirent
1127 2722 1546 2812 profundum
1598 2722 1989 2801 oblivionis,
2050 2735 2403 2812 propterea
2454 2722 2688 2791 beatos
2734 2723 2889 2793 illos
2929 2721 3111 2810 fugi-

547 2811 718 2881 tivos
768 2834 1011 2880 saevus
1053 2811 1168 2880 ille
1217 2811 1593 2879 Alexander
1644 2833 1820 2900 pone
1852 2812 2186 2897 sequitur.
2242 2817 2594 2897 Tanquam
2650 2812 2833 2879 enim
2877 2810 3111 2879 divino

543 2900 848 2986 quodam
875 2901 1084 2989 jussu
1133 2898 1509 2990 impulsus,
1553 2900 1789 2976 relicta
1839 2901 2156 2990 protinus
2206 2900 2538 2980 Seleucia,
2571 2902 2752 2969 venit
2792 2905 3106 2978 Tarsum,

546 3011 724 3074 quae
759 3010 896 3057 non
930 2988 1136 3078 longo
1167 2989 1253 3057 ab
1301 3011 1379 3056 ea
1428 2989 1638 3057 distat
1677 2989 2062 3058 intervallo.
2100 2989 2191 3057 Ad
2243 3011 2398 3057 eum
2435 3003 2665 3058 autem
2709 2988 3108 3078 ingredien-

547 3090 679 3144 tem
730 3077 1099 3157 civitatem‚
1137 3077 1364 3146 statim
1409 3077 1714 3146 defertur
1746 3078 2008 3155 Julitta‚
2046 3091 2109 3146 et
2157 3079 2308 3167 ejus
2350 3076 2539 3146 filius
2588 3078 2934 3159 Quiricus
2984 3075 3109 3145 Ille

546 3188 702 3233 vero
751 3167 820 3233 in
857 3165 1118 3234 delatos
1170 3166 1523 3235 leoninum
1569 3167 1943 3252 quemdam
1975 3167 2184 3235 edens
2216 3166 2547 3255 rugitum,
2593 3178 2658 3235 et
2709 3165 3109 3266 praesidens

543 3254 615 3321 in
665 3252 804 3322 alto
846 3254 1431 3344 tribunali,jubet
1478 3277 1593 3325 eos
1643 3256 2167 3344 quamprimum
2219 3256 2390 3325 sisti.
2448 3255 2842 3345 Ingreditur
2874 3267 3107 3324 autem

546 3365 679 3411 non
718 3343 886 3412 sola:
946 3366 1079 3412 non
1123 3344 1311 3413 enim
1347 3345 1716 3413 occultavit
1750 3344 2212 3434 unigenitum,
2256 3366 2476 3431 neque
2509 3344 2787 3414 tradens
2825 3343 3106 3431 ancillis

544 3433 914 3502 curavitut
963 3433 1247 3522 fugeret.
1304 3438 1532 3518 Neque
1565 3434 1747 3502 enim
1795 3435 1989 3502 beata
2041 3432 2160 3501 illa
2208 3446 2327 3501 aut
2365 3434 2540 3501 vitae
2571 3444 2718 3502 erat
2763 3433 2933 3501 adeo
2982 3444 3106 3503 cu'-

543 3521 732 3610 pida,
789 3535 909 3592 aut
960 3522 1184 3592 filium
1234 3544 1440 3591 suum
1473 3535 1660 3591 tanto
1711 3523 2006 3591 habebat
2038 3522 2218 3601 odio,
2275 3533 2351 3590 ut
2388 3535 2506 3589 aut
2538 3545 2577 3590 a
2627 3523 2887 3591 ratione
2936 3521 3103 3589 alie-

540 3610 650 3679 nis
694 3622 874 3680 mota
908 3610 1425 3681 misericordiae
1454 3611 1780 3691 motibuS,
1822 3631 1957 3679 non
2003 3624 2229 3701 posset
2270 3610 2496 3679 videre
2534 3610 2758 3680 filium
2812 3609 3106 3679 interfici

539 3721 663 3788 pro
717 3702 1017 3777 veritate,
1073 3713 1193 3770 aut
1240 3700 1304 3768 ei
1366 3700 1754 3770 absolutam
1819 3700 2152 3770 invideret
2209 3700 2926 3778 consummationem,
2987 3710 3107 3767 aut

533 3787 983 3857 oblationem:
1026 3789 1144 3857 sed
1200 3801 1270 3857 ut
1319 3810 1495 3874 quae
1529 3801 1708 3859 esset
1742 3810 1813 3857 re
1850 3810 2006 3858 vera
2045 3788 2190 3857 filia
2220 3788 2550 3867 Abrahae,
2608 3801 2673 3858 et
2714 3787 2903 3857 illius
2939 3787 3097 3855 imi-

534 3890 799 3946 taretur
849 3878 1053 3947 fidem
1107 3889 1170 3945 et
1219 3877 1669 3958 sacrificium,
1707 3879 2143 3967 unigenitum
2174 3890 2236 3945 et
2262 3877 2593 3947 dilectum
2643 3876 3102 3946 contendebat

529 3966 931 4037 sacrificare
979 3966 1066 4046 ei,
1120 3967 1241 4052 qui
1283 3967 1520 4056 ipsum·
1564 3967 1868 4036 dederat:
1909 3981 2027 4035 aut
2073 3966 2420 4052 quomodo
2468 3972 2655 4035 Anna
2710 3965 3101 4034 Samuelem

527 4055 983 4135 ablactatum,
1039 4078 1197 4124 cum
1231 4054 1537 4145 diploide
1586 4056 1834 4125 obtulit
1872 4078 2053 4124 arae:
2109 4057 2200 4123 ita
2249 4055 2454 4124 etiam
2509 4054 2897 4124 veneranda
2950 4076 3100 4121 ma-

528 4157 631 4214 ter
681 4144 1151 4214 venerandum
1206 4144 1426 4214 filium
1455 4146 1754 4235 propriis
1789 4146 2112 4236 manibus
2147 4144 2436 4231 tradidit,
2458 4144 2539 4212 ad
2587 4143 3094 4213 holocaustum:

533 4233 817 4320 etquod
871 4247 972 4303 est
1021 4232 1247 4322 majus
1298 4234 1381 4302 iis
1431 4255 1607 4320 quae
1654 4234 1835 4303 dicta
1886 4248 2103 4312 sunt,·
2161 4254 2294 4301 non
2350 4233 2573 4302 filium
2648 4231 2873 4301 solum
2907 4287 2921 4311 ,
2980 4230 3099 4299 sed

527 4322 739 4393 etiam
794 4323 1094 4413 seipsam
1131 4321 1412 4391 tradidit
1464 4323 1813 4412 praeclara
1864 4322 2114 4392 mulier
2146 4323 2231 4391 ad
2281 4322 2586 4401 caedem,
2630 4341 2898 4419 magna·
2939 4340 3099 4388 voce

528 4412 847 4487 clamans
916 4434 987 4483 se
1056 4434 1206 4481 esse
1254 4412 1745 4507 Christianam,
1808 4425 1873 4483 et
1939 4411 2163 4482 solum
2217 4432 2417 4481 nosse
2470 4416 2683 4481 Deum
2716 4408 3094 4549 &hristum
