3357 4995
234 409 456 477 JUNII
501 411 588 476 25
985 428 1066 477 nr.
1110 430 1169 479 s.
1219 428 1460 479 ummo
1506 428 1764 478 raum.
1816 429 2016 480 muse.
2554 413 2682 480 563

235 512 324 583 ad
373 511 652 603 nuptias
682 568 698 594 ,
751 511 1131 585 divinitatis
1195 536 1360 587 suae
1419 514 1796 605 potentiam
1844 515 2293 586 manifestans
2323 514 2562 606 (Hom.
2620 538 2769 588 xxlx

234 624 411 704 quae
457 612 553 672 est
592 606 654 670 1.
708 602 789 672 de
834 603 1014 694 bapt.
1049 602 1241 693 Chr.)
1269 624 1484 691 aquas
1529 604 1603 674 in
1651 603 1936 686 vinum,
1991 627 2208 692 aquas
2249 605 2320 675 in
2373 626 2533 675 uam
2570 605 2770 675 vertit

234 711 308 760 1n
340 690 605 772 vinum,
656 689 788 760 hoc
817 702 920 763 est
961 713 1137 779 quas
1184 691 1636 764 sanctificavit
1701 693 1772 762 in
1829 693 2198 785 baptism0,
2262 715 2350 764 no
2402 693 2646 763 ilitavit
2694 693 2766 763 in

233 778 573 880 nuptiis.»
621 779 821 863 Hinc,
872 791 949 850 ut
992 781 1262 868 quoties
1308 803 1455 853 sese
1502 781 1698 852 offert
1757 782 2049 864 occasio,
2103 793 2596 873 argumentum
2654 804 2767 852 ar-

233 868 399 969 riplt
430 867 767 938 Maximus
805 880 1034 940 noster
1063 869 1463 940 inculcandi
1487 869 1831 960 dogmatis
1859 871 2043 958 quod
2079 882 2224 941 tum
2260 871 2558 941 maxime
2575 871 2765 941 Aria-

237 977 509 1027 msmus
544 966 610 1027 et
655 956 899 1028 affines
931 970 1150 1029 sectae
1181 958 1473 1049 dejicere
1512 959 1930 1040 nitebantur;
1983 982 2020 1025 «
2051 960 2206 1030 Tria
2249 959 2532 1047 quidem
2565 959 2770 1040 haec,

236 1044 500 1128 fratreS,
565 1046 778 1116 unius
826 1046 1013 1117 Fidei
1067 1048 1394 1138 mysteria
1459 1069 1920 1130 recensemus,
1983 1048 2098 1118 sed
2151 1069 2330 1137 quae
2376 1070 2498 1138 per
2535 1068 2761 1119 unum

234 1134 604 1206 Dominum
639 1135 950 1236 dignatio
996 1135 1345 1207 Trinitatis
1377 1136 1709 1228 implevit.
1753 1140 1984 1224 Neque
2029 1136 2237 1207 etiam
2286 1135 2659 1226 aliquando
2690 1135 2762 1204 in

234 1223 630 1316 operatione
678 1234 1008 1295 virtutum
1041 1225 1280 1297 abesse
1312 1225 1445 1296 sibi
1485 1226 1718 1297 unitas
1766 1236 2007 1315 potest,
2053 1236 2171 1295 aut
2209 1235 2521 1314 unquam
2565 1246 2764 1315 sepa-

232 1313 377 1383 rari
421 1312 510 1381 ab
540 1311 832 1384 invicem
880 1312 1063 1403 quod
1096 1314 1348 1385 Deitate
1378 1326 1479 1385 est
1525 1314 1927 1385 indivisum.
1985 1315 2290 1402 Denique
2326 1335 2489 1384 cum
2538 1313 2766 1403 bapti-

233 1411 503 1472 zaretur
549 1401 875 1484 Salvator,
928 1420 1064 1472 non
1113 1424 1187 1474 se
1222 1402 1458 1473 deesse
1491 1403 1855 1494 Unigenito
1901 1408 2095 1473 Pater
2127 1403 2197 1472 in
2229 1424 2391 1472 voce
2430 1400 2758 1492 prodidit,

235 1490 532 1581 Spiritus
580 1490 652 1558 in
722 1489 1127 1562 columba...
1190 1491 1405 1562 Hodie
1460 1492 1736 1579 itaque,
1789 1502 1866 1561 ut
1930 1491 2275 1573 diximus,
2344 1495 2584 1582 Magus
2645 1511 2766 1580 per

234 1577 502 1651 stellam
552 1578 824 1669 reperit,
854 1578 1037 1669 quod
1062 1586 1101 1650 J
1107 1580 1371 1651 udaeus
1399 1578 1675 1650 credere
1712 1578 1932 1650 noluit
1965 1602 2089 1670 per
2116 1580 2510 1680 Prophetas;
2559 1578 2764 1648 hodie

234 1666 592 1739 Gentilitas
637 1667 878 1739 edocta
906 1667 991 1738 de
1022 1668 1211 1739 coelo
1236 1667 1758 1760 Redemptorem
1793 1669 2039 1738 mundi
2074 1668 2363 1756 inquirit
2387 1679 2463 1738 ut
2503 1689 2758 1759 regem,

233 1768 644 1828 muneratur
676 1768 752 1827 ut
785 1756 1051 1839 fortem,
1104 1756 1342 1828 adorat
1361 1770 1438 1828 ut
1462 1762 1703 1828 Deum.
1738 1756 1972 1827 Videte
1995 1768 2059 1827 et
2093 1757 2447 1839 intendite,
2493 1756 2759 1837 fratre5‚

231 1856 570 1933 quantum
630 1845 887 1935 gratiae
933 1843 1019 1915 de
1087 1845 1322 1916 divina
1391 1845 1791 1936 dignatione
1850 1845 2229 1917 mortalitas
2275 1857 2755 1933 consequatur.

232 1939 400 2006 Nam
435 1945 512 2004 ut
541 1933 1006 2006 sacratissima
1036 1933 1561 2025 Redemptionis
1595 1946 1866 2005 nostrae
1886 1934 2215 2025 mysteria
2238 1933 2759 2014 confirmentur,

229 2034 297 2093 et
327 2034 405 2094 ut
450 2020 885 2095 manifestius
929 2034 1205 2094 aeterna
1252 2023 1450 2095 nobis
1488 2023 1781 2094 Trinitas
1832 2023 2190 2106 reveletur,
2228 2023 2616 2114 baptizatur
2657 2021 2765 2090 Fi-

231 2110 370 2213 lius
422 2111 493 2180 in
538 2110 871 2194 Jordane,
932 2112 1227 2203 Spiritus
1275 2112 1659 2183 sanctificat
1716 2124 2253 2194 sacramentum,
2306 2117 2503 2196 Pater
2547 2111 2765 2201 aperit

231 2211 580 2270 ventatem
592 2253 606 2268 .
619 2250 633 2264 .
649 2252 663 2265 .
677 2222 713 2267 »

318 2290 357 2376 ἓ
401 2293 547 2362 14.
598 2292 816 2371 Quam
864 2287 1211 2391 eleganter
1265 2300 1493 2360 autem
1547 2310 1760 2375 quam
1810 2289 1921 2379 pie
1969 2294 2033 2359 S.
2087 2288 2432 2359 Antistites
2484 2286 2638 2358 ead.
2692 2288 2764 2356 in

231 2375 486 2447 Homil.
538 2383 876 2447 Joannem
928 2400 1025 2448 810
1075 2378 1419 2449 Christum
1469 2376 1932 2465 alloquentem
1984 2377 2339 2470 proponit!
2379 2400 2416 2443 «
2448 2381 2586 2467 Ego
2636 2377 2767 2446 uti·
2809 2419 2813 2424 -

228 2486 366 2567 que
410 2488 452 2536 a
497 2477 562 2537 te
606 2464 820 2567 debeo
865 2466 1245 2558 baptizari,
1297 2466 1462 2555 quia
1509 2466 1682 2537 mihi
1728 2478 1831 2537 est
1875 2489 1955 2537 ex
2004 2478 2287 2559 paterna
2336 2465 2766 2557 praevarica-

230 2565 416 2626 tlone
453 2566 842 2646 corruptlo,
893 2567 960 2626 et
1004 2557 1129 2627 tibi
1177 2556 1248 2626 in
1298 2561 1583 2625 Paterna
1633 2556 1985 2646 majestate
2031 2557 2429 2627 communio
2438 2610 2573 2625 .....
2626 2559 2765 2644 Ego

231 2656 579 2716 terrenum
614 2642 898 2726 animal,
950 2649 1048 2714 Tu
1094 2649 1328 2735 Agnus
1375 2645 1515 2725 Dei,
1569 2648 1708 2736 Ego
1758 2645 2017 2735 peccati
2066 2645 2215 2735 lege
2264 2643 2596 2725 mortaliS,
2660 2649 2762 2713 Tu

228 2744 456 2804 autem
490 2788 507 2815 ,
558 2731 891 2803 adversus
938 2748 1217 2823 peccata
1263 2732 1544 2803 veniens
1569 2787 1584 2814 ,
1639 2734 1865 2803 nescis
1912 2734 2269 2824 subjacere
2317 2745 2640 2823 peccato;
2692 2743 2757 2802 et

227 2831 383 2912 post
428 2820 685 2904 omnia,
736 2843 863 2912 ego
907 2843 1066 2892 sum
1114 2822 1334 2892 factus
1382 2821 1866 2893 redimendum
1914 2845 1955 2891 a
2001 2834 2088 2904 te,
2141 2827 2241 2891 Tu
2287 2832 2517 2892 autem
2550 2831 2756 2890 natus

224 2922 305 2981 ut
341 2909 665 2981 redimaS.
698 2933 735 2979 »
757 2915 906 2982 Mox
931 2910 1163 2981 Jesum
1194 2909 1439 2981 Joanni
1470 2909 1996 3000 respondentem
2038 2910 2308 2981 inducit
2345 2911 2474 2980 hoc
2511 2908 2754 2979 modo:

227 3021 265 3067 «
299 2997 545 3070 Omnia
589 2997 869 3086 quidem
922 3020 1079 3069 vera
1123 3012 1288 3069 sunt
1333 3021 1510 3087 quae
1550 3020 1934 3079 memoras;
1970 3000 2087 3069 sed
2120 3000 2288 3068 haec
2321 2998 2457 3068 mei
2496 2996 2750 3067 adven-

225 3099 339 3159 tus
385 3100 487 3158 est
533 3087 727 3169 ratio,
781 3098 860 3158 ut
902 3088 1068 3175 quia
1114 3088 1246 3159 sub
1294 3089 1441 3180 lege
1488 3087 1712 3161 sactus
1758 3110 1939 3171 sum,
1979 3088 2146 3158 ordo
2195 3087 2545 3178 legitimus
2592 3107 2761 3177 sup-

276 3176 516 3248 leatur.
570 3177 736 3247 Veni
790 3176 975 3246 enim
1027 3197 1161 3246 non
1211 3187 1288 3248 ut
1333 3176 1507 3248 mihi
1554 3178 1872 3258 viverem,
1923 3178 2040 3248 cui
2087 3176 2225 3245 vita
2272 3188 2548 3246 aeterna
2593 3197 2755 3245 cum

277 3277 419 3336 atre
464 3277 606 3346 est;
659 3264 778 3336 sed
824 3277 904 3336 ut
947 3264 1408 3336 conditionem
1458 3276 1718 3336 vestrae
1769 3267 2004 3337 mortis
2064 3264 2456 3335 auferam...
2511 3269 2590 3333 Et
2646 3284 2753 3333 re-

222 3375 429 3456 vera,
482 3353 723 3424 fratres
760 3408 777 3436 ,
829 3354 1176 3455 quomodo
1224 3376 1348 3444 pro
1396 3354 1595 3426 nobis
1643 3353 1953 3456 Christus
2001 3353 2088 3455 ad
2116 3353 2585 3454 ’baptismum‘
2616 3373 2753 3451 non

221 3455 507 3526 vemt-et,
539 3453 816 3534 propter
859 3465 1034 3532 quos
1071 3454 1276 3513 ettam
1323 3464 1692 3533 corporeae
1737 3464 2289 3513 circumctsioms
2339 3461 2476 3511 non
2527 3450 2758 3511 vitavit

220 3531 600 3623 injuriam?
646 3530 838 3602 Unde
864 3545 929 3602 et
954 3532 1250 3602 Joannes
1282 3530 1580 3601 salutare
1616 3534 2022 3622 mysterium
2055 3551 2574 3622 recognoscen5‚
2612 3550 2750 3598 non

212 3621 363 3712 jam
412 3620 529 3691 Dei
576 3619 826 3690 Filium
874 3632 951 3691 ut
998 3621 1300 3711 Baptista
1346 3620 1754 3701 sanctificat,
1807 3620 1928 3691 sed
1969 3631 2044 3689 ut
2091 3618 2377 3689 devotus
2443 3617 2758 3689 minister

220 3708 633 3781 coelestibus
679 3710 1103 3802 obtemperat
1140 3709 1233 3778 im
1286 3709 1623 3779 eratis...»
1657 3714 1736 3779 Et
1765 3709 1835 3778 in
1870 3708 2169 3779 Homilia
2196 3730 2393 3778 xxmv
2430 3728 2609 3796 quae
2656 3717 2760 3777 est

220 3804 294 3868 6⁸
337 3798 421 3869 de
480 3803 670 3888 Bapt.
739 3797 922 3868 Chr.:
976 3820 1014 3865 «
1044 3804 1210 3868 Prae
1261 3798 1507 3879 icabat,
1559 3797 1811 3886 inquit,
1857 3797 1928 3868 in
1978 3796 2246 3867 deserto
2291 3797 2589 3867 Joannes
2637 3795 2759 3865 ba·-

221 3886 556 3976 ptismum
651 3887 1058 3957 oenitentiae
1105 3886 1359 3977 populo
1408 3886 1829 3977 peccatori...
1866 3885 2265 3957 confluebat
2292 3884 2377 3955 ad
2417 3885 2756 3955 Joannem

220 3973 561 4047 desiderio
634 3976 863 4047 avacri
900 3975 1328 4046 diversorum
1366 3975 1848 4064 copiosissima
1897 3974 2356 4046 multitudo...
2388 3979 2573 4044 Inter
2621 3972 2759 4042 hu-

210 4063 522 4153 jusmodi
555 4063 892 4145 homineS‚
946 4065 1278 4135 virtutum
1311 4061 1710 4135 coelestium
1754 4064 2171 4134 Dominus...
2210 4061 2517 4133 Christus
2548 4062 2761 4131 Jesus

218 4172 359 4221 non
407 4150 817 4243 dedignatur
863 4153 1151 4224 humilis
1182 4164 1246 4224 et
1282 4152 1557 4310 quietus
1584 4152 1672 4222 ad
1704 4152 1958 4224 servuli
1990 4153 2098 4225 sui
2129 4152 2554 4253 baptismum
2589 4171 2755 4241 pro-

217 4261 461 4333 perare
469 4289 600 4309 .....
653 4241 1042 4335 Baptizatur
1086 4264 1247 4335 ergo
1330 4264 1489 4314 esus
1538 4264 1675 4312 non
1724 4241 1857 4311 sibi
1906 4240 2022 4313 sed
2074 4242 2311 4321 nobts;
2360 4239 2755 4331 baptizatur

214 4350 356 4425 non
404 4340 482 4399 ut
530 4330 931 4419 purificetur
957 4332 1180 4434 aquiS,
1227 4330 1345 4402 sed
1393 4342 1469 4402 ut
1516 4353 1733 4418 aquas
1773 4331 1919 4421 ipse
1949 4330 2320 4412 santificet;
2361 4328 2751 4418 baptizatur

214 4441 440 4491 novus
486 4415 714 4501 homo,
769 4432 846 4491 ut
881 4443 1042 4491 novt
1089 4421 1175 4492 ba
1227 4420 1519 4492 tismatis
1566 4419 1938 4490 constituat
1985 4430 2575 4490 sacramentum...
2614 4412 2748 4514 Ad-

212 4508 457 4583 vertite
514 4518 774 4597 quanta
819 4510 1017 4583 nobis
1072 4509 1145 4580 in
1240 4508 1601 4603 aptismate
1648 4508 1919 4581 Domini
1969 4507 2303 4599 patefacta
2350 4506 2437 4578 sit
2495 4515 2738 4596 grana,
