3357 4995
689 314 773 379 58
1151 275 1491 377 mansur.
1545 328 1637 376 ss.
1692 328 1806 376 uu.
1862 328 2044 377 rimu
2088 327 2163 376 Er
2210 323 2586 376 uanescunt
2831 309 2869 374 J
2881 307 3050 374 UNII
3099 309 3140 374 2

598 411 978 503 portionem
1018 409 1191 479 mihi
1243 407 1684 491 deferendam
1729 408 2017 493 obtulit:
2070 421 2135 478 et
2181 407 2556 496 requisitus
2602 406 2689 476 de
2736 406 3145 480 nominibus

594 522 864 581 eorum,
896 497 1070 569 mihi
1119 514 1195 568 se
1232 496 1355 567 illa
1399 496 1780 578 dicturum,
1813 495 2095 586 quando
2133 496 2220 566 ad
2266 518 2375 566 me
2404 493 2725 578 venisset,
2758 495 3138 585 respondit.

596 588 856 659 Monuit
902 599 1173 669 tamen,
1227 597 1305 656 ut
1349 585 1590 655 eadem
1638 586 2111 667 veneratione,
2165 607 2304 673 qua
2377 595 2683 655 caeterae
2742 598 3142 656 sanctorum

593 689 975 767 martyrum
1019 674 1350 763 reliquiae
1383 674 1796 755 colerentur,
1837 695 1916 744 eo
1946 673 2132 762 quod
2181 695 2318 744 non
2370 673 2659 744 minoris
2704 672 2893 763 apud
2929 678 3144 744 Deum

593 778 819 837 essent
859 764 1110 845 meriti,
1153 762 1364 852 quam
1408 768 1530 832 ΒΒ.
1586 762 2028 833 Marcellinus
2075 773 2142 833 et
2187 767 2461 833 Petrus:
2513 774 2580 832 et
2628 761 2757 832 hoc
2819 783 2929 831 me
2991 784 3147 834 esse

572 854 1046 941 crediturum,
1075 875 1237 922 cum
1266 850 1575 941 primum
1607 851 1695 920 ad
1746 872 1856 921 me
1907 851 2271 922 nominum
2314 850 2593 921 illorum
2624 850 2858 921 notitia
2911 872 3146 942 perve-

594 944 831 1015 nisset.
888 940 1206 1031 Suscepit
1257 939 1374 1011 ille
1425 961 1689 1012 munus
1747 939 2082 1022 oblatum,
2131 950 2336 1039 atque
2390 940 2487 1021 id,
2542 949 2621 1009 ut
2666 939 2801 1009 sibi
2854 960 3147 1029 persua-

594 1054 751 1102 sum
816 1044 994 1112 erat,
1048 1039 1447 1100 sanctorum
1490 1040 1908 1118 martyrum
1975 1029 2386 1119 corporibus
2443 1027 2752 1099 sociavit.
2824 1028 3147 1116 Initoque

593 1119 883 1190 consilio
931 1140 1094 1189 cum
1144 1117 1413 1208 hospite
1443 1138 1594 1199 su0,
1633 1138 1908 1187 sacrum
1939 1116 2141 1188 illum
2176 1138 2257 1187 ac
2289 1115 2818 1187 desiderabilem
2861 1117 3145 1188 thesau-

595 1230 751 1278 rum
802 1208 874 1276 in
930 1205 1208 1277 scriniis
1254 1203 1687 1275 reconditum
1720 1219 1927 1293 atque
1960 1206 2334 1296 signatum,
2391 1226 2514 1296 per
2552 1207 2968 1275 Lunisonem
3002 1205 3147 1276 fra-

594 1309 766 1366 trem
807 1296 986 1383 ejus,
1028 1296 1232 1383 cujus
1271 1293 1924 1385 superius-fecimus
1949 1293 2393 1374 mentionem,
2451 1314 2719 1364 necnon
2753 1306 2820 1364 et
2851 1294 3146 1396 presby·

596 1399 820 1456 terum
855 1383 1187 1464 Hildoini,
1224 1383 1348 1471 qui
1387 1404 1623 1453 secum
1657 1395 1960 1457 venerat.
2014 1383 2298 1474 Papiam
2328 1404 2551 1470 usque
2580 1381 2928 1473 deportari
2953 1382 3140 1455 fecit:

595 1475 743 1566 ipse
801 1494 960 1543 cum
1010 1470 1248 1542 eodem
1299 1471 1569 1561 hospite
1613 1493 1741 1543 suo
1790 1477 2046 1542 Romae
2106 1470 2437 1553 substitit,
2508 1472 2878 1562 opperiens
2935 1483 3145 1560 atque

596 1561 1003 1633 auscultans
1052 1582 1171 1651 per
1214 1559 1581 1631 continuos
1629 1573 1890 1651 septem
1939 1560 2111 1641 dies,
2164 1560 2224 1630 si
2263 1559 2350 1630 de
2396 1559 2689 1631 sublatis
2739 1574 3142 1632 sanctorum

594 1650 1002 1741 corporibus
1034 1648 1298 1737 aliquid
1327 1647 1412 1718 ad
1441 1648 1756 1719 notitiam
1805 1649 2063 1718 civium
2103 1648 2545 1739 pervenisset.
2592 1653 2896 1735 Cumque
2926 1649 3152 1720 vidis-‘

596 1754 697 1809 set
745 1738 1006 1807 nullam
1040 1761 1080 1807 a
1126 1735 1435 1824 quolibet
1472 1750 1793 1808 extraneo
1827 1737 1912 1807 de
1945 1736 2075 1807 hoc
2120 1736 2298 1808 facto
2346 1737 2496 1806 fieri
2545 1735 2989 1819 mentionem,
3044 1738 3146 1809 la·

599 1830 745 1898 tere'
774 1826 948 1897 illud
988 1827 1415 1906 existimanS,
1462 1838 1612 1915 post
1659 1848 1777 1897 eos
1823 1848 1997 1913 quos
2046 1825 2518 1917 praemiserat,
2573 1836 2854 1927 sumpto
2902 1849 3146 1897 secum

598 1916 865 2006 hospite
913 1935 1062 1994 suo,
1104 1913 1446 2004 profectus
1485 1927 1609 1985 est.
1641 1920 1825 1997 Quos
1848 1937 2010 1985 cum
2061 1915 2279 1984 Ticini
2322 1914 2509 2005 apud
2554 1913 2916 1985 basilicam
2961 1915 3147 1987 beati

595 2005 887 2074 ‚Ioannis
952 2004 1331 2094 Baptistae,
1384 2024 1563 2090 quae
1622 2003 1828 2094 vulgo
1889 2008 2282 2073 Domnanae
2332 2015 2647 2083 vocatur,
2701 2025 2781 2074 ac
2829 2015 2996 2073 tunc
3062 2026 3148 2075 ex

597 2091 932 2162 beneficio
981 2097 1244 2182 Regum
1278 2091 1362 2161 ad
1399 2113 1622 2162 meam
1656 2092 1989 2179 pertinuit
2034 2104 2460 2183 potestatem,
2496 2091 2865 2162 adventum
2898 2090 3149 2163 eorum

647 2181 1092 2251 raestolantes
1124 2180 1569 2263 invenissent,
1616 2192 2005 2252 statuerunt
2049 2181 2281 2263 etiam,
2318 2193 2393 2250 ut
2425 2194 2490 2252 et
2523 2180 2659 2271 ipsi
2704 2179 2969 2268 aliquot
2997 2181 3148 2252 die-

596 2204 729 2341 Eus
777 2270 875 2339 ibi
925 2279 1382 2349 morarentur,
1421 2282 1486 2338 et
1535 2282 1812 2360 propter
1848 2269 2352 2359 jumentorum,
2388 2268 2457 2337 in
2493 2268 2751 2356 quibus
2783 2284 3143 2352 venerant,

597 2358 1057 2439 refectionem,
1110 2370 1176 2427 et
1214 2368 1491 2448 propter
1518 2380 1587 2428 se
1621 2357 1812 2448 ipsos
1840 2358 1926 2427 ad
1959 2358 2340 2449 longiorem
2382 2358 2561 2427 viam
2593 2357 3139 2449 praeparandos.

683 2450 900 2536 §11
953 2452 1032 2517 In
1082 2447 1213 2518 hoc
1274 2466 1626 2517 morarum
1688 2468 1977 2517 suarum
2024 2446 2319 2518 articulo
2388 2445 2573 2517 fama
2633 2446 2818 2527 exiit,
2876 2445 3148 2538 legatos

596 2549 874 2608 sanctae
920 2542 1269 2608 Romanae
1314 2536 1655 2607 Ecclesiae
1700 2558 1741 2605 a
1791 2535 2116 2608 Pontifice
2145 2536 2232 2606 ad
2273 2540 2762 2626 Imperatorem
2811 2535 3141 2616 directos,

595 2626 714 2695 illo
753 2626 940 2697 brevi
985 2646 1135 2696 esse
1172 2636 1526 2694 venturos.
1563 2630 1801 2711 Itaque
1832 2625 2029 2694 veriti
2074 2625 2160 2696 de
2206 2624 2505 2696 adventu
2552 2623 2829 2694 illorum
2865 2623 3145 2712 aliquid

595 2715 728 2787 sibi
776 2713 1223 2794 incommodi,
1278 2712 1381 2782 vel
1420 2713 1625 2783 etiam
1673 2713 2153 2804 impedimenti
2200 2713 2511 2784 accidere
2555 2734 2778 2803 posse,
2814 2713 2874 2782 si
2914 2734 2989 2784 se
3042 2714 3150 2786 ibi

594 2802 1206 2893 deprehenderent,
1240 2801 1789 2876 decreveruntut
1819 2801 2103 2890 quidam
2136 2825 2218 2874 ex
2241 2804 2365 2883 eis,
2391 2802 2733 2882 abeund0‚
2766 2801 3151 2875 adventum

593 2913 830 2962 eorum
896 2889 1285 2964 festinando
1335 2903 1859 2980 praeverterent,
1912 2891 2032 2961 alii
2079 2890 2151 2959 in
2204 2890 2351 2961 loco
2399 2903 2866 2973 remanerent,
2897 2904 2987 2961 et
3036 2914 3139 2973 re,

594 2980 679 3049 de
724 3000 858 3067 qua
911 2978 1157 3049 soliciti
1205 2991 1422 3059 erant,
1467 2978 1834 3070 diligenter
1860 2980 2290 3070 investigata,
2330 2990 2480 3069 post
2509 2979 2910 3070 eorumdem
2949 2977 3146 3071 lega-

593 3082 821 3138 torum
871 3066 1269 3137 abscessum
1323 3068 1545 3139 socios
1592 3089 1780 3150 suOS,
1826 3090 2000 3155 quos
2052 3067 2585 3159 praemiserant,
2639 3067 2839 3155 sequi
2889 3088 3145 3160 prope-

594 3168 847 3226 rarent.
900 3159 1063 3224 Cum
1117 3156 1210 3225 ita
1256 3156 1436 3228 inter
1479 3178 1596 3226 eos
1646 3155 1733 3226 de
1780 3157 1909 3227 hac
1957 3177 2029 3225 re
2075 3156 2515 3235 constitisset,
2564 3155 2926 3226 Deusdona
2973 3178 3146 3229 cum

594 3245 992 3335 presbytero
1040 3243 1347 3314 Hildoini
1396 3245 1655 3334 legatos
1704 3246 1941 3322 Roma
1968 3246 2315 3316 venientes
2363 3245 2757 3335 praecessit,
2801 3258 2876 3314 et.
2907 3249 3146 3336 Augu-

595 3346 768 3404 stam
822 3338 1256 3414 Suessorum,
1309 3334 1431 3404 ubi
1471 3333 1875 3403 Hildoinum
1906 3354 2055 3403 esse
2104 3333 2402 3414 rebatur,
2455 3345 2717 3421 quanta
2764 3334 2986 3424 potuit
3039 3333 3147 3405 fe-

595 3422 962 3492 stinatione
999 3421 1373 3492 contendit.
1426 3421 1774 3492 Ratleicus
1826 3443 1980 3491 vero
2028 3444 2189 3492 cum
2238 3422 2586 3503 thesauro,
2640 3444 2844 3509 quem
2898 3444 3144 3494 secum

594 3510 911 3590 habebat,
965 3510 1214 3601 Papiae
1267 3510 1622 3591 remansit,
1675 3522 2042 3600 expectans
2090 3510 2309 3581 donec
2358 3510 2563 3603 legati
2620 3509 2816 3581 Sedis
2860 3515 3149 3601 Aposto-

597 3600 766 3668 licae
819 3600 1306 3689 praeterirent:
1360 3611 1439 3669 ut
1486 3598 1626 3670 illis
1672 3598 1872 3689 Alpes
1930 3599 2406 3690 transgressis,
2463 3600 2643 3669 viam
2686 3620 2884 3669 suam
2939 3622 3147 3672 secu-

595 3688 745 3757 rius
791 3710 1073 3779 carpere
1106 3689 1462 3779 potuisset.
1517 3685 1786 3757 Veritus
1835 3687 2063 3775 itaque
2109 3709 2196 3758 ne
2245 3688 2596 3779 presbyter
2633 3687 2964 3770 Hildoini,
3017 3692 3150 3777 qui

594 3798 756 3846 cum
813 3776 1176 3848 Deusdona
1239 3788 1745 3867 praecesserat,
1812 3777 2071 3863 quique
2117 3778 2471 3856 omnium,
2524 3791 2701 3864 qua‘e
2769 3776 2954 3866 apud
3023 3799 3149 3852 eos

592 3877 786 4023 gesta
834 3865 934 3935 vel
974 3877 1258 3936 tractata
1304 3864 1599 3945 fuerant,
1637 3863 2020 3954 plenariam
2057 3877 2260 3953 atque
2300 3865 2635 3956 integram
2672 3865 2984 3937 notitiam
3021 3865 3153 3937 ha-

641 3954 820 4034 ebat,
850 3954 1017 4042 quia
1063 3952 1249 4022 vafer
1295 3975 1374 4022 ac
1401 3952 1710 4022 lubric‘ae
1735 3952 1898 4023 fidei
1936 3953 2319 4035 videbatur,
2363 3953 2626 4041 aliquid
2661 3953 2754 4022 im
2810 3953 3153 4027 edimenti

596 4043 731 4114 sibi
778 4044 849 4113 in
914 4043 1063 4124 via,
1117 4064 1253 4129 qua
1300 4041 1400 4111 ire
1446 4041 1860 4131 dispositum
1917 4041 2248 4123 habebat,
2307 4042 2691 4113 machinari
2827 4042 3143 4127 buisset‚

593 4132 808 4202 altera
857 4131 990 4202 sibi
1040 4129 1349 4200 eundum
1394 4129 1775 4218 judicavit:
1831 4131 2180 4218 missoque
2226 4130 2313 4200 ad
2356 4154 2466 4202 me
2521 4131 2987 4222 procuratoris
3022 4153 3150 4204 no-

595 4221 723 4290 stri
776 4219 1022 4290 Ascolfi
1072 4239 1286 4309 puero
1340 4240 1500 4289 cum
1535 4217 1775 4300 literiS‚
1806 4219 2067 4306 quibus
2095 4240 2202 4289 me
2231 4219 2408 4290 etde
2456 4220 2840 4291 reversione
2873 4229 3044 4302 sua,'
3081 4236 3151 4294 et

594 4308 680 4379 de
720 4308 1045 4378 allatione
1092 4306 1421 4386 thesauri,
1477 4329 1684 4395 quem
1736 4307 2067 4378 divinitus
2115 4307 2396 4397 adjutus
2448 4309 2821 4390 invenerat,
2874 4323 3148 4381 certum

595 4396 937 4467 efficeretz‘
980 4396 1127 4485 ipse
1178 4407 1540 4487 postquam
1575 4402 1921 4467 Romanos
1959 4418 2040 4466 ex
2071 4397 2474 4484 conjectura·
2500 4399 2940 4467 mansionum
2963 4420 3147 4487 quae
