3357 4995
249 280 472 346 JUNH
533 281 603 344 tt
2595 282 2722 345 3⁴9

767 509 889 607 DE
959 507 1303 607 GESTlS
1371 508 1453 605 S.
1529 508 1905 607 BASlLll
1980 507 2303 608 MAGNl

719 748 1176 813 CAESAREAE
1251 748 1331 813 IN
1407 747 1897 812 CAPPADOCIA
1970 747 2335 812 EPISCOPl

1011 890 1109 953 ET
1159 889 1589 954 ECCLESIAE
1649 889 2051 954 DOCTORIS

447 1103 562 1148 psa
609 1100 1087 1148 aurnitocmtm
1133 1079 1239 1167 (a)
1283 1099 1476 1147 monn
1527 1101 1723 1147 Erisc.
1780 1101 2163 1148 mearam
2215 1099 2374 1147 uaso
2425 1101 2605 1147 suan.

249 1261 326 1306 OB
385 1259 556 1305 STYLI
606 1258 732 1304 TUM
781 1255 1163 1314 BARBARIEM,
1221 1257 1346 1303 TUM
1396 1256 1867 1304 OBSCURITATEM
1914 1257 2039 1313 Quo
2090 1257 2431 1303 INTERPRES
2496 1255 2801 1304 INCERTUS

342 1366 500 1413 USUS
544 1366 690 1422 EST,
763 1365 865 1411 luc
919 1363 1167 1410 PAULLO.
1207 1364 1495 1410 LATlNIUS
1545 1365 1870 1420 PLERAQUE
1919 1363 2119 1411 ouNlA
2168 1364 2573 1421 RRDDIDIMUS,
2626 1364 2803 1410 let.

345 1474 422 1519 DE
453 1471 792 1519 INDUSTRIA
841 1471 1092 1517 MUTATA
1143 1471 1520 1529 SENTENTIQ
1566 1472 1680 1517 SED
1728 1472 1975 1517 Annrrls
2024 1471 2151 1518 NON
2201 1471 2421 1519 PAUCIS
2469 1471 2547 1516 Ex
2612 1470 2799 1516 VETU-

342 1574 472 1620 STIS
522 1573 662 1620 MSS.
719 1573 919 1619 LIBRIS
966 1573 1133 1628 QUAE
1185 1573 1246 1619 IN
1295 1572 1557 1620 EXCUSIS
1608 1572 2107 1619 DESIDERANTUR.

1068 1726 1228 1784 Vita.
1268 1729 1552 1784 functus
1615 1743 1794 1784 anno
1838 1732 1980 1784 379.

335 1895 371 1979 ξ
419 1899 495 1965 1.
550 1890 843 1962 Basilius
889 1893 1308 1980 (Caesareae
1365 1893 1430 1959 in
1486 1892 1788 1982 Cappad.
1847 1893 2107 1981 natus)
2156 1916 2317 1962 curn
2399 1914 2570 1982 puer
2623 1906 2802 1964 esset
2846 1949 2857 1960 .

247 1982 622 2071 septennis,
669 2003 709 2049 a
760 1981 1162 2069 parentibus
1210 1981 1567 2052 adhibitus
1607 1994 1711 2050 est
1775 1982 2025 2053 studiis
2092 1981 2486 2051 literarum:
2542 1982 2800 2067 quibus

245 2070 803 2157 quinquennium
861 2092 1136 2149 vacans,
1207 2071 1467 2159 ingenii
1517 2071 1820 2139 bonitate
1893 2092 2180 2160 magnos
2232 2071 2298 2137 in
2364 2071 2800 2159 philosophia

247 2158 404 2228 fecit
455 2180 880 2249 progressus.
939 2159 1105 2226 Inde
1162 2159 1393 2228 relicto
1447 2172 1727 2249 paterno
1764 2160 1930 2238 solO,
1986 2159 2280 2228 Athenas
2336 2181 2408 2227 se
2455 2159 2789 2237 contulit,

247 2269 643 2316 sermonum
700 2261 1076 2335 parentem:
1131 2271 1430 2334 cumque
1469 2261 1645 2317 esset
1693 2249 2045 2326 castitate,
2099 2248 2557 2328 continentia,
2615 2248 2797 2316 mul-

247 2349 451 2421 taque
499 2336 908 2405 abstinentia
944 2349 1252 2416 ornatuS,
1304 2338 1370 2405 in
1401 2337 1846 2427 disciplinam
1888 2336 2169 2405 'Eubulo
2198 2341 2489 2405 Graecae
2525 2337 2797 2425 sapien-

247 2425 379 2493 tiae
430 2425 757 2515 magistro
790 2425 1212 2493 se'tradidit.
1270 2432 1477 2512 Atque
1529 2427 1619 2494 ita
1669 2426 1784 2494 ille
1839 2448 1911 2496 se
1957 2425 2308 2494 doctrinae
2354 2425 2565 2503 dedit,
2623 2424 2642 2492 i
2700 2426 2797 2493 sis

242 2514 448 2583 etiam
502 2514 1062 2613 praeceptoribus
1139 2515 1617 2585 admirandus.
1675 2514 2199 2605 condiscipulos
2272 2527 2498 2583 autem
2558 2447 2796 2583 habuit

242 2608 648 2692 Gregorium
704 2608 1052 2692 Magnum,
1095 2617 1328 2693 postea
1378 2605 1689 2672 Nazianzi
1740 2604 2171 2693 episcopum,
2208 2605 2328 2689 qui
2377 2603 2582 2672 etiam
2624 2608 2794 2671 Con-

241 2691 895 2780 stantinopolitanae
923 2693 1105 2763 sedis
1131 2693 1403 2761 clavum
1440 2694 1678 2771 tenuit,
1731 2694 2026 2779 itemque
2060 2693 2417 2761 sulianum
2470 2715 2504 2758 a
2545 2692 2795 2760 teneris

240 2781 446 2849 annis
480 2780 973 2859 Christianum,
1015 2794 1215 2867 atque
1253 2781 1640 2851 Libanium.
1692 2788 1896 2851 Porro
1928 2802 2161 2850 secum
2217 2781 2360 2870 ipse
2409 2781 2788 2859 constituit,

242 2870 344 2937 vir
391 2870 701 2937 omnium
747 2868 1200 2945 admiratione
1261 2870 1540 2970 dignuS,
1599 2871 1769 2939 nihil
1846 2892 2064 2957 neque
2119 2870 2319 2958 panis
2384 2891 2603 2955 neque
2654 2870 2793 2937 vini

239 2979 538 3057 sumere,
594 2957 809 3058 donec
859 2958 1192 3028 divinitus
1245 2959 1306 3027 id
1356 2958 1454 3027 illi
1509 2972 2001 3050 praestaretur,
2057 2960 2233 3029 scire
2286 2971 2361 3026 ut
2413 2970 2638 3047 posset
2687 2958 2793 3026 di-

241 3068 438 3115 vinae
486 3060 861 3133 sapientiae
917 3070 1192 3117 arcana.

325 3137 362 3221 ἓ
416 3139 501 3204 2.
562 3141 874 3205 versatus
925 3137 1137 3224 igitur
1187 3136 1253 3203 in
1310 3136 1521 3205 literis
1571 3159 1791 3206 annos
1840 3137 2281 3224 quindecim,
2319 3136 2794 3221 'Graecamque

235 3244 515 3292 omnem
566 3223 1073 3313 philosophiam
1146 3247 1576 3314 percurrens,
1632 3226 1717 3294 ad
1777 3239 2157 3295 extremum
2215 3225 2419 3293 etiam
2471 3229 2790 3294 Astrono-

243 3312 482 3390 miam‚
540 3324 744 3398 atque
789 3314 1050 3401 optima
1097 3335 1411 3399 quaeque
1459 3315 1817 3405 colligens,
1858 3337 1981 3384 nec
2034 3329 2257 3405 tamep
2313 3336 2431 3403 per
2480 3314 2645 3381 haec
2684 3313 2789 3379 in-

237 3401 468 3470 venire
509 3402 741 3470 valens
789 3402 1105 3471 omnium
1149 3402 1608 3483 Conditorem,
1644 3426 1805 3473 cum
1861 3416 2055 3473 nocte
2092 3402 2395 3488 quadarn
2451 3400 2783 3490 vigilaret,

235 3488 519 3558 divinus
558 3490 840 3576 quidam
887 3490 1046 3559 fidei
1086 3490 1418 3580 splendor
1471 3515 1630 3561 eum
1683 3491 2172 3570 inflammavit,
2226 3504 2302 3559 ut
2358 3491 2565 3559 totius
2633 3490 2789 3558 reli-

234 3578 462 3667 gionis
513 3580 924 3669 scripturam
1007 3581 1510 3669 pervestigaret.
1583 3586 1885 3670 Surgens
1954 3582 2227 3666 itaque,
2286 3580 2353 3646 in
2407 3584 2787 3668 Aegyptum

235 3667 582 3756 profectus
621 3681 748 3738 est:
820 3668 1198 3754 adiensque
1246 3668 1872 3737 Archimandritam
1925 3668 2384 3758 Porphyrium
2458 3668 2782 3747 nomine,

219 3757 431 3845 petiit
478 3756 565 3825 ab
599 3779 678 3825 eo
727 3758 859 3827 sibi
894 3757 1324 3848 suppeditari
1358 3779 1590 3829 sacros
1637 3758 1933 3838 codiceS,
1978 3758 2297 3843 equibus
2345 3756 2578 3824 divina
2632 3778 2788 3845 pos—

232 3857 335 3914 set
399 3844 722 3945 dogmata
761 3868 1140 3935 capessere.
1199 3851 1287 3915 Ea
1345 3869 1416 3914 re
1467 3847 1851 3935 impetrata,
1909 3847 2166 3916 mansit
2216 3845 2379 3921 illic,
2434 3844 2787 3913 oblectans

231 3955 380 4003 sese
444 3934 838 4005 divinorum
891 3936 1329 4006 meditatione
1363 3957 1789 4015 sermonum,
1831 3948 1896 4004 et
1944 3940 2125 4023 aqua
2174 3935 2541 4020 herbisque
2592 3933 2787 4002 victi-

229 4036 412 4092 tans.
445 4028 715 4092 Annum
767 4037 993 4095 autem
1031 4025 1128 4095 ibi
1155 4025 1575 4103 demoratus,
1615 4024 2038 4110 verbumque
2066 4024 2365 4093 veritatis
2397 4023 2532 4091 fide
2552 4022 2784 4101 consi-

230 4112 505 4215 derans,
547 4113 616 4180 in
645 4114 796 4203 ejus
821 4115 1364 4203 perscrutatione
1395 4114 1797 4204 permansit.
1836 4119 2070 4184 Postea
2104 4135 2262 4182 vero
2286 4111 2783 4200 ‚lerosolymam

282 4258 344 4303 (a)
371 4254 569 4305 Egregie
599 4257 699 4295 viro
728 4258 776 4295 et
805 4256 968 4296 Basilii
999 4255 1146 4297 amico
1176 4267 1421 4307 perperam
1452 4258 1599 4303 (notat
1632 4244 1901 4307 Batonius)‘
1920 4257 2021 4295 Vita
2041 4256 2300 4305 imputatur
2319 4264 2459 4303 quam
2482 4255 2647 4295 Sur-ius
2668 4255 2784 4292 alios

227 4310 420 4349 secutus
450 4310 507 4348 do
536 4311 588 4348 D.
617 4311 816 4349 Doctore
843 4311 1077 4359 proponit.
1105 4311 1253 4359 Omns
1283 4310 1345 4351 sit
1374 4322 1518 4360 opera
1545 4312 1686 4352 latet:
1720 4311 1900 4359 primus
1933 4320 1989 4349 ex
2020 4311 2199 4349 Graeco
2228 4307 2375 4348 vertit
2396 4310 2543 4348 Ursus
2564 4307 2787 4347 subdiac.

230 4362 361 4402 Rom.
382 4372 504 4401 saec.
527 4372 585 4401 ix.
605 4362 937 4412 compluribus
956 4362 1084 4403 veris
1103 4374 1253 4412 pauca
1272 4366 1428 4404 minus
1451 4366 1635 4405 sincera
1655 4365 1935 4409 miscentur:
1958 4364 2039 4405 sed
2059 4373 2208 4412 pauca
2226 4372 2333 4402 cum
2351 4363 2447 4402 sint
2464 4360 2788 4410 expungenda,

237 4416 376 4455 Vitam
398 4414 606 4464 alioquin
625 4417 703 4465 pie
724 4416 771 4457 et
790 4417 927 4458 docte
947 4419 1186 4459 exaratam
1205 4427 1299 4459 non
1319 4420 1560 4469 rejicimus
