3357 4995
243 343 280 407 J
296 341 466 409 UNII
522 342 602 406 t3
992 361 1070 407 na
1120 362 1172 407 s.
1230 360 1506 410 Aru-omo
1554 362 1593 407 A
1644 358 1852 407 unua
1903 358 2082 406 mcro
2597 341 2723 406 303

249 444 483 514 aderat
533 444 888 524 sacellum,
935 447 1000 514 in
1054 445 1235 532 quod
1282 446 1384 513 vir
1414 459 1697 516 sanctus
1732 445 2111 535 ingressus,
2156 466 2317 514 cum
2351 444 2569 514 multa
2608 444 2811 513 devo-

250 534 433 602 tione
479 533 726 602 obtulit
777 535 1017 604 Missae
1068 534 1514 605 sacrificium.
1570 539 1660 603 Eo
1704 548 1999 624 peracto,
2053 532 2405 622 egreditur
2455 533 2541 601 ad
2588 555 2808 633 popu·

251 623 423 702 lum,
461 643 619 691 cum
670 644 944 692 summa
999 623 1374 692 reverentia
1420 636 1697 713 gestans
1744 645 1998 711 corpus
2049 621 2342 691 Domini.
2401 621 2810 691 Produc1tur

245 734 285 780 e
314 710 616 780 conclavi
660 711 891 780 mulus
933 713 1103 782 bene
1155 712 1538 790 famelicus,
1594 732 2123 800 congruumque
2173 710 2275 779 illi
2327 711 2665 800 pabulum
2708 710 2810 779 of-

244 799 490 868 fertur.
545 805 711 868 Tum
767 802 1103 889 imperato
1151 801 1446 881 silenti0,
1504 801 1605 869 vir
1654 801 1767 869 Dei
1818 823 1978 870 cum
2032 799 2249 868 multa
2300 800 2550 868 fiducia
2598 800 2802 868 bruto

244 888 349 957 illi
398 889 734 958 animanti
787 890 876 958 ita
926 890 1127 958 dixit:
1170 895 1289 957 «In
1329 890 1572 959 virtute
1621 903 1687 959 et
1721 891 1998 959 nomine
2039 889 2371 957 Creatoris
2413 889 2534 969 tui,
2589 909 2797 974 quem

174 997 186 1012 ⁹
245 977 316 1044 in
366 978 712 1055 manibus,
769 978 924 1046 licet
973 979 1327 1068 indignus,
1376 1000 1446 1047 re
1479 1000 1634 1047 vera
1685 992 1899 1058 tene0,
1940 977 2063 1046 tibi
2114 978 2485 1067 praecipio,
2528 990 2601 1045 ut
2634 998 2801 1045 con-

242 1065 470 1136 festim
522 1066 877 1136 humiliter
907 1069 1038 1136 huc
1088 1067 1398 1148 accedas,
1437 1080 1502 1136 ct
1549 1090 1725 1146 eam,
1762 1090 1973 1154 quarn
2015 1088 2142 1156 par
2188 1079 2312 1147 est,
2359 1065 2460 1134 illi
2496 1079 2801 1155 praestes

241 1156 733 1232 reverentiam,
788 1169 863 1225 ut
914 1157 1075 1224 hinc
1124 1157 1490 1246 perspicue
1541 1156 1879 1247 intelligat
1944 1156 2354 1245 perversitas
2430 1154 2802 1223 haeretico-

253 1266 434 1324 rum,
488 1266 762 1312 omnem
814 1258 1198 1313 creaturam
1250 1267 1376 1314 suo
1426 1246 1631 1314 subdi
1684 1245 2020 1324 Creatori,
2074 1265 2283 1330 quem
2335 1244 2402 1312 di
2464 1244 2641 1312 nitas
2691 1265 2801 1312 sa-

242 1333 608 1402 cerdotalis
658 1333 726 1401 in
760 1333 956 1402 altari
991 1347 1429 1403 contrectat.»
1469 1334 1773 1403 Necdum
1820 1333 2069 1403 Christi
2122 1354 2361 1402 servus
2447 1331 2672 1401 icendi
2725 1331 2803 1399 fi-

248 1442 403 1489 nem
455 1421 726 1498 secerat‚
781 1436 844 1490 et
877 1445 1031 1491 ecce
1071 1424 1466 1512 jumentum
1523 1423 1723 1502 illud,
1780 1424 2087 1513 neglecto
2138 1421 2418 1512 pabulO,
2462 1441 2681 1507 usque
2718 1420 2799 1488 ad

249 1509 540 1599 poplites
591 1510 940 1580 submisso
989 1513 1210 1600 capite
1259 1513 1568 1590 accessit,
1615 1527 1678 1580 et
1725 1533 1955 1581 coram
2009 1511 2127 1579 illo
2180 1510 2447 1579 vivifico
2488 1509 2805 1598 Corporis

246 1598 494 1666 Christi
545 1615 972 1668 sacramento
1067 1622 1205 1669 enu
1237 1601 1567 1669 curvavit.
1617 1606 1763 1669 Mox
1814 1602 2151 1670 immenso
2194 1599 2448 1688 gaudio
2496 1598 2831 1682 exultant,

243 1687 587 1766 catholici,
636 1689 955 1757 baeretici
1053 1688 1237 1759 olore
1272 1689 1489 1757 animi
1522 1690 2053 1760 contrahuntur.
2105 1688 2453 1757 Laudatur
2499 1701 2565 1755 et
2596 1688 2804 1758 bene-

246 1775 994 1867 dicitur⁸omnipotens
1035 1783 1231 1857 Deus,
1273 1778 1444 1846 fides
1483 1778 1823 1848 catholica
1856 1777 2225 1858 extollitur,
2270 1777 2604 1844 haeretica
2648 1797 2803 1866 pra-

246 1865 419 1935 vitas
520 1865 728 1934 udore
763 1866 1060 1935 allicitur
1107 1879 1170 1935 et
1209 1868 1579 1966 opprobrio
1621 1868 2065 1956 sempiterno.
2132 1865 2628 1934 Haeresiarcha
2677 1886 2800 1933 au·-

246 1966 377 2022 tem
415 1954 458 2022 il
493 1977 528 2022 e
575 1976 805 2022 coram
845 1956 1174 2024 omnibus
1216 1955 1524 2044 abjurata
1567 1955 1879 2045 perfidia,
1920 1969 2196 2025 sanctae
2235 1954 2578 2024 Ecclesiae
2608 1975 2804 2021 man-

243 2042 424 2110 datis
469 2044 797 2132 deinceps
842 2047 1090 2133 paruit..

338 2137 374 2216 ξ
426 2137 578 2203 24,
612 2132 920 2214 Quodam
963 2146 1265 2221 ternpore
1293 2138 1574 2201 Romam
1620 2135 1989 2202 innumera
2018 2133 2444 2200 diversarum
2489 2133 2799 2220 gentium

247 2219 620 2292 multitudo
685 2236 996 2298 venerat,
1076 2222 1612 2290 condonationes
1680 2224 1820 2290 sive
1893 2220 2362 2309 indulgentias
2442 2220 2801 2288 Paschales

251 2310 731 2396 promeritura.
775 2315 928 2378 Erat
977 2323 1117 2378 tum
1176 2311 1242 2377 in
1293 2312 1466 2379 urbe
1506 2312 1606 2379 vir
1657 2311 1766 2378 Dei
1814 2310 2148 2379 Antonius
2204 2322 2481 2399 propter
2529 2309 2797 2396 negotia

246 2397 609 2483 quaedam,
653 2399 1002 2484 voluitque
1051 2421 1370 2468 summus
1423 2400 1751 2479 Pontifex,
1788 2412 1860 2467 ut
1909 2398 1993 2467 ad
2046 2399 2445 2555 peregrinos
2499 2396 2649 2465 illos
2680 2398 2799 2464 lta-

246 2485 436 2554 beret
496 2489 920 2556 concionem.
999 2493 1413 2557 Renovatum
1491 2488 1631 2557 illic
1704 2510 1981 2558 cernere
2071 2487 2291 2557 icebat
2366 2483 2795 2576 praeclarum

245 2574 420 2643 illud
474 2576 930 2653 miraculum,
1002 2599 1139 2662 quo
1210 2576 1372 2645 olim
1430 2579 1496 2645 in
1555 2584 1943 2646 Pentecoste
2006 2574 2359 2665 Apostolos
2432 2575 2799 2642 illustravit

242 2664 577 2734 Christus.
634 2671 799 2734 Nam
831 2666 1007 2733 beati
1060 2666 1185 2733 viri
1217 2666 1525 2757 linguam
1577 2667 1665 2735 ita
1707 2665 2026 2734 instruxit
2059 2665 2278 2752 gratia
2311 2663 2605 2753 Spiritus
2633 2668 2800 2730 San-

240 2754 357 2831 cti,
407 2766 481 2822 ut
529 2754 785 2843 singuli
837 2769 902 2822 et
950 2767 1181 2842 aperte
1228 2756 1589 2831 audirent,
1661 2769 1726 2823 et
1779 2754 1981 2844 plane
2032 2753 2489 2842 intelligerent
2538 2752 2797 2819 idioma

239 2842 544 2931 regionis
575 2864 763 2922 suae,
826 2844 891 2909 in
934 2864 1070 2928 quo
1120 2857 1183 2911 et
1234 2845 1369 2912 nati
1422 2857 1486 2912 et
1532 2844 1806 2912 educati
1858 2844 2151 2921 fuerant,
2205 2839 2795 2928 quemadmodum

237 2930 440 3000 multi
473 2952 552 2998 ex
591 2932 672 2999 iis
726 2944 955 3020 postea
1009 2950 1126 3020 pro
1175 2945 1358 3001 certo
1406 2932 1869 3002 affirmarunt.

326 3022 365 3105 ξ
416 3025 571 3092 ⁷15.
627 3025 717 3087 Eo
769 3034 1112 3109 tempore,
1165 3042 1303 3106 quo
1355 3022 1542 3110 apud
1596 3027 1883 3091 Montem
1938 3019 2392 3088 l‘essulanum
2449 3021 2798 3107 (Montpel—

240 3108 399 3196 lier)
447 3110 547 3175 vir
586 3122 870 3178 sanctus
914 3108 1366 3198 praelegebat,
1399 3110 1700 3195 quodam
1748 3108 2177 3179 solemnidie
2224 3108 2788 3184 concionabatur,

234 3198 427 3264 omni
476 3209 540 3264 et
590 3197 777 3265 Clero
819 3209 883 3266 et
927 3197 1182 3287 populo
1235 3198 1692 3269 auscultante.
1751 3205 2074 3267 Sermone
2123 3197 2443 3266 inchoato
2498 3195 2797 3265 occurrit

233 3286 496 3364 animO,
537 3307 608 3353 se
655 3286 961 3355 officium
1013 3287 1363 3371 quoddam
1404 3288 1535 3357 sibi
1589 3290 2019 3375 injunctum,
2075 3286 2268 3355 alteri
2324 3308 2458 3354 non
2513 3285 2797 3353 deman—

237 3374 462 3443 dasse.
521 3376 724 3442 Moris
777 3374 915 3443 illic
967 3389 1133 3453 erat,
1190 3390 1264 3444 ut
1307 3377 1373 3443 in
1437 3377 1831 3466 praecipuis
1891 3377 2005 3444 Dei
2055 3374 2610 3445 solemnitatibus
2656 3372 2795 3440 duo

237 3463 547 3561 insignes
600 3464 842 3533 fratres
891 3464 1021 3532 sub
1096 3486 1370 3532 summo
1443 3466 1785 3535 sacrificio
1836 3464 2122 3552 Alleluja
2181 3477 2554 3532 canerent:
2606 3461 2793 3547 quod

235 3550 552 3621 officium
595 3565 736 3621 tum
778 3553 1221 3622 incumbebat
1275 3553 1418 3621 viro
1470 3556 1606 3623 Dei.
1667 3552 1899 3640 [taque
1949 3573 2202 3652 magno
2250 3552 2549 3637 quodam
2614 3572 2799 3618 moe-

235 3662 389 3709 rore
423 3641 731 3719 affectus,
793 3642 859 3710 in
904 3642 1275 3731 pulpitum,
1323 3656 1531 3732 caput
1568 3643 1859 3712 cucullo*
1898 3662 2237 3742 oper1ens‚
2294 3661 2440 3707 sese
2503 3638 2795 3708 reclina-

235 3729 377 3809 bat,
416 3745 481 3798 et
527 3752 757 3799 coram
808 3731 999 3800 omni
1042 3730 1157 3798 illa
1183 3730 1580 3801 auditorum
1631 3733 2014 3818 frequentta
2048 3731 2148 3799 sic
2196 3728 2609 3814 aliquandiu
2642 3748 2795 3816 per-

235 3818 516 3888 mansit.
577 3819 854 3888 Interim
910 3819 1210 3887 mirabili
1261 3820 1559 3906 quodam
1616 3821 1818 3888 modo
1887 3819 2057 3888 illud
2123 3818 2429 3887 officium
2484 3817 2788 3908 peregit,

231 3906 821 3993 quemadmodum
875 3907 1039 3977 olim
1094 3920 1376 3979 sanctus
1426 3909 1829 3978 Ambrosius
1881 3908 2132 3997 legitur
2188 3906 2571 3976 beatissimi
2622 3910 2797 3972 Mat·-

237 3997 363 4065 tini
406 3996 644 4067 funus,
685 3997 840 4066 licet
871 3997 1109 4087 procul
1160 4019 1445 4087 corpore
1474 3998 1765 4078 abesset,
1811 4018 2115 4077 curasse,
2168 4010 2233 4064 et
2273 4007 2555 4064 sanctus
2590 3999 2797 4062 Fran-

234 4085 492 4164 ciscuS‚
547 4098 623 4154 ut
671 4108 880 4175 supra
921 4087 1445 4163 annotavimus,
1501 4087 1832 4156 fratribus
1881 4087 2027 4155 suis
2078 4086 2146 4153 in
2200 4083 2571 4153 Arelatensi
2627 4104 2796 4151 con·

234 4186 442 4245 ventu
490 4174 632 4243 sive
679 4175 987 4265 Capitulo
1036 4176 1467 4266 apparuisse.
1509 4182 1600 4245 Eo
1634 4188 1864 4245 autem
1900 4195 2186 4246 munere
2235 4173 2602 4263 diligenter
2635 4194 2797 4261 per-

231 4263 538 4341 functus,
602 4263 688 4332 ad
759 4286 830 4334 se
880 4264 1078 4333 rediit
1128 4264 1231 4332 vir
1280 4265 1435 4345 Dei,
1504 4279 1568 4333 et
1634 4285 2026 4336 sermonem
2070 4263 2467 4333 inchoatum
2519 4260 2793 4350 egregie

235 4365 646 4441 prosecutus
676 4365 798 4422 est.
1321 4418 1328 4427 .

316 4443 568 4529 §2st
636 4441 957 4532 Ejusdem
1040 4442 1227 4514 modi
1290 4443 1656 4534 quippiam
1737 4443 1941 4513 etiam
2010 4441 2197 4532 apud
2276 4439 2788 4521 Lemovicenses
