3357 4995
2725 39 2814 124 *ὲ

2729 159 2806 226 Α(

756 296 840 361 96
1276 311 1355 357 nn
1403 308 1497 358 ss.
1549 309 1941 358 Pnnossmrmo
1989 310 2063 356 nr
2109 308 2422 358 LAURENT.
2476 308 2591 355 uu.
2731 353 2744 364 ,
2899 289 3125 356 JUNII
3172 289 3209 355 3

668 397 1040 468 Christum.
1078 399 1208 465 Vos
1255 408 1482 465 autem
1527 396 1862 487 propitios
1895 394 1999 464 illi
2031 405 2266 485 optent
2298 394 2421 480 qui
2451 379 2799 463 Christtim
2829 388 3210 484 propitium

669 486 921 556 habere
949 506 1082 555 non
1135 497 1520 554 merentur:
1574 497 1640 554 et
1672 496 1963 556 terrores
1996 495 2253 556 vestros
2283 482 2386 552 illi
2426 481 2799 553 formident
2827 480 2954 570 qui
2981 502 3211 572 regem

668 587 1019 645 aeternum
1074 594 1208 643 non
1253 584 1663 643 metuunt.»
1720 580 1891 644 Tum
1954 594 2112 642 vero
2159 572 2514 642 Tiburtius
2575 593 2613 641 e
2669 569 2831 640 sede
2893 569 3207 652 exilienS,

667 663 872 733 scidit
916 661 1322 732 vestimenta
1370 684 1523 758 sua⁸
1565 673 1630 731 et
1655 662 1781 731 ait:
1835 667 2020 752 «Ego
2046 661 2239 730 vobis
2272 659 2601 730 inducias
2635 658 2819 746 dedi,
2857 659 3214 748 quesipi-

668 751 946 822 seeretis
969 750 1423 838 quandoque3
1467 762 1533 820 et
1564 772 1723 821 ecce
1759 750 1966 823 etiam
2003 771 2113 819 me
2142 760 2502 840 praesente
2532 748 2878 828 Christum
2905 758 3215 818 vestrum

665 840 1151 930 praedicatis.»
1198 838 1420 909 ,Iussit
1467 860 1670 931 porro
1698 839 1906 908 levari
1936 860 2076 918 eOS,
2115 850 2182 908 et
2229 837 2531 908 fustibus
2560 827 2957 924 diuti'ssime
2988 835 3209 906 caedi.

670 934 852 1000 Inter
902 929 1185 999 verbera
1231 938 1458 997 autem
1510 926 1901 1017 psallebant
1934 927 2204 997 Sancti:
2260 926 2544 996 Domine
2583 930 2766 998 Deuss'
2803 926 2887 994 ⁸in
2941 924 3220 1015 adjuto·

628 1023 635 1030 '
670 1019 853 1088 rium
905 1031 1220 1088 nostrum
1271 1015 1583 1085 intende:
1636 1017 1921 1086 Domine
1962 1015 2046 1085 ad
2097 1013 2572 1105 adjuvandum
2615 1035 2742 1083 nos
2777 1011 3052 1115 festina.
3093 1018 3221 1084 Su·

668 1106 811 1177 bito
859 1127 1022 1196 ergo
1062 1104 1347 1176 brachia
1374 1103 1811 1174 caedentium
1843 1103 2137 1175 arefacta
2169 1115 2353 1185 sunt,
2392 1101 3216 1192 stupentequeffiburtio,

669 1195 1070 1265 clamabant
1099 1192 1403 1262 ministri
1431 1215 1592 1284 prae
1620 1193 1897 1263 dolore:
1954 1198 2349 1283 «Rogamus
2380 1213 2497 1262 vos
2521 1191 2699 1280 servi
2731 1190 2980 1271 Dei}*ut
3009 1192 3218 1276 oretis

672 1289 881 1353 Deum
937 1294 1240 1353 vestrum
1279 1303 1403 1372 pro
1454 1281 1687 1353 nobis:
1717 1294 1806 1363 et,
1844 1282 1904 1352 si
1933 1303 2058 1352 nos
2084 1280 2450 1361 sanaverit,
2481 1279 2846 1356 credemus
2877 1280 2948 1350 in
2981 1301 3213 1349 eum.»

672 1372 943 1441 Sanctis
988 1370 1375 1451 orantibuS,
1410 1370 1698 1440 brachia
1733 1391 1970 1441 eorum
2023 1371 2338 1440 restituta
2386 1383 2570 1451 sunt,
2615 1391 2680 1438 m
2735 1370 2957 1455 'tique
2988 1368 3055 1437 id
3108 1369 3214 1437 vi-

670 1460 935 1540 dentes,
988 1459 1072 1528 ad
1128 1458 1496 1528 Dominum
1531 1460 1844 1529 conversi
1907 1472 2070 1528 sunt
2109 1480 2248 1528 una
2299 1480 2460 1527 cum
2511 1457 2683 1526 mini
2758 1458 2850 1540 „is
2887 1456 3066 1539 fillis,
3119 1457 3220 1526 si·

673 1547 958 1635 mulque
985 1569 1228 1618 omnes
1276 1546 1544 1618 dixere:
1599 1571 1635 1614 «
1672 1552 1815 1618 Non
1866 1561 1967 1618 est
2013 1547 2197 1617 alius
2227 1550 2405 1616 Deus
2440 1545 2953 1648 praeter-{illum
3004 1567 3216 1633 quem

671 1637 1074 1726 praedicant
1123 1635 1584 1706 Laurentinus
1629 1648 1697 1706 et
1741 1642 1866 1705 Per
1915 1636 2195 1707 entinus
2220 1635 2395 1706 servi
2425 1636 2644 1725 ejus»
2680 1634 3044 1706 Ikxitvero
3068 1639 3221 1705 Per-

720 1725 998 1795 entinus
1031 1724 1113 1794 ad
1166 1745 1323 1795 eos:
1380 1725 1681 1794 «Audite
1712 1746 1836 1795 nos
1896 1738 2132 1805 ratres,
2171 1738 2236 1794 et
2260 1715 3005 1815 baptizeminiff'sicque
3027 1722 3222 1794 eritis

707 1813 872 1883 iberi
911 1812 998 1882 ab
1045 1814 1237 1882 omni
1286 1835 1466 1883 nexu
1513 1814 1799 1903 peccati.
1830 1838 1866 1881 »
2697 1817 2773 1970 ξ
2959 1819 2978 1866 :³

759 1904 797 1989 ξ
852 1907 936 1975 4.
992 1906 1172 1971 Haec
1220 1923 1510 1972 cernens
1544 1901 1919 1984 TiburtiuS,
1952 1902 2331 2003 pertimuit,
2359 1902 2730 1992 jussitque*
2778 1900 3217 1991 ergentinum

671 2002 737 2059 et
783 1991 1279 2060 Laurentinum
1307 1991 1379 2060 in
1413 2012 1756 2061 carcerem
1795 1990 2005 2072 trudi,
2043 2003 2108 2060 et
2155 2011 2376 2076 neque
2406 1979 2964 2148 panemffiue*
3006 2010 3217 2077 quam

674 2078 816 2147 illis
850 2078 1134 2170 porrigi.
1188 2077 1299 2149 Illi
1355 2100 1512 2149 vero
1561 2080 1929 2150 Dominum
1996 2078 2408 2149 invocabant
2453 2079 2523 2147 in
2572 2100 2690 2148 car
2749 2161 2754 2166 ἡ
2854 2131 2872 2158 ,Ἴ
3055 2099 3217 2148 cum

674 2167 904 2237 triduo
927 2168 1154 2267 jejuni
1203 2168 1771 2256 permansissent,
1825 2167 2115 2258 angelus
2163 2167 2432 2238 Domini
2465 2167 2596 2238 sub
2645 2167 2866 2237 noctis
2903 2166 3216 2237 medium

674 2256 902 2326 attulit
948 2278 1048 2325 eis
1101 2277 1344 2345 panem
1394 2256 1782 2337 coelestem,
1836 2256 2112 2326 dicens:
2169 2256 2461 2346 surgite,
2507 2267 2573 2325 et
2604 2256 2944 2326 comedite
2966 2275 3217 2345 panem

673 2344 865 2414 vobis
898 2367 940 2413 a
973 2344 1240 2415 Christo
1289 2345 1806 2416 transmissum.
1863 2345 2239 2434 Splendore
2286 2357 2517 2414 autem
2566 2343 2881 2434 angelico
2930 2356 3116 2414 totus
3140 2341 3223 2411 il-

674 2434 1005 2504 lustratus
1053 2445 1155 2504 est
1201 2455 1459 2516 carcer,
1493 2447 1559 2505 et
1605 2433 1928 2505 custodes
1973 2434 2270 2504 carceris
2369 2454 2482 2503 rae
2531 2445 2786 2503 terrore
2833 2451 3010 2524 pene
3058 2453 3216 2502 exa-

676 2523 922 2592 nimati
971 2537 1153 2594 sunt.
1210 2524 1491 2593 Interim
1542 2525 1764 2594 sancti
1813 2544 1993 2614 pane
2047 2522 2167 2592 illo
2225 2455 2480 2603 retgcti,
2540 2521 2966 2612 psallebant:
3020 2523 3217 2591 Mise-

674 2612 891 2683 ricors
939 2625 1005 2681 et
1053 2613 1414 2682 miserator
1462 2612 1819 2692 Dominus,
1871 2633 2099 2682 escam
2149 2611 2341 2682 dedit
2377 2610 2779 2681 timentibus
2827 2633 2923 2681 se.
2964 2609 3224 2681 Deinde

677 2699 778 2769 illi
827 2701 948 2788 qui
997 2699 1477 2782 crediderant,
1531 2722 1670 2770 una
1719 2722 1880 2770 cum
1954 2700 2362 2790 Pergentina
2423 2720 2655 2769 sorore
2715 2721 2956 2769 eorum
2989 2755 3004 2779 ,
3065 2721 3224 2769 mu·

674 2809 844 2858 nera
891 2787 1180 2861 attulere
1227 2789 1312 2858 ad
1361 2789 1684 2860 custodes
1732 2790 2054 2870 carceris,
2109 2788 2416 2879 rogaturi
2457 2800 2535 2858 ut
2581 2788 2755 2878 ipsis
2801 2788 3077 2878 copiam
3125 2786 3224 2857 fa-

675 2890 908 2947 cerent
955 2876 1040 2946 ad
1079 2882 1363 2947 Sanctos
1409 2879 1478 2946 in
1536 2878 1882 2948 rediendi:
1934 2890 2001 2948 et
2029 2899 2187 2947 ecce
2215 2897 2557 2948 carcerem
2595 2889 2913 2967 apertum
2945 2875 3226 2967 conspi-

673 2966 890 3045 ciunt,
944 2978 1009 3035 et
1045 2965 1365 3037 custodes
1414 2988 1490 3036 ve
1521 2978 1598 3037 ut
1647 2980 1977 3037 mortuoS.
2017 2967 2321 3056 Ingressi
2372 2965 2583 3056 igitur
2632 2966 2719 3034 ad
2771 2970 3082 3046 SanctOS‚
3136 2964 3223 3034 ad

675 3075 912 3122 eorum
966 3052 1175 3143 pedes
1207 3075 1277 3125 se
1311 3055 1673 3145 abjiciunt,
1730 3069 2108 3146 rogantque
2155 3075 2314 3124 cum
2369 3053 2721 3143 lacrymis,
2779 3054 3228 3141 quandoqui-

676 3142 831 3211 dem
891 3143 1148 3232 pateret
1186 3163 1442 3223 carcer,
1478 3154 1556 3213 ut
1608 3143 1770 3213 inde
1817 3145 2099 3214 exirent.
2154 3143 2345 3214 «Vita
2378 3143 2565 3213 enim
2614 3154 2861 3224 vestra,
2915 3142 3222 3232 aJebant,

676 3229 880 3301 nobis
928 3230 1158 3300 adhuc
1195 3232 1580 3302 necessaria
1618 3245 1743 3313 est,
1796 3245 1862 3302 et
1908 3232 2242 3303 debemus
2292 3231 2376 3301 de
2425 3231 2673 3302 Christi
2731 3232 3015 3302 nomine
3062 3230 3226 3301 dili·

673 3319 950 3475 }entius
997 3319 1339 3389 edoceri.»
1380 3324 1458 3389 At
1507 3319 1610 3388 illi
1648 3321 2187 3411 responderunt:
2243 3343 2278 3386 «
2304 3320 2492 3391 Absit
2517 3343 2557 3389 a
2585 3320 2808 3401 nobis,
2848 3319 3119 3401 fratres,
3150 3332 3232 3390 ut

729 3430 862 3477 ane
911 3429 1054 3476 rem
1090 3408 1452 3490 faciamuS,
1504 3421 1569 3479 et
1614 3430 1966 3490 coronam,
2001 3431 2213 3496 quam
2239 3408 2376 3478 fide
2403 3421 2636 3479 nostra
2677 3408 3225 3498 promeruimuS‚

722 3496 1071 3571 erdamus.
1111 3500 1242 3566 Vos
1287 3511 1516 3569 autem
1565 3496 1765 3568 facite
1792 3498 1974 3585 quod
2026 3499 2280 3567 dicturi
2314 3508 2600 3569 sumus:
2654 3502 2769 3568 Est
2801 3498 2913 3567 hic
2963 3501 3225 3568 Corne-

707 3585 816 3657 ius
864 3585 1221 3686 presbyter
1265 3587 1386 3673 qui
1433 3586 1725 3657 Tiburtii
1776 3588 2021 3657 timore
2070 3586 2316 3656 latitat:
2357 3586 2473 3657 sed
2524 3608 2644 3657 vos
2682 3607 2842 3659 eum
2895 3586 3235 3674 inquirite

674 3686 740 3742 et
773 3673 832 3742 si
879 3694 1038 3743 eum
1076 3675 1498 3756 inveneritis,
1538 3676 1866 3746 nunciate
1911 3676 1973 3746 ei
2004 3676 2261 3757 omnia,
2301 3687 2367 3744 et
2408 3696 2587 3762 quae
2646 3675 2717 3744 in
2777 3676 2978 3746 nobis
3029 3676 3230 3746 Chri-

676 3774 825 3833 stus
855 3776 1180 3852 operatus
1227 3775 1351 3834 est.
1407 3764 1530 3834 Ille
1575 3766 1763 3835 enim
1824 3776 1891 3834 et
1949 3785 2075 3836 nos
2120 3777 2187 3834 et
2236 3775 2553 3853 parentes
2603 3775 2873 3835 nostros
2920 3776 2987 3834 et
3036 3785 3234 3835 soro-

674 3872 819 3920 rem
872 3864 1179 3921 nostram
1243 3852 1480 3924 docuit
1525 3852 1610 3922 de
1658 3853 1907 3924 Christi
1954 3853 2235 3923 nomine
2264 3907 2280 3933 ,
2338 3873 2597 3940 nosque
2645 3851 3040 3943 baptizavit.
3098 3851 3233 3923 Ille

675 3951 740 4008 et
784 3961 905 4011 vos
954 3940 1368 4041 baptizabit:
1425 3964 1542 4011 vos
1599 3955 1830 4012 autem
1892 3941 2102 4012 undis
2151 3941 2575 4012 salutaribus
2631 3941 2907 4032 expiati,
2964 3942 3038 4011 in
3088 3941 3238 4011 fide

670 4042 1159 4117 permaneatis.
1188 4054 1223 4097 »

760 4119 797 4204 ἓ
842 4122 929 4189 5.
985 4120 1106 4189 His
1155 4119 1383 4200 dictis,
1438 4119 1688 4189 iterum
1724 4141 1798 4189 se
1844 4120 1931 4189 ad
1964 4119 2172 4209 pedes
2219 4140 2460 4190 eorum
2509 4119 2932 4210 abjecerunt,
2964 4131 3032 4189 et
3060 4140 3234 4190 cum

673 4203 1067 4277 diutissime
1118 4207 1474 4297 lacrymati
1507 4220 1759 4291 essent,
1805 4219 2220 4300 rogaverunt
2248 4221 2325 4278 ut
2362 4207 2536 4298 proi
2593 4208 2688 4279 sis
2722 4206 3074 4277 Christum
3107 4207 3233 4277 de—

721 4308 1143 4375 recarentur‚
1178 4308 1254 4366 ut
1280 4309 1560 4387 possent
1591 4296 1763 4367 salvi
1794 4298 1968 4367 fieri.
2007 4303 2242 4385 Itaque
2268 4297 2497 4367 Sancti
2529 4297 2549 4364 i
2585 4296 2670 4365 lis
2702 4295 3230 4386 praedicabant,

668 4316 931 4470 fiasque
979 4384 1064 4452 ad
1107 4390 1315 4454 Deum
1359 4384 1596 4456 fudere
1629 4408 1902 4477 preces:
1950 4387 2235 4456 Domine
2271 4390 2447 4456 Deus
2481 4406 2596 4456 rex
2626 4383 3068 4468 immortaliS,
3106 4386 3235 4475 qui
