3357 4995
217 332 435 402 JUNlI
487 338 568 400 ⁴5
2549 334 2675 398 353

582 501 812 603 VITA
878 501 967 601 Β.
1041 495 1604 602 LANDELlNl
1678 501 1914 601 ABB.
1973 500 2405 602 CRISPIN.

207 762 336 810 NON
384 762 622 819 omnim
670 759 869 810 estu-o
918 759 1203 809 Auc‘ronn
1252 762 1364 809 sm>
1413 758 1559 808 FIDE
1607 761 1821 819 mono,
1876 762 1949 807 nr
1997 761 2108 818 Qut
2157 761 2236 807 mi
2288 762 2360 808 sn
2409 761 2762 810 scatrfflssn

308 870 648 928 vismoli,
675 870 843 927 QUAE
868 865 1298 916 vsmmcontm
1332 866 1627 916 Romnum
1655 867 2056 916 mammona
2081 867 2491 916 compsanam.
2525 869 2764 918 srrmm

302 977 535 1035 Auram,
593 976 700 1024 unt
747 973 944 1023 visun
995 967 1131 1032 nsT,
1189 974 1497 1023 connexu*
1546 977 1626 1021 1..-
1657 973 1910 1022 sumus.
1950 1019 1960 1029 ,

858 1149 1046 1206 obiit
1087 1164 1267 1216 anno
1310 1152 1435 1206 686
1478 1180 1555 1191 -
1596 1151 1752 1207 Nat.
1796 1151 2123 1206 Francus.

302 1339 340 1423 ξ
388 1341 467 1408 1.
522 1333 917 1424 Benignitas
968 1331 1336 1403 Salvatoris
1387 1335 1603 1405 nostri
1650 1354 1925 1423 semper
1957 1334 2149 1403 adest
2200 1345 2433 1423 parata
2486 1333 2569 1401 ad
2615 1327 2765 1425 pro—

218 1423 625 1495 movendam
703 1421 995 1493 salutem
1057 1443 1294 1491 eorum
1354 1443 1529 1508 quos
1588 1421 2120 1512 praedestinavit
2188 1422 2275 1491 ad
2342 1422 2766 1512 capessenda

219 1513 530 1605 praemia
569 1510 840 1580 futurae
878 1510 1078 1592 vitae,
1131 1523 1198 1580 et
1243 1511 1424 1580 sicut
1471 1514 1619 1603 ipse
1652 1511 1820 1580 dicit
1866 1511 1936 1579 in
1991 1511 2380 1600 Evangelio,
2425 1511 2765 1599 quosdam

220 1604 472 1693 prima.
527 1599 697 1668 alios
748 1600 968 1679 tertia,
1037 1597 1211 1669 alios
1261 1612 1443 1669 sexta
1492 1613 1558 1670 et
1623 1622 1826 1679 nona,
1883 1599 2245 1691 plerosque
2292 1601 2495 1669 etiam
2547 1600 2768 1672 unde-

218 1692 404 1760 cima
441 1690 614 1758 hora
663 1701 855 1759 vocat
884 1687 970 1758 ad
1010 1686 1370 1758 colendam
1421 1689 1691 1758 vineam
1742 1711 1979 1758 suam:
2020 1689 2086 1757 id
2123 1701 2246 1770 est,
2283 1689 2455 1758 alios
2495 1689 2565 1757 in
2606 1710 2768 1778 pue-

219 1781 403 1860 ritia,
457 1777 631 1848 alios
665 1777 736 1845 in
771 1776 1233 1849 adolescentia
1264 1789 1329 1847 et
1351 1778 1736 1867 juventute,
1793 1777 2166 1849 nonnullos
2203 1778 2410 1847 etiam
2461 1777 2530 1845 in
2573 1799 2769 1848 sene-

220 1881 405 1939 ctute
455 1865 772 1957 perducit
818 1867 902 1936 ad
941 1865 1273 1957 spiritalis
1321 1867 1609 1937 sationis
1640 1867 1967 1936 laborem.
2024 1872 2152 1937 Nec
2200 1866 2482 1936 difficile
2512 1880 2614 1938 est
2667 1866 2770 1935 illi

224 1959 634 2026 inveteratos
681 1955 1019 2025 scelerum
1072 1977 1297 2024 mores
1344 1956 1710 2047 corrigere,
1764 1956 1885 2043 qui
1931 1956 2136 2025 etiam
2180 1956 2543 2025 Leviathan
2580 1955 2771 2024 illius

225 2067 341 2116 ore
390 2045 774 2134 absorptos,
831 2042 1106 2114 armilla
1153 2066 1319 2113 suae
1374 2044 1886 2116 misericordiae
1935 2066 2252 2114 revocare
2302 2044 2489 2113 novit
2534 2044 2621 2112 ad
2674 2044 2773 2112 vi-

226 2152 410 2213 tam,
464 2146 530 2202 et
577 2132 659 2201 ad
712 2132 1239 2223 concipiendam
1309 2155 1472 2225 erga
1523 2135 1747 2225 ipsius
1814 2134 2185 2204 bonitatem
2236 2133 2592 2212 fiduciam,
2655 2155 2773 2204 eos

215 2224 438 2313 ‘ipsos
493 2242 667 2309 quos
716 2223 803 2293 ab
850 2223 1001 2292 e'us
1048 2242 1163 2290 ore
1219 2224 1527 2304 extraxit,
1582 2222 1976 2293 sublimiter
2022 2224 2092 2291 in
2134 2222 2345 2291 coelis
2392 2222 2766 2290 coronavit.

223 2318 318 2381 Ex
352 2311 436 2380 iis
475 2309 665 2380 fuere
699 2333 869 2402 prop
924 2322 1093 2392 etae,
1130 2321 1195 2380 et
1224 2310 1323 2379 vel
1378 2313 1674 2381 maxime
1708 2311 1827 2380 ille
1846 2310 2060 2401 judex
2099 2311 2576 2400 Apostolorum
2606 2310 2772 2378 cho-

223 2423 370 2482 ruS,
410 2399 568 2469 item
606 2398 1052 2489 triumphalis
1100 2412 1483 2489 martyrum
1520 2401 1881 2480 exercitus,
1936 2398 2406 2470 consessorum
2474 2398 2773 2489 insignis

223 2512 561 2561 numerus
609 2502 675 2558 et
725 2488 1222 2559 monachorum
1265 2488 1701 2560 admirabilis
1741 2489 1967 2559 decor.
2024 2493 2296 2558 Constat
2324 2510 2481 2557 vero
2531 2486 2615 2556 ad
2652 2486 2774 2557 ho-

222 2602 382 2648 rum
423 2577 792 2668 collegium
828 2578 1168 2668 pertinere
1214 2578 1418 2648 etiam
1458 2584 1523 2649 S.
1571 2577 2053 2658 Landelinum,
2100 2576 2184 2647 de
2232 2576 2436 2667 cujus
2485 2576 2621 2645 vita
2648 2598 2775 2667 ego

221 2666 487 2758 ingenii
522 2666 724 2757 inops
775 2688 912 2736 non
949 2668 1097 2738 sine
1130 2667 1349 2736 multo
1389 2669 1633 2738 timore
1671 2668 1908 2754 aliqua
1940 2667 2166 2736 dicere
2216 2666 2511 2735 tentabo.
2554 2670 2775 2736 Potest

223 2769 455 2826 autem
507 2759 685 2824 Deus
731 2777 808 2824 os
858 2777 1089 2825 meum
1136 2757 1403 2846 aperire
1441 2757 1521 2825 ad
1571 2756 1986 2846 promendas
2043 2755 2220 2825 servi
2268 2756 2378 2823 sui
2420 2776 2528 2823 res
2580 2775 2775 2843 prae-

222 2845 408 2915 clare
457 2857 705 2934 gestas,
759 2844 880 2930 qui
929 2866 1006 2914 os
1054 2845 1288 2914 asinae
1319 2845 1670 2932 quondam
1699 2844 1936 2914 docuit
1966 2843 2239 2913 disertis
2280 2844 2506 2913 verbis
2553 2844 2777 2912 incre-

226 2956 394 3025 pare
443 2933 875 3034 prophetam.
939 2933 1169 3033 Dicam
1226 2956 1379 3003 vero
1428 2934 1584 3016 illa,
1637 2956 1815 3021 quae
1882 2934 2245 3019 hominum
2313 2931 2777 3001 veridicorum

224 3034 622 3093 narratione
669 3043 1000 3112 comperi.

312 3113 352 3199 ξ
404 3115 492 3181 2.
549 3115 784 3197 Itaque
817 3110 1160 3201 gloriosus
1192 3123 1257 3180 et
1290 3117 1422 3180 Deo
1455 3111 1872 3202 cumprimis
1920 3111 2174 3181 charus
2224 3110 2666 3192 LandelinUS,
2701 3132 2781 3180 ex

231 3199 673 3269 nobilissimo
725 3204 1144 3270 Francorum
1195 3222 1466 3290 genere,
1509 3201 1581 3268 in
1617 3200 1782 3270 villa
1812 3221 2024 3288 quam
2078 3198 2330 3269 Vallem
2367 3212 2629 3279 vocant,
2683 3200 2782 3269 ci-

230 3289 438 3358 vitate
487 3289 989 3368 Cameracensi,
1029 3289 1458 3379 temporibus
1510 3289 1871 3380 Dagoberti
1921 3289 2163 3378 inclyti
2205 3289 2388 3379 regis
2434 3300 2625 3359 ortus
2653 3301 2776 3360 est.

227 3384 539 3464 Cumque
610 3377 830 3446 bonae
891 3377 1147 3447 indolis
1210 3399 1386 3468 puer
1450 3378 1910 3463 adolesceret,
1984 3391 2300 3468 parentes
2365 3379 2516 3468 ejus
2584 3378 2782 3447 beato

228 3467 553 3537 Autberto
589 3465 903 3549 antistiti,
957 3466 1080 3553 qui
1127 3488 1284 3534 eum
1343 3468 1430 3536 de
1477 3465 1888 3537 sacrofonte
1921 3479 2338 3556 susceperat,
2384 3466 2602 3536 literis
2657 3468 2785 3536 im-

229 3553 592 3626 buendum
649 3554 848 3624 illum
913 3555 1514 3626 commendarunt.
1570 3561 1937 3643 Postquam
1993 3578 2150 3624 vero
2199 3568 2413 3625 aetate
2464 3554 2781 3624 nonnihil

229 3664 642 3734 progressus
689 3655 813 3717 est.
852 3643 1036 3713 idem
1067 3644 1451 3736 Episcopus
1488 3645 1706 3714 voluit
1735 3667 1895 3715 eum
1929 3644 2168 3713 Clerici
2219 3656 2573 3713 tonsuram
2600 3644 2782 3714 acci-

229 3752 414 3822 pere.
454 3730 583 3800 Sed
620 3732 743 3802 ubi
798 3732 866 3801 id
902 3731 1324 3820 quibusdam
1373 3735 1686 3825 cognatis
1734 3734 1885 3824 ejus
1933 3734 2257 3812 innotuit,
2295 3734 2380 3802 ab
2411 3754 2643 3802 amore
2684 3755 2786 3801 re-

228 3842 391 3890 rum
440 3818 840 3891 coelestium
903 3822 1132 3905 conati
1180 3834 1343 3892 sunt
1391 3845 1555 3893 eum
1614 3823 1760 3892 suis
1823 3821 2392 3912 persuasionibus
2441 3843 2781 3905 revocare,

231 3908 558 3979 dicebant
626 3910 854 3979 enim:
906 3915 1005 3979 En
1065 3923 1370 3999 quantus
1419 3912 1808 4003 juventutis
1877 3911 2083 3980 decor
2144 3933 2222 3981 eo
2294 3910 2647 3989 invitatur,
2710 3923 2792 3980 ut

229 3997 501 4067 mundo
541 3998 881 4069 nuncium
915 4000 1238 4070 remittat.
1295 4000 1423 4069 Sed
1460 3999 1600 4070 noli
1651 3999 1859 4070 frater
1890 3999 2234 4071 assentiri.
2278 4001 2342 4068 Si
2395 4000 2583 4069 enim
2617 3998 2789 4069 sece-

230 4086 354 4167 riS,
413 4107 536 4155 nec
576 4087 698 4157 tibi
723 4109 849 4158 nec
882 4089 1287 4179 parentibus
1313 4089 1443 4158 ulli
1472 4088 1636 4161 usui
1663 4089 1823 4159 eris.
1863 4094 2165 4158 Praestat
2197 4089 2428 4179 igitur,
2464 4102 2541 4159 ut
2591 4088 2791 4160 nobis

236 4173 766 4265 obtemperan8‚
841 4176 1197 4266 relinquas
1269 4178 1796 4260 monasterium,
1847 4189 1913 4246 et
1961 4177 2214 4248 fruaris
2271 4177 2513 4246 mundi
2584 4177 2795 4267 hujus

233 4263 783 4346 oblectamentiS,
839 4266 1069 4356 potius
1123 4289 1333 4355 quam
1384 4267 1498 4337 hic
1548 4268 1770 4338 instar
1819 4267 2072 4336 mortui
2112 4266 2477 4357 cujusdam
2531 4267 2794 4337 otiosus

240 4352 583 4452 desideaS.
618 4354 685 4422 Si
714 4354 1078 4426 nobiscum
1114 4356 1305 4426 abire
1352 4355 1675 4437 volueriS,
1708 4355 2310 4446 suppeditabimus
2358 4356 2592 4425 omnia
2616 4376 2794 4456 quae

241 4440 440 4510 libita
509 4454 714 4512 erunt
761 4444 997 4513 animo
1055 4456 1212 4526 tu0,
1269 4444 1792 4532 efficiemusque
1842 4457 1921 4516 ut
1976 4444 2236 4515 divitiis
2292 4456 2358 4516 et
2416 4443 2796 4514 honoribus

401 4558 644 4616 surius
658 4587 684 4603 -
699 4557 873 4625 ¹Vitae
895 4558 1007 4622 SS.
1029 4589 1054 4606 ·
1073 4559 1198 4620 Vol.
1242 4556 1342 4621 vl.
2557 4562 2632 4617 23
