3357 4995
240 321 419 387 JUNH
462 323 500 385 5
869 337 946 384 οε
996 336 1051 385 s.
1106 333 1444 384 nominem
1492 333 1694 383 muse.
1747 335 1823 384 tr
1870 335 2063 384 araur.
2535 320 2657 387 135

246 424 397 486 indie
433 422 697 485 Domini.
744 421 821 482 Et
861 423 911 483 si
955 421 1284 485 Ecclesiam
1327 436 1451 483 nou
1492 420 1828 496 audierint,
1871 422 1994 482 sint
2037 421 2232 493 nobiS,
2259 422 2430 498 juxta
2461 423 2749 503 Evange-

244 502 391 566 licum
430 509 839 582 praeceptum,
889 504 1046 564 sicut
1086 501 1319 564 ethnici
1366 509 1430 564 et
1472 499 1804 579 publicani.
1850 501 2112 580 Propter·
2148 503 2291 564 istos
2336 504 2508 566 enim
2551 519 2752 581 perse-

242 584 466 646 cutiones
503 594 569 645 et
608 581 968 645 inimicitias
996 590 1055 645 et
1098 580 1548 645 maledictiones
1579 581 1917 643 multorum
1949 581 2168 659 patior,
2198 588 2259 644 et
2288 581 2549 646 Ecclesia
2578 582 2751 647 Chri·

239 663 294 723 sti
328 662 815 740 impedimentum
860 662 999 723 fidei
1042 667 1104 723 et
1147 661 1461 723 doctrinae
1503 669 1704 723 rectae
1755 662 2033 723 sustinet.

298 741 487 804 Dicunt
530 743 702 805 enim
732 742 807 804 de
833 740 1179 814 Aldebert0,
1199 741 1362 819 quod
1391 739 1478 802 eis
1505 740 1952 803 sanctissimum
1982 741 2341 820 Apostolum
2367 740 2748 816 abstulerim,

235 829 511 899 patronum
553 828 617 885 et
659 831 966 883 oratorem
992 868 1008 895 ,
1053 820 1481 897 virtutumque
1523 820 1816 883 factorem
1843 867 1860 893 ,
1904 826 1966 882 et
2011 822 2332 899 signorum
2375 829 2751 886 ostensorem

228 900 611 964 abstraxerim.
653 900 774 964 Sed
818 901 1005 980 pietas
1047 910 1249 962 vestra
1310 900 1567 962 audiens
1629 901 1818 962 vitam
1881 900 2051 977 ejuS,
2089 901 2324 978 ⁸iudicet
2385 918 2456 964 ex
2520 901 2751 977 fructu,

227 988 404 1042 utrum
443 982 834 1045 vestimentis
860 982 1073 1042 ovium
1118 981 1394 1046 indutus,
1440 979 1610 1042 intus
1650 978 1831 1060 lupus
1873 995 2055 1058 rapax
2099 981 2327 1055 suerit,
2369 996 2448 1042 an
2495 995 2640 1042 non.
2685 980 2752 1043 Iu

227 1062 506 1138 primaeva
556 1062 750 1139 igitur
777 1067 971 1123 aetate
1016 1060 1324 1138 hypocrita
1368 1060 1528 1133 suit,
1572 1059 1782 1122 dicens
1821 1059 1982 1137 quod
2025 1059 2139 1122 sibi
2187 1060 2459 1137 Angelus
2502 1059 2750 1124 Domini

222 1141 275 1200 in
310 1143 499 1218 specie
551 1140 823 1204 hominis
863 1141 937 1201 de
976 1141 1270 1201 extremis
1312 1137 1538 1202 finibus
1579 1138 1798 1201 mundi
1861 1140 2054 1202 mirae
2109 1146 2171 1201 et
2223 1148 2430 1204 tamen
2482 1143 2753 1204 incertae

215 1222 524 1282 sanctitatis
567 1220 857 1299 reliquias
898 1217 1194 1289 attulerit,
1238 1227 1299 1280 et
1336 1219 1559 1281 exinde
1598 1220 1868 1296 potuerit
1907 1221 2136 1293 omnia,
2179 1235 2609 1299 quaecumque
2694 1237 2754 1282 o-

216 1302 475 1375 poscerit,
507 1317 543 1363 a
586 1300 709 1362 Deo
753 1302 1103 1379 impetrare.
1150 1298 1275 1362 Hac
1320 1314 1470 1376 ergo
1514 1297 1931 1372 simulatione,
1979 1297 2135 1362 sic'ut
2176 1298 2495 1379 Apostolus
2538 1300 2657 1364 Pau
2688 1317 2754 1362 us

217 1379 519 1454 praedixit,
566 1381 917 1458 penetravit
957 1378 1294 1440 multorum
1337 1379 1573 1452 domOS,
1614 1385 1675 1439 et
1720 1379 1984 1455 captivas
2012 1379 2192 1442 duxit
2222 1385 2350 1462 post
2390 1394 2455 1441 se
2499 1379 2752 1443 mulier·

214 1457 354 1519 culas
391 1465 673 1523 oneratas
706 1462 985 1538 peccatis,
1016 1473 1171 1537 quae
1197 1458 1575 1521 ducebantur
1607 1458 1793 1519 variis
1818 1457 2161 1533 desideriis,
2195 1466 2257 1521 et
2285 1459 2753 1522 multitudinem

214 1539 561 1602 rusticorum
588 1588 604 1612 ,
648 1539 990 1602 dicentium
1034 1537 1195 1617 quod
1239 1537 1362 1616 ipse
1404 1545 1563 1600 esset
1605 1538 1704 1598 vir
1746 1536 2118 1614 Apostolicae
2165 1540 2520 1601 sanctitatis.
2578 1539 2754 1602 Prae-

214 1625 352 1679 terea
397 1619 696 1682 conduxit
729 1619 1057 1697 Episcopos
1100 1617 1395 1690 indoctOS,
1438 1618 1544 1696 qui
1576 1632 1638 1678 se
1681 1626 1892 1678 contra
1937 1624 2253 1695 praecepta
2286 1617 2607 1683 Canonum
2649 1619 2750 1682 ab·

211 1698 382 1759 solute
426 1699 896 1762 ordinaverunt.
941 1696 1114 1760 Unde
1159 1696 1224 1758 in
1272 1704 1503 1759 tantam
1547 1695 1894 1773 superbiam
1922 1696 2114 1759 elatus
2160 1705 2271 1770 est,
2319 1707 2386 1759 ut
2427 1714 2490 1761 se
2531 1701 2748 1777 aequi·

210 1788 426 1852 pararet
470 1777 769 1856 Apostolis
793 1775 1045 1850 Christi,
1075 1782 1139 1838 et
1180 1776 1544 1854 dedignatus
1586 1777 1648 1836 in
1693 1774 1947 1854 alicujus
1989 1775 2414 1854 Apostolorum
2458 1778 2555 1841 vel
2600 1793 2756 1840 mar·

211 1864 398 1932 tyrum
432 1860 666 1920 honore
707 1858 1025 1920 ecclesiam
1068 1871 1449 1927 consecrare,
1482 1858 1546 1916 in
1578 1855 1824 1933 proprio
1857 1857 2087 1918 honore
2117 1856 2424 1919 dedicaret
2458 1858 2750 1931 oratoria,

211 1935 315 2006 vel,
359 1946 425 1999 ut
468 1938 677 2000 verius
704 1938 925 2009 dicam,
967 1934 1325 1998 sordidaret.
1371 1936 1463 1997 Ad
1494 1934 1642 1998 haec
1684 1935 1868 1997 etiam
1908 1936 2104 2013 impro
2146 1952 2347 2011 erans,
2379 1952 2487 1999 cur
2527 1937 2754 1999 voluis-

207 2027 327 2076 sent
370 2018 651 2079 homines
692 2018 942 2080 visitare
984 2015 1194 2078 limina
1224 2024 1575 2077 sanctorum
1606 2014 2060 2093 Apostolorum,
2129 2017 2249 2078 ecit
2287 2016 2376 2078 eis
2415 2016 2754 2079 cruciculas

207 2104 261 2154 et
297 2096 616 2159 oratoriola
665 2098 730 2158 in
772 2095 1025 2173 campis,
1070 2102 1132 2158 et
1173 2095 1245 2158 ad
1278 2095 1513 2168 fontes,
1560 2094 1655 2155 vel
1704 2094 2078 2174 ubicumque
2118 2094 2231 2157 sibi
2283 2096 2645 2170 videbatur,
2691 2104 2754 2158 et

202 2174 365 2250 Jussit
406 2176 490 2238 ibi
539 2174 810 2255 publicas
850 2176 1152 2237 orationes
1194 2174 1513 2244 celebrari,
1560 2175 1874 2236 intantum
1918 2182 1985 2236 ut
2027 2173 2457 2238 multitudines
2500 2174 2753 2256 populo·
2817 2181 2829 2204 ²

206 2270 371 2329 rum,
412 2257 639 2334 spretis
678 2256 932 2318 caeteris
973 2254 1281 2333 Episcopis
1306 2302 1323 2327 ,
1365 2263 1426 2317 et
1466 2253 1730 2316 dimissis
1770 2254 2036 2331 antiquis
2077 2253 2370 2328 ecclesiis,
2422 2257 2486 2318 in
2536 2255 2756 2318 talibus

206 2331 339 2396 locis
376 2341 726 2398 convent-us
766 2342 1043 2412 agerent,
1071 2334 1375 2398 dicentes:
1415 2334 1627 2397 Merita
1657 2336 1844 2396 sancti
1879 2333 2191 2397 Aldeberti
2220 2333 2591 2411 adjuvabunt
2619 2351 2750 2397 nos.

205 2411 461 2491 ungulas
504 2431 750 2494 quoque
791 2431 927 2477 suas
969 2421 1030 2476 et
1077 2413 1324 2493 capillos
1372 2413 1538 2476 dedit
1578 2411 1654 2475 ad
1700 2413 2222 2476 honorificandum
2276 2422 2339 2476 et
2383 2415 2753 2494 portandum

206 2508 333 2555 cum
376 2495 657 2576 reliquiis
699 2495 885 2558 sancti
950 2493 1112 2557 Petri
1177 2493 1601 2574 Apostolorum
1649 2492 1962 2574 principis
2013 2493 2221 2556 Tantis
2263 2493 2464 2574 itaque
2506 2494 2756 2573 flagitiis

204 2572 503 2638 involutos
532 2622 547 2647 ‚
592 2576 995 2653 praesumpsit
1035 2575 1339 2653 quoddam
1370 2621 1385 2646 ,
1429 2574 1592 2652 quod
1642 2574 1986 2636 maximum
2043 2572 2239 2635 scelus
2280 2581 2340 2635 et
2382 2574 2752 2652 blasphemia

204 2662 398 2717 contra
445 2655 787 2717 Dominum
828 2669 957 2717 esse
1000 2654 1264 2717 videtur.
1322 2654 1610 2717 venienti
1653 2654 1824 2716 enim
1876 2652 2094 2731 populo
2146 2658 2209 2714 et
2261 2661 2562 2733 prostrato
2605 2659 2751 2716 ante

206 2733 375 2807 pedes
413 2736 575 2812 eius,
618 2742 678 2796 et
718 2735 987 2812 cupienti
1030 2735 1309 2796 confiteri
1358 2741 1597 2813 peccata
1641 2749 1746 2795 sua
1774 2780 1791 2808 ,
1833 2733 2033 2795 dixit:
2087 2730 2222 2794 Scio
2263 2734 2472 2796 omnia
2514 2741 2754 2813 peccata

207 2820 417 2887 vestra,
461 2816 611 2891 quia
655 2814 811 2876 mihi
855 2813 1098 2891 cognita
1128 2821 1273 2875 sunt
1314 2813 1544 2876 occulta
1588 2821 1812 2893 vestra:
1848 2812 2108 2890 ideoque
2140 2826 2264 2873 non
2308 2818 2399 2875 est
2428 2828 2580 2891 opus
2607 2828 2752 2875 con-

207 2889 347 2956 fiteri
388 2910 482 2956 ea.
532 2893 745 2956 Securi
789 2908 942 2971 ergo
982 2900 1044 2955 et
1084 2892 1343 2956 absoluti
1393 2894 1468 2956 de
1511 2893 1768 2971 peccatis
1812 2892 2028 2954 vestris
2071 2893 2434 2970 praeteritis,
2482 2893 2749 2955 reverti-

207 2972 342 3035 mini
388 2974 467 3035 ad
498 2972 706 3036 domos
733 2979 960 3035 vestras
987 2989 1132 3035 cum
1165 2989 1328 3052 pace.
1356 2972 1512 3035 Haec
1557 2973 1752 3050 igitur
1792 2980 1976 3052 atque
2010 2971 2104 3033 bis
2144 2970 2395 3042 similia,
2430 2986 2588 3051 quae
2617 2988 2753 3034 san-

209 3058 359 3114 ctum
402 3052 809 3131 Evangelium
854 3053 1196 3132 hypocritas
1237 3054 1498 3115 facturos
1537 3069 1671 3114 esse
1718 3059 1994 3125 testatur,
2029 3051 2190 3113 idem
2234 3051 2597 3115 Aldebertus
2639 3068 2753 3114 suo

207 3127 402 3195 habitu
444 3140 510 3196 et
540 3133 778 3195 incessu
811 3132 1206 3215 moribusque
1247 3133 1399 3195 solet
1441 3133 1707 3211 operari.

278 3212 444 3275 Alter
487 3221 699 3274 autem
744 3212 1107 3285 haereticus,
1156 3212 1259 3290 qui
1302 3213 1527 3275 dicitur
1569 3210 1876 3286 Clemens,
1929 3218 2138 3274 contra
2187 3208 2557 3273 Catholicam
2604 3226 2755 3272 con·

211 3292 392 3353 tendit
433 3291 788 3366 Ecclesiam,
832 3292 1143 3369 abnegans
1186 3290 1419 3354 scilicet
1459 3302 1522 3353 et
1563 3291 1837 3354 refutans
1886 3287 2165 3354 Canones
2205 3305 2423 3364 sacros,
2469 3297 2758 3353 tractatus

206 3376 262 3428 et
287 3371 701 3451 expositiones
730 3379 1082 3433 sanctorum
1112 3371 1382 3445 Patrum,
1425 3370 1808 3450 Hieronymi,
1858 3369 2187 3447 Augustini
2214 3376 2277 3431 et
2307 3368 2610 3448 Gregorii.
2647 3369 2758 3448 Sy-

208 3450 428 3514 nodalia
472 3452 662 3514 etiam
698 3450 833 3526 jura
874 3466 1190 3531 spernenS,
1233 3451 1493 3514 affirmat
1534 3466 1601 3531 se
1641 3458 1770 3528 post
1799 3450 1947 3512 duos
1993 3450 2170 3524 filioS,
2200 3449 2318 3511 sibi
2351 3451 2415 3510 in
2445 3447 2753 3511 adulterio

207 3538 386 3603 natos,
430 3547 566 3594 esse
609 3546 778 3610 posse
821 3530 972 3610 legis
1019 3529 1403 3594 Christianae
1452 3530 1838 3610 Episcopum.
1884 3528 2198 3592 Praeterea
2228 3528 2607 3591 Iudaismum
2662 3530 2755 3590 in-

208 3611 548 3684 troducenS,
586 3611 822 3689 justum
858 3610 1087 3688 judicat
1126 3627 1255 3673 esse
1293 3608 1654 3680 Christiano,
1686 3616 1774 3684 ut,
1817 3610 1868 3671 si
1923 3607 2207 3683 voluerit,
2252 3608 2507 3671 viduam
2551 3609 2758 3672 fratris

208 3685 465 3754 defuncti
509 3691 765 3771 accipiat
805 3706 1079 3754 uxorem.
1116 3689 1241 3769 Ipse
1269 3691 1452 3753 etiam
1484 3697 1691 3753 contra
1725 3689 1910 3752 tidem
1944 3694 2298 3751 sanctorum
2330 3688 2580 3750 Patrum
2610 3704 2757 3751 con·

208 3771 390 3831 tendit
428 3770 644 3834 dicens
682 3769 846 3849 quod
885 3770 1166 3833 Christus
1208 3771 1370 3832 tilius
1413 3770 1517 3833 Dei
1562 3769 1937 3833 descendens
1977 3768 2052 3829 ad
2081 3768 2330 3839 interos,
2362 3782 2577 3829 omnes
2602 3783 2751 3847 quos

207 3845 421 3912 interni
465 3865 672 3913 carcer
713 3849 993 3923 detinuit,
1046 3849 1187 3912 inde
1232 3849 1563 3923 liberasset,
1611 3847 1896 3912 credulos
1947 3846 2230 3909 videlicet
2276 3850 2339 3910 et
2384 3847 2753 3921 incredulos,

209 3940 309 3989 nec
351 3945 473 3991 non
519 3929 780 3992 cultores
825 3929 1150 3992 idolorum.
1200 3928 1380 3993 Multa
1410 3946 1649 4009 quoque
1684 3928 1797 3991 alia
1831 3925 2149 3990 horribilia
2178 3934 2241 3989 et
2270 3927 2578 3989 contraria
2610 3926 2756 3988 fidei

210 4001 562 4082 Catholicae,
605 4010 681 4071 de
765 4010 1275 4083 raedestinatiqne
1315 4007 1422 4071 Dei
1465 4009 1755 4072 affirmat.
1781 4008 2157 4086 Quapropter
2184 4021 2422 4085 precor,
2455 4012 2522 4068 ut
2553 4006 2760 4069 literas

207 4096 430 4172 yestras
470 4090 547 4152 de
590 4088 702 4151 hoc
774 4092 1036 4152 aeretico
1079 4089 1370 4152 mandare
1410 4088 1829 4151 curetisDuci
1872 4085 2307 4159 carlomanno,
2361 4090 2429 4148 ut
2477 4087 2760 4149 mittatur

208 4179 267 4225 tn
308 4168 663 4244 custodiam,
698 4184 775 4232 ne
816 4170 1045 4231 semina
1089 4176 1331 4232 satanae
1360 4167 1538 4231 latius
1566 4167 1903 4241 seminans,
1936 4181 2054 4229 una
2086 4166 2214 4227 ovis
2250 4163 2528 4229 morbida
2564 4172 2761 4227 totum

206 4257 449 4325 gregem
495 4247 742 4389 polluat.
774 4247 991 4312 Valere
1032 4248 1416 4311 sanctitatem
1446 4254 1713 4311 vestram
1739 4253 1801 4309 et
1833 4245 2139 4326 prosperis
2192 4243 2564 4323 profectibus
2609 4260 2761 4323 gau-

208 4323 344 4388 dere
389 4330 455 4389 in
523 4327 897 4405 ongitudine
939 4328 1204 4402 dierum,
1235 4332 1516 4406 optamus
1536 4329 1589 4388 *.

261 4432 286 4458 ·
313 4433 467 4475 Lecti·
496 4445 659 4477 eornm
688 4435 733 4477 8.
760 4432 988 4477 zacharia
1014 4437 1094 4485 Pp.
1124 4437 1172 4478 et
1202 4445 1371 4486 magno
1401 4435 1740 4485 Episcoporum
1770 4434 1910 4475 coetu
1945 4429 2020 4474 his
2054 4431 2287 4474 13οωίιοῦ
2318 4427 2519 4476 utteris.
2550 4430 2767 4472 disemos
