3357 4995
603 300 731 363 312
1238 315 1315 361 nn
1364 314 1419 361 s.
1458 250 1750 362 'amomo
1797 313 1837 358 A
1887 311 2096 360 mnu».
2145 310 2324 360 mero
2698 296 2921 360 JUNII
2974 296 3061 359 1¹3

502 401 660 470 licet
700 405 962 470 Fratres
1018 399 1084 469 id
1139 409 1634 468 asseverarent.
1683 397 1988 467 Tandem
2022 396 2299 466 advenit
2363 396 2691 476 Minister,
2728 402 2811 466 ad
2856 398 3063 487 cujus

501 488 800 559 reditum
851 500 986 558 tota
1026 487 1194 557 urbs
1230 508 1570 576 suspensa
1608 486 1955 556 haerebat.
2002 486 2096 555 Ab
2133 507 2212 554 eo
2256 484 2468 572 igitur
2503 485 2685 555 cives
2716 485 2801 555 de
2832 486 3067 574 pontis

501 578 726 667 capite
777 599 1030 665 corpus
1080 574 1301 645 sancti
1353 575 1480 644 viri
1534 587 1778 664 petunt
1832 575 2192 654 instanter,
2252 573 2521 644 addunt
2550 574 2754 643 etiam
2801 575 3057 654 minaS,

500 679 579 736 ut
653 666 1025 735 terroribus
1095 664 1420 753 frangant
1499 668 1809 742 Fratres,
1898 662 2381 750 affirmantque
2456 684 2528 732 se
2609 662 2872 732 nullius
2939 685 3065 752 pe·

501 755 707 824 riculi
753 757 964 823 causa
1026 776 1066 821 a
1115 753 1450 823 sententia
1499 752 1956 823 discessuros.
2018 751 2269 821 videns
2324 750 2630 820 Minister
2681 753 3067 821 temeritate

505 844 660 912 illos
689 843 876 922 duci,
931 864 1090 911 cum
1145 842 1360 910 multa
1401 841 1720 910 cautione
1767 853 1832 909 et
1877 840 2211 910 modestia
2259 838 2426 908 dicit
2472 839 2558 908 ad
2593 862 2709 908 eos
2746 865 2757 906 :
2813 864 2838 902 <i
2878 841 3065 909 Nihil

503 932 783 1019 quidem
825 931 978 1018 jure
1012 930 1126 1000 hic
1176 952 1528 1019 reposcere
1612 930 1846 999 otestis
1876 928 2293 999 charissimi:
2332 928 2445 997 sed
2487 928 2543 997 si
2579 928 2663 997 de
2690 928 3067 1019 indulgen-

505 1022 599 1090 tia
627 1020 880 1109 agitur,
917 1020 1002 1088 de
1037 1020 1323 1088 fratrum
1360 1019 1550 1087 consi
1587 1019 1650 1087 io
1684 1018 2037 1095 faciemus,
2075 1017 2259 1103 quod
2300 1017 2628 1087 Dominus
2663 1018 3058 1106 inspirabit.

507 1110 787 1178 Interim
856 1130 938 1177 ne
984 1108 1288 1194 aliquam
1351 1107 1630 1196 possitis
1698 1106 2036 1195 suspicari
2098 1105 2437 1185 fraudem,
2498 1105 2689 1175 vobis
2740 1107 3065 1194 permitto

497 1197 852 1286 custodire
889 1198 1139 1275 locum,
1181 1198 1248 1264 in
1299 1218 1435 1281 quo
1489 1196 1664 1264 beati
1718 1195 1930 1284 patris
1966 1217 2220 1284 corpus
2251 1194 2615 1280 quiescit.»
2656 1200 2845 1263 Mane
2891 1195 3065 1264 alte-

506 1289 656 1356 rius
695 1286 833 1354 diei
890 1287 1191 1354 Minister
1239 1284 1383 1352 adit
1435 1285 1929 1371 Magistratum,
1990 1296 2054 1352 et
2102 1295 2469 1352 convocato
2511 1283 2778 1362 senatu,
2832 1284 3066 1353 humi-

409 1376 414 1382 ’
507 1375 663 1444 liter
696 1396 891 1463 opem
921 1388 985 1442 et
1016 1373 1386 1442 consilium
1418 1373 1758 1462 implorat.
1791 1372 2225 1460 Magistratus
2251 1371 2336 1440 de
2361 1372 2715 1440 communi
2743 1372 3060 1440 omnium

508 1463 840 1532 sententia
893 1462 1210 1531 custodes
1258 1461 1538 1530 adhibet
1588 1461 1735 1530 loco
1770 1462 1947 1529 sacri
1982 1461 2312 1550 corporis,
2366 1473 2432 1528 et
2473 1462 2603 1530 sub
2654 1481 2866 1550 poena
2900 1483 3066 1528 cen-

508 1565 653 1621 tum
709 1552 1039 1619 librarum
1090 1565 1300 1624 cavet,
1359 1573 1441 1619 ne
1499 1551 1657 1636 quis
1710 1551 1844 1617 vim
1897 1550 2133 1618 ass'erat
2185 1551 2534 1618 Fratribus
2584 1562 2704 1618 aut
2752 1563 3066 1618 armatus

508 1641 591 1709 ad
629 1663 785 1709 eum
826 1640 1050 1708 locum
1103 1640 1401 1718 accedat,
1443 1639 1659 1708 donec
1704 1638 2083 1728 Episcopus
2116 1652 2180 1707 et
2208 1637 2440 1706 Clerus
2468 1638 2634 1723 quid
2666 1638 2810 1707 fieri
2863 1659 3100 1728 opor--

509 1743 696 1808 teret,
771 1742 1163 1798 statuerent.
1221 1727 1436 1797 Altera
1490 1728 1640 1797 luce
1692 1727 2071 1817 Episcopus
2122 1728 2193 1795 in
2243 1748 2393 1795 eam
2459 1749 2698 1796 curam
2749 1740 2813 1796 et
2875 1730 3065 1816 cogi-

509 1818 832 1886 tationem
913 1816 1278 1915 diligenter
1334 1817 1674 1895 incubuit,
1761 1829 1824 1884 et
1871 1816 2105 1884 audita
2156 1827 2447 1901 utraque
2518 1829 2728 1904 parte,
2786 1816 3065 1884 tandem

511 1906 746 1979 voluit,
781 1919 857 1974 ut
890 1927 1123 1973 omnia
1152 1928 1231 1973 ex
1268 1905 1557 1974 Ministri
1610 1905 1954 1974 voluntate
1989 1903 2252 1973 fierent:
2298 1905 2645 1993 jussitque
2679 1919 2754 1973 ut
2801 1917 2865 1973 et
2913 1905 3063 1972 Cle-

508 2016 631 2064 rus
664 2008 727 2062 et
780 1994 1078 2084 populus
1126 1994 1353 2062 omnis
1392 1994 1502 2060 die
1538 1993 1837 2062 crastino
1887 1992 1971 2061 ad
2007 1992 2431 2062 efferendum
2480 2015 2754 2062 sacrum
2806 2015 3065 2080 corpus

511 2105 788 2153 summo
839 2104 1038 2150 mane
1072 2082 1547 2151 convenirent:
1603 2082 2031 2172 Magistratui
2079 2075 2353 2168 quoqu‘e
2400 2082 2765 2170 praecepit,
2799 2096 2872 2150 ut
2906 2087 3065 2150 Fra—

511 2171 756 2248 tribus,
812 2194 896 2239 ne
943 2171 1110 2256 quid
1159 2183 1558 2269 paterentur
1619 2170 2011 2249 molestiae,
2083 2192 2211 2240 sua
2267 2191 2394 2260 ope
2453 2169 2793 2239 adessent.
2849 2171 3066 2258 Magi-

513 2272 767 2329 stratus
819 2260 1107 2328 libenter
1147 2281 1342 2344 Jussa
1391 2259 1710 2348 capessit,
1763 2273 1939 2328 etex
1986 2258 2271 2330 adverso
2321 2258 2657 2337 fluminiS,
2710 2259 2894 2345 quod
2925 2258 3072 2327 Cel—

515 2348 649 2416 lam
706 2349 992 2416 fratrum
1045 2349 1283 2426 ambit,
1338 2370 1412 2415 ex
1466 2348 1758 2417 navibus
1805 2361 1870 2416 et
1910 2347 2120 2436 lignis
2180 2346 2490 2416 celeriter
2535 2361 2731 2416 curat
2783 2360 3061 2437 pontem

511 2438 784 2516 confici,
831 2460 911 2506 ne
959 2438 1139 2506 cives
1190 2437 1272 2505 de
1311 2437 1533 2527 pontis
1568 2439 1791 2526 capite
1838 2437 2090 2505 animis
2141 2450 2757 2515 commoverentur,
2814 2438 2871 2506 si
2921 2459 3072 2504 cer-

512 2541 752 2596 nerent
802 2550 1054 2616 corpus
1110 2549 1226 2615 per
1276 2549 1437 2595 suos
1489 2527 1660 2594 fines
1711 2525 1982 2595 deferri.
2039 2533 2112 2595 At
2171 2526 2272 2594 illi
2330 2524 2547 2594 nihilo
2599 2526 2831 2594 minus
2890 2527 3070 2594 versi

511 2617 582 2683 in
635 2616 1086 2693 seditionem,
1165 2630 1437 2703 pontem
1502 2615 1696 2683 illum
1773 2616 2135 2705 dissipant.
2192 2620 2281 2683 Ea
2334 2636 2439 2685 res
2507 2615 2714 2683 totius
2770 2615 3071 2684 civitatis

512 2706 785 2773 animos
835 2704 1244 2781 concitavit,
1312 2705 1496 2790 quod
1567 2717 1750 2772 tanta
1802 2704 2144 2773 temeritas
2194 2704 2275 2771 ad
2350 2704 2662 2772 omnium
2731 2704 3068 2790 injuriam

510 2793 966 2861 redundaret.
1027 2798 1258 2878 Itaque
1325 2792 1538 2860 armis
1614 2792 1907 2871 muniti,
1961 2815 2201 2861 omnes
2252 2792 2787 2881 proficiscuntur
2825 2808 3067 2861 contra

513 2881 674 2951 illos
726 2882 952 2971 pontis
1000 2903 1367 2957 eversores,
1405 2895 1469 2950 et
1518 2881 1588 2948 hi
1632 2901 1767 2950 non
1833 2882 2067 2952 minus
2123 2881 2411 2950 fidenter
2458 2880 2543 2949 ad
2594 2902 2787 2949 arma
2838 2903 2907 2950 se
2946 2904 3071 2970 pa-

516 2983 693 3049 rant,
750 2971 934 3038 omni
1039 2969 1297 3037 ericulo
1345 2982 1759 3062 contempto.

600 3060 636 3145 ξ
685 3063 832 3130 45.
895 3059 990 3126 Vi(
1017 3071 1206 3127 entes
1255 3072 1480 3127 autem
1519 3063 1783 3127 Fratres
1830 3071 2099 3128 tantum
2156 3059 2349 3129 urbis
2400 3060 2605 3126 totius
2656 3057 3063 3136 discrimen,

516 3168 768 3236 magno
811 3147 1052 3215 timo're
1100 3148 1392 3235 correpti
1443 3160 1627 3216 sunt:
1669 3168 1793 3216 nec
1830 3149 2062 3217 minus
2096 3148 2524 3216 terrebantur
2565 3168 2900 3236 pauperes
2944 3151 3069 3214 Do·

517 3236 797 3313 minae,
864 3258 987 3303 sua
1035 3236 1241 3324 culpa
1289 3258 1403 3303 eas
1478 3236 1715 3304 turbas
1788 3236 2162 3305 concitatas
2226 3250 2629 3307 asserentes.
2687 3241 2855 3303 Tum
2909 3258 3069 3305 vero

517 3324 956 3413 Magistratus
1009 3323 1206 3392 illum
1240 3322 1477 3412 populi
1509 3324 1884 3395 tumultum
1930 3345 2063 3392 non
2118 3324 2362 3403 ferenS,
2403 3346 2643 3393 omnes
2677 3346 2835 3392 voce
2867 3346 3068 3413 prae-

515 3414 711 3481 conis
760 3413 1230 3501 ad-palatium
1264 3425 1613 3491 convocat,
1671 3426 1737 3481 et
1787 3414 2013 3502 pontis
2060 3413 2493 3482 eversoribus
2544 3412 2911 3491 interdicit,
2981 3435 3068 3481 ne

513 3523 590 3568 ea
642 3500 751 3569 die
783 3501 934 3571 ausi
969 3502 1104 3569 sint
1157 3501 1375 3569 redire
1409 3500 1492 3568 ad
1545 3501 1745 3570 aedes
1775 3524 1958 3572 suas.
2014 3501 2266 3571 Amotis
2306 3522 2469 3591 ergo
2518 3501 2657 3570 illis
2706 3501 3070 3570 seditionis

515 3589 937 3668 auctoribus,
1004 3590 1382 3679 Episcopus
1437 3611 1596 3658 cum
1650 3590 1861 3668 Cler0,
1928 3589 2358 3679 Magistratus
2416 3610 2578 3659 cum
2631 3589 2969 3659 militibus
3001 3604 3070 3660 et

515 3678 880 3746 innumera
929 3677 1165 3767 populi
1217 3678 1682 3758 multitudine,
1741 3679 2070 3749 institutis
2121 3701 2340 3765 usque
2389 3678 2473 3747 ad
2528 3679 2704 3747 sacri
2753 3679 3069 3768 corporis

516 3766 749 3834 locum
806 3766 1399 3854 processionibuS,
1459 3789 1615 3835 cum
1670 3768 1952 3857 hymnis
1998 3780 2063 3837 et
2110 3768 2396 3837 canticis
2460 3766 2893 3856 spiritalibus
2944 3790 3071 3855 per

518 3855 823 3923 medium
875 3855 1120 3943 capitis
1156 3854 1495 3943 pontis'ad
1538 3856 1898 3926 ecclesiam
1935 3857 2410 3926 sanctissimae
2456 3857 2686 3924 Matris
2724 3856 2837 3924 Dei
2880 3855 3067 3931 idem

513 3943 895 4013 beatissimi
949 3944 1071 4011 viri
1100 3966 1350 4033 corpus
1405 3944 1576 4013 mira
1610 3948 1923 4025 omnium
1953 3945 2366 4015 exultatione
2407 3944 2847 4014 transferunt.
2888 3950 3071 4033 Sup-

523 4032 869 4120 ponebant
915 4044 1140 4100 autem
1193 4032 1436 4101 feretro
1501 4034 1827 4104 humeros
1875 4055 2035 4104 suos
2097 4033 2405 4123 primarii
2475 4033 2601 4101 viri
2659 4032 2953 4104 civitatis
3001 4047 3070 4101 et

517 4122 980 4210 magistratus,
1037 4121 1267 4192 beatos
1316 4145 1388 4191 se
1425 4123 1915 4202 existimanteS,
1969 4122 2089 4209 qui
2153 4121 2461 4192 loculum
2512 4121 2610 4190 vel
2664 4122 2899 4190 leviter
2958 4135 3062 4191 at·.

517 4208 784 4298 tingere
859 4223 1303 4279 mererentur.
1358 4216 1701 4297 Quotquot
1761 4222 1989 4281 autern
2057 4232 2289 4283 cereos
2339 4210 2590 4281 habere
2646 4222 3016 4300 potuerunt
3050 4266 3065 4287 ,

517 4317 632 4365 eos
707 4319 1028 4370 accensos
1100 4301 1426 4369 manibus
1474 4300 1819 4370 ferebant:
1873 4321 2170 4386 quorum
2222 4311 2407 4369 tanta
2483 4312 2628 4368 erat
2692 4299 2932 4387 copia,
2992 4314 3071 4366 ut

517 4408 755 4457 eorum
830 4386 1094 4457 lumine
1161 4389 1361 4477 quasi
1431 4402 1563 4458 tota
1630 4387 1798 4459 urbs
1848 4388 2271 4481 inflammata
2348 4387 2713 4457 videretur.
2773 4387 2904 4457 Ubi
2973 4386 3064 4455 ad
