3357 4995
254 352 291 416 J
304 352 475 416 UNIl
528 352 610 415 ⁴6
970 371 1046 416 ne
1094 371 1149 418 s.
1204 370 1492 419 ΒΕΝΝΟΝΕ
1537 370 1836 418 ωεΝεΝει
1883 370 2083 419 muse.
2592 355 2718 419 395

259 454 589 522 tumulari
605 455 930 542 jusserat,
962 453 1044 522 ad
1078 454 1385 524 medium
1412 455 1765 535 ecelesiae,
1798 455 1919 524 ubi
1953 477 2139 525 nunc
2175 454 2413 525 tumba
2444 456 2668 545 ipsius
2689 457 2811 525 ho-

258 542 545 611 norifice
593 542 926 611 instructa
975 544 1303 621 cernitur,
1359 543 1533 613 facta
1565 556 1666 615 est
1713 544 1896 613 circa
1945 565 2210 613 annum
2262 545 2532 614 Domini
2571 567 2811 615 uchxx

258 653 396 717 quo
446 645 749 721 tempore
780 631 1191 703 venerabilis
1240 632 1620 723 Episcopus
1672 633 1943 723 witigo,
1998 632 2210 721 hujus
2252 634 2556 703 nominis
2607 639 2666 704 ll
2699 656 2812 702 ve-

256 720 548 788 hemens
593 720 734 788 divi
802 721 1146 789 Bennonis
1205 734 1470 791 amator
1515 735 1581 790 et
1642 722 2118 811 praedicator,
2173 734 2396 791 certas
2442 723 2648 791 etiam
2713 723 2815 790 in-

258 808 652 899 dulgentias
708 809 793 877 ad
853 808 1166 878 eamdem
1228 811 1747 879 translationem
1809 810 2125 889 contulit,
2188 832 2327 896 quo
2382 810 2659 900 plenius
2708 833 2816 902 θεῖ

259 910 361 966 set
411 898 633 967 devoti
684 898 921 987 populi
974 897 1335 988 gaudium.
1393 899 1579 967 Idem
1632 898 1839 968 etiam
1895 899 2278 988 Episcopus
2327 901 2597 989 witigo,
2657 900 2817 968 vino

263 986 381 1055 illo
429 1009 566 1072 quo
615 987 750 1055 divi
810 988 1148 1055 Bennonis
1195 1008 1349 1057 ossa
1400 987 1558 1068 lota,
1617 1001 1684 1056 et
1737 1011 1778 1057 a
1825 1001 2093 1057 terreno
2146 987 2428 1076 pulvere
2481 988 2818 1057 mundata

262 1075 558 1156 fuerant,
615 1089 939 1161 tanquam
993 1075 1449 1145 saluberrimo
1513 1076 1816 1163 quodam
1868 1076 1999 1146 olei
2051 1077 2195 1145 rivo
2262 1098 2504 1167 aegros
2574 1099 2817 1163 quam-

263 1164 604 1252 plurimos
633 1165 918 1236 sanavit.
974 1169 1280 1246 Quorum
1317 1165 1629 1235 omnium
1687 1165 1969 1235 nomina
2003 1177 2068 1233 et
2104 1165 2501 1235 morborum
2554 1167 2815 1255 species

266 1255 543 1353 propria
598 1263 809 1322 manu
857 1252 1229 1333 adnotavit,
1284 1267 1349 1322 et
1405 1253 1590 1343 apud
1641 1254 2003 1324 ecclesiam
2059 1255 2508 1325 Missnensem
2564 1255 2817 1344 pariter

264 1365 334 1409 ln
389 1354 790 1431 perpetuam
844 1343 937 1409 rei
990 1342 1393 1411 memoriam
1432 1342 1839 1412 recondidit.
1874 1343 2119 1412 Casula
2153 1364 2309 1412 vero
2356 1365 2495 1430 qua
2527 1344 2815 1412 indutus

263 1432 483 1498 suerat
531 1430 732 1499 divus
783 1446 972 1518 pater
1020 1435 1273 1509 Benno‚
1327 1445 1392 1500 et
1439 1431 1732 1502 baculus
1782 1431 2146 1521 pastoralis
2196 1444 2523 1519 tanquam
2579 1454 2814 1501 recens

264 1519 597 1608 deposita,
637 1540 870 1588 secum
901 1519 970 1587 in
998 1519 1314 1609 sepulcro
1360 1521 1631 1590 inventa
1667 1532 1831 1590 sunt
1855 1522 2118 1607 absque
2138 1521 2330 1589 omni
2364 1520 2814 1591 cinefactione

264 1631 441 1693 quae
473 1609 677 1677 etiam
732 1628 863 1674 non
901 1629 1181 1697 parvam
1219 1632 1256 1677 a
1306 1611 1745 1679 sanctissimo
1776 1631 2061 1699 corpore
2095 1609 2417 1679 virtutem
2452 1623 2808 1679 attraxere.

265 1703 429 1766 Nam
490 1711 565 1766 ut
617 1710 838 1765 vetera
894 1708 1179 1776 taceam,
1239 1713 1549 1767 matrona
1598 1698 1941 1785 quaedam
1976 1698 2378 1789 Missnensjs
2426 1699 2815 1769 dioeceseos

265 1809 343 1854 ex
394 1786 553 1854 villa
606 1785 1123 1865 I’rentzindorff‚
1190 1808 1401 1876 prope
1454 1787 1846 1877 Fribergam
1920 1801 2156 1856 nostra
2231 1787 2355 1856 hac
2418 1800 2817 1876 tempestato

264 1875 626 1945 daemonio
695 1888 987 1963 arrepta,
1056 1876 1141 1944 ad
1208 1876 1607 1966 sepulcrum
1657 1877 1798 1944 divi
1846 1877 2193 1944 Bennonis
2241 1876 2575 1945 adducta:
2653 1898 2811 1945 cuni

264 1963 476 2032 nullis
516 1965 809 2032 daemon
858 1964 1257 2033 exorcismis
1307 1966 1393 2033 ab
1441 1987 1518 2032 ea
1554 1965 1780 2053 fugari
1833 1978 2081 2053 posset.
2120 1965 2368 2035 induta
2401 1980 2504 2033 est
2535 1965 2811 2036 tandem

269 2053 406 2120 divi
452 2054 794 2120 Bennonis
848 2052 1108 2131 casula,
1151 2054 1212 2121 ei
1261 2054 1465 2123 datus
1501 2054 1568 2121 in
1623 2076 1836 2123 manu
1886 2053 2181 2123 baculus
2230 2053 2622 2142 pastoraliS‚
2678 2075 2817 2139 quo

264 2141 439 2209 sacto
486 2141 888 2210 exclamavit
958 2142 1293 2210 daemon:
1350 2149 1542 2212 Nunc
1592 2156 1867 2232 tempus
1913 2147 2018 2210 est
2061 2154 2139 2211 ut
2191 2142 2543 2230 egrediar:
2610 2142 2819 2210 relin-

265 2251 470 2315 quam
524 2243 747 2297 tamen
788 2231 1096 2319 hospitae
1148 2253 1335 2300 meae
1372 2232 1427 2302 si
1486 2254 1676 2311 num,
1723 2253 1861 2317 quo
1911 2230 2044 2300 mei
2099 2244 2425 2319 perpetuo
2477 2230 2816 2298 memine-

268 2318 377 2384 rit.
448 2323 729 2404 Moxque
777 2333 1009 2408 aperto
1059 2319 1270 2388 altero
1321 2342 1440 2389 mu
1478 2320 1634 2389 ieris
1684 2341 1909 2399 crure,
1967 2318 2362 2389 terribiliter
2407 2317 2622 2387 elisus
2685 2331 2809 2386 est.

272 2410 594 2474 Foramen
632 2420 856 2476 autem
889 2409 1073 2494 quod
1124 2408 1239 2477 ille
1280 2407 1551 2486 feceram
1590 2408 1785 2477 nulla
1835 2407 2262 2478 medicorum
2298 2421 2440 2476 arte
2475 2406 2809 2486 sanabile,

268 2494 520 2564 mulier
566 2495 795 2566 adhuc
845 2496 1046 2565 liodie
1095 2510 1336 2587 gestat,
1375 2512 1437 2567 et
1468 2511 1543 2567 ut
1575 2497 1962 2567 timendum
2004 2514 2107 2571 est
2152 2496 2371 2566 donec
2408 2496 2648 2564 vixerit
2677 2518 2809 2563 non

265 2583 674 2654 abolebitur.

353 2676 389 2759 ἓ
437 2678 588 2745 38.
646 2679 993 2742 Praeterea
1041 2688 1116 2742 ut
1168 2678 1322 2764 pius
1351 2698 1515 2766 erga
1565 2675 1942 2765 supplices,
2001 2676 2094 2744 ita
2143 2696 2421 2744 severus
2471 2675 2539 2741 in
2599 2673 2813 2741 obsti-

268 2775 463 2831 natos
494 2764 694 2831 divus
747 2776 937 2852 pater
974 2764 1171 2851 Juxta
1222 2765 1564 2853 promissa
1598 2786 1724 2833 sua
1777 2764 2056 2853 saepius
2106 2765 2426 2832 inventus
2465 2775 2588 2830 est.
2640 2766 2814 2830 Mai·—

270 2850 587 2920 chionem
639 2853 823 2921 enim
874 2852 974 2920 Wi
1008 2852 1342 2932 helmum,
1396 2875 1555 2923 eum
1613 2853 1734 2940 qui
1784 2852 2110 2943 Grymnis
2143 2863 2457 2921 mortuus
2489 2864 2613 2923 est,
2650 2872 2811 2918 cum

270 2941 700 3030 praepositus
756 2940 919 3009 olim
974 2942 1374 3012 Missnensis
1433 2947 1776 3011 Brutenus
1825 2941 2105 3011 nomine
2162 2962 2364 3029 saepe
2404 2938 2814 3037 adhortatus

264 3043 463 3109 esset,
500 3042 577 3097 ut
614 3032 701 3099 ab
739 3030 1213 3100 exactionibus
1250 3044 1315 3099 et
1344 3030 1664 3109 servitiis,
1721 3030 1980 3117 quibus
2026 3030 2306 3099 colonos
2351 3051 2430 3097 ac
2494 3027 2813 3097 subditos

260 3118 605 3186 Ecclesiae
638 3119 1036 3190 Missnensis
1084 3132 1350 3209 praeter
1387 3121 1507 3209 jus
1554 3142 1634 3188 ac
1684 3119 2259 3189 consuetudinem
2288 3116 2805 3207 praegravabat,

265 3206 655 3275 desisteret:
711 3229 834 3276 nec
882 3230 1037 3277 eum
1099 3210 1186 3277 ab
1236 3208 1548 3299 incoepto
1608 3221 1836 3297 posset
1882 3208 2282 3287 deflectere,
2335 3206 2420 3275 ad
2471 3204 2811 3274 auxilium

271 3296 541 3363 tandem
594 3296 733 3363 divi
804 3297 1526 3389 Bennonisconfugit,
1579 3297 1700 3384 qui
1746 3298 2119 3386 (exoratus
2168 3294 2444 3365 tandem
2507 3293 2815 3362 assiduis

272 3385 642 3473 Praepositi
692 3385 1047 3473 precibus)
1094 3386 1468 3456 Marchioni
1521 3387 1591 3454 in
1653 3386 1918 3457 somnis
1965 3385 2327 3476 apparuit,
2382 3404 2685 3473 arguens
2752 3394 2819 3450 et

266 3473 889 3542 commonefaciens
914 3474 997 3541 ad
1031 3475 1437 3543 remittenda
1474 3476 1730 3564 injusta
1758 3475 2186 3565 gravamina.
2216 3477 2524 3559 Cumque
2559 3472 2618 3540 is
2649 3491 2814 3569 con-

268 3561 684 3654 siliariorum
738 3584 1022 3630 suorum
1075 3585 1311 3643 suasu,
1367 3563 1744 3632 dicentium
1791 3585 1923 3632 non
1971 3584 2119 3633 esse
2152 3560 2462 3631 curanda
2511 3581 2816 3629 sommo-

270 3671 422 3717 rum
475 3651 950 3729 deliramenta,
1008 3652 1076 3718 in
1132 3651 1324 3720 nullo
1375 3674 1444 3722 se
1479 3651 1910 3721 emendaret:
1949 3651 2085 3720 alia
2123 3650 2270 3720 vice
2316 3671 2438 3739 per
2483 3648 2811 3735 quietem,

268 3739 512 3808 iterum
566 3740 753 3807 visus
779 3752 880 3807 est
910 3739 1043 3808 sibi
1077 3745 1305 3809 Benno
1354 3741 1639 3821 irruere,
1694 3753 1759 3809 et
1796 3739 1944 3810 sace
1990 3761 2201 3826 quam
2253 3760 2468 3808 manu
2508 3735 2819 3827 gestabat

264 3827 555 3896 alterum
607 3828 903 3896 ocellum
958 3829 1254 3898 inurere.
1302 3831 1430 3911 Qui
1468 3851 1669 3898 mane
1703 3850 1999 3919 surgens
2038 3841 2103 3898 et
2141 3827 2525 3898 eluscatum
2563 3848 2635 3895 se
2660 3846 2818 3894 sen-

266 3917 463 3995 tiens,
520 3917 791 3984 tandem
843 3931 1307 4006 compunctus
1356 3918 1584 3996 corde,
1640 3918 1982 3987 Ecclesiae
2009 3917 2381 3987 Missnensi
2413 3938 2551 3986 non
2589 3914 2814 4013 solum

263 4005 423 4072 data
477 4006 825 4076 resarcivit
874 4006 1163 4075 damna:
1231 4028 1481 4076 verum
1520 4006 2084 4097 insuper-multa
2141 4005 2437 4076 contulit
2501 4005 2813 4082 donaria,

262 4093 545 4178 quibus,
601 4107 676 4163 ut
709 4094 1131 4184 sperandum
1164 4109 1287 4176 est,
1330 4094 1882 4165 benedictionem
1934 4117 2058 4186 pro
2108 4094 2589 4164 maledictione
2618 4116 2659 4162 a
2691 4097 2821 4161 Deo

267 4183 670 4269 promeruit.
730 4185 1002 4273 Legitur
1042 4198 1266 4253 tamen
1312 4196 1447 4252 tam
1501 4185 1688 4254 hunc
1717 4206 1927 4272 quam
1979 4183 2120 4253 divi
2148 4182 2493 4254 Bennonis
2534 4203 2820 4272 percus-

266 4290 514 4350 sorem,
557 4293 676 4360 spe
718 4273 933 4360 prolis
964 4296 1003 4342 a
1038 4277 1168 4341 Deo
1218 4272 1580 4344 frustratos
1611 4274 1873 4360 absque
1900 4272 2211 4363 legitimo
2250 4271 2629 4342 decessisse
2659 4270 2818 4367 bae-

266 4357 449 4437 rede,
487 4359 555 4425 in
611 4382 897 4449 poenam
943 4361 1164 4431 laesae
1191 4361 1696 4434 ecclesiasticae
1734 4361 2096 4432 libertatis,
2128 4366 2474 4431 Postremo
2499 4378 2818 4455 quamvis

265 4446 710 4519 beatissimus
778 4455 1009 4519 Benno
1082 4446 1453 4521 Ecclesiam
1523 4466 1724 4521 suam
1796 4450 2247 4522 Missnensem
2297 4461 2363 4517 et
2433 4452 2815 4517 Canonicos
