3357 4995
304 345 522 409 JUNII
574 345 656 408 25
1056 361 1133 407 na
1183 362 1236 406 S.
1292 359 1533 408 uaxmo
1583 361 1841 407 nuum.
1893 359 2089 407 muse.
2634 346 2760 409 569

303 445 556 535 refugit
620 466 958 535 peccans,
1017 445 1363 534 peccantis
1421 443 1926 535 aegritudinem
1980 465 2115 513 non
2176 445 2478 515 curabis.
2541 450 2619 515 Et
2670 467 2848 532 quae

302 534 579 603 tandem
639 531 910 602 vivendi
968 534 1137 602 ratio
1196 536 1347 615 erit,
1402 556 1578 621 quae
1614 532 1912 622 justitia,
1972 533 2031 601 si
2079 545 2199 603 aut
2248 533 2536 605 solutior
2600 534 2847 604 lenitas

300 623 807 693 conniventiam
854 624 1172 711 praebeat
1214 624 1589 711 peccatori;
1633 634 1753 691 aut
1801 620 2254 691 immoderata
2303 624 2626 693 severitas
2656 645 2695 692 a
2744 623 2845 692 la-

306 711 451 802 psis
492 734 629 782 non
666 714 928 781 revocet
956 712 1419 799 deliquentem
1451 736 1485 778 »
1516 713 1741 801 (Hom.
1779 731 1930 789 cvn,
1975 734 2044 801 p.
2084 710 2266 799 353).

389 803 424 888 ξ
478 804 635 873 28.
691 802 852 888 Ejus
876 801 1289 870 concionum
1318 813 1504 870 tanta
1552 801 1654 871 vis
1684 799 1835 880 fuit,
1868 809 1944 867 ut
1970 821 2104 868 non
2140 799 2350 869 semel
2385 800 2845 871 'taurinenses

304 889 444 958 acri
476 889 663 959 illius
691 890 1157 979 increpatione
1186 890 1535 969 commoti,
1573 902 1637 959 et
1681 887 1958 957 tristitia
2007 887 2448 958 afficerentur
2474 889 2557 959 de
2584 890 2844 959 offenso

306 984 495 1048 Patre
527 992 590 1047 et
639 984 930 1058 Pastore,
965 978 1297 1047 indicium
1329 978 1562 1047 filialis
1595 987 1818 1046 metus
1858 988 1922 1045 et
1955 976 2347 1046 dilectionis
2374 978 2587 1068 hujus
2613 979 2844 1068 gregis

305 1069 374 1136 in
406 1088 590 1147 eum,
622 1079 687 1137 et
725 1088 1004 1136 causam
1036 1066 1274 1137 sedulo
1304 1078 1621 1135 caverent
1644 1087 1729 1134 ne
1773 1087 1978 1151 quam
2007 1065 2333 1155 deinceps
2365 1088 2443 1134 ea
2477 1067 2561 1136 de
2599 1089 2668 1136 re
2710 1068 2844 1156 ipsi

304 1156 385 1224 ad
416 1155 966 1244 redarguendum
1004 1155 1404 1245 praeberent
1434 1156 1619 1243 (vide
1652 1175 1863 1243 supra
1898 1155 1961 1220 in
1999 1153 2136 1222 fine
2169 1156 2205 1241 ξ
2233 1154 2325 1242 5).
2357 1156 2693 1226 Maximus
2722 1156 2845 1241 qui

305 1243 671 1334 profecisse
698 1245 882 1333 ipsos
913 1244 1276 1344 gaudebat,
1302 1266 1459 1313 cum
1490 1244 1759 1330 aliquos
1787 1243 2162 1311 maestitiae
2190 1265 2262 1312 se
2294 1243 2658 1314 tradidisse
2700 1265 2846 1312 cer-

306 1345 515 1412 neret,
543 1333 719 1402 lianc
741 1345 816 1402 ut
844 1334 1206 1422 mitigaret,
1240 1333 1337 1402 sic
1363 1354 1479 1400 eos
1508 1345 1607 1401 est
1625 1333 1847 1420 (Hom.
1888 1331 2073 1418 cxlu)
2098 1330 2468 1402 allocutus:
2494 1333 2847 1401 «Amarior

306 1422 589 1492 fortasse
643 1422 845 1490 fuerit
895 1422 1309 1511 praedicatio
1363 1443 1511 1489 mea
1544 1475 1561 1498 ,
1620 1420 1975 1509 superiore
2036 1420 2412 1500 Dominica,
2466 1420 2649 1507 quod
2703 1421 2844 1511 ple-

307 1533 638 1597 rosque...
672 1510 983 1579 acrius...
1031 1509 1491 1589 convenerim,
1545 1523 1609 1578 et
1657 1509 1787 1577 sim
1823 1520 2271 1597 prosecutus;
2324 1531 2499 1596 quae
2529 1510 2842 1596 aliquan-

303 1600 470 1667 tis...
525 1599 870 1669 tristitiam
928 1599 1332 1687 irrogarent.
1386 1603 1720 1667 Verum...
1759 1619 1884 1687 ego
1923 1597 2192 1687 gaudeo
2228 1597 2453 1666 sciens
2513 1598 2842 1688 discipuli

306 1688 651 1757 tristitiam
719 1687 1030 1775 magistri
1085 1709 1232 1756 esse
1287 1687 1637 1756 laetitiam.
1702 1692 1890 1754 Tunc
1950 1687 2137 1755 enim
2197 1686 2471 1755 auditor
2518 1686 2838 1777 proficit,

303 1789 562 1862 quanto
595 1776 971 1845 austeriora
1007 1777 1384 1845 annunciat
1434 1775 1886 1865 praedicator.
1942 1779 2131 1844 Tunc
2165 1776 2347 1843 enim
2407 1775 2470 1843 ei
2518 1776 2708 1845 salus
2741 1775 2837 1864 gi·

303 1865 561 1954 guitur,
594 1864 872 1951 quando
923 1865 1195 1934 tristitia
1229 1863 1730 1933 emendationis
1762 1863 2123 1952 ingeritur.
2166 1863 2336 1932 Dicit
2370 1864 2551 1932 enim
2596 1864 2838 1934 beatus

301 1953 693 2042 Apostolus:
724 1959 894 2022 Nam
943 1978 1114 2044 quae
1142 1955 1502 2022 secundum
1554 1958 1759 2021 Deum
1793 1964 1885 2019 est
1919 1954 2221 2031 tristitia,
2259 1955 2738 2042 poenitentiam
2771 1955 2837 2021 in

300 2047 587 2111 salutem
618 2044 923 2110 stabilem
952 2054 1270 2132 operatur
1306 2043 1400 2130 (2.
1445 2047 1588 2111 Cor.
1636 2064 1721 2121 vi,
1761 2040 1894 2129 to).
1951 2045 2151 2109 Recte
2198 2063 2361 2131 ergo
2412 2041 2624 2110 laetor
2672 2041 2836 2128 quia

303 2130 589 2200 salutem
637 2153 879 2219 operor
934 2153 1092 2200 cum
1135 2131 1461 2218 objurgo;
1518 2130 1673 2199 licet
1725 2142 2018 2198 moereat
2049 2128 2234 2197 filius
2270 2152 2420 2197 mea
2468 2130 2836 2199 acerbitate

302 2219 663 2300 sermoniS,
699 2220 814 2304 qui
851 2241 1010 2288 eum
1062 2220 1389 2308 prolicere
1438 2218 1744 2307 intelligo
1843 2239 1917 2286 er
1955 2239 2357 2287 moerorem.
2412 2218 2514 2286 Ait
2554 2224 2833 2306 Aposto-

302 2306 450 2374 lus:
488 2311 646 2390 θυῖε
694 2320 785 2376 est
826 2311 999 2376 enim
1027 2311 1211 2396 filius
1258 2332 1447 2397 quem
1500 2331 1628 2376 non
1673 2330 1790 2375 ver
1832 2318 1975 2375 erat
2005 2307 2252 2396 pater?
2281 2306 2517 2395 (Hebr.
2575 2330 2686 2385 x11,
2734 2307 2826 2393 7).

301 2400 440 2463 Non
506 2397 690 2464 enim
748 2416 1017 2486 semper
1089 2408 1276 2485 pater
1323 2395 1673 2464 osculatur
1721 2394 1943 2464 filium
2016 2393 2131 2462 sed
2190 2407 2255 2463 et
2302 2394 2676 2480 aliquando
2717 2416 2832 2463 ca-

302 2485 525 2574 stigat.
572 2490 744 2575 Ergo
774 2484 1052 2572 quando
1078 2469 1453 2575 castigatur
1485 2486 1603 2570 qui
1637 2483 1975 2573 diligitur,
2017 2494 2182 2552 tunc
2214 2483 2398 2552 circa
2417 2505 2573 2553 euin
2616 2483 2831 2574 pietas

300 2586 671 2644 exercetur.
720 2575 932 2643 Habet
978 2575 1159 2643 enim
1203 2588 1267 2642 et
1314 2597 1506 2643 amor
1560 2574 1798 2663 plagas
1847 2594 2008 2640 suas
2054 2594 2231 2659 quae
2265 2572 2609 2641 dulciores
2668 2584 2830 2642 sunt

298 2685 456 2731 cum
515 2663 820 2731 amarius
870 2662 1295 2740 infernmum
1354 2662 1624 2731 dulcior
1671 2675 1772 2730 est
1835 2661 2020 2730 enim
2087 2660 2404 2749 religiosa
2469 2661 2828 2751 castigatio

297 2772 504 2837 quam
558 2751 809 2821 blanda
850 2751 1184 2821 remissio.
1245 2751 1432 2819 Unde
1462 2752 1555 2819 ait
1589 2750 1961 2839 Propheta:
2009 2752 2327 2818 Dulcior-a
2357 2762 2512 2819 sunt
2543 2754 2829 2819 wlnera

298 2842 506 2908 amici
531 2864 734 2930 quam
758 2843 986 2909 oscula
1014 2841 1472 2927 inimici(vide
1504 2845 1913 2917 Prov.xxv11‚
1951 2838 2042 2926 6).
2087 2839 2322 2917 lsritur,
2360 2838 2625 2915 fratres,
2664 2839 2830 2924 quia

298 2941 451 3017 post
504 2941 596 2997 tot
648 2929 1132 3017 increpationis
1205 2949 1393 2996 meae
1440 2928 1637 2996 utilia
1687 2927 1913 3005 verba,
1972 2895 2175 2996 cresso
2226 2950 2342 2994 vos
2405 2927 2830 3015 benignitate

298 3038 630 3085 sensuum
691 3016 1079 3107 profecisse,
1125 3018 1209 3085 de
1269 3017 1482 3085 sacris
1546 3016 1807 3085 Litteris
1855 3015 2086 3103 aliqua
2137 3015 2594 3084 conferemus.
2643 3015 2833 3084 Sicut

296 3106 481 3173 enim
534 3106 684 3174 fons
735 3106 854 3192 qui
921 3127 1052 3174 non
1106 3105 1302 3176 solito
1353 3106 1638 3174 humore
1694 3103 2000 3183 distillat,
2054 3104 2438 3193 exagitatur
2497 3103 2823 3182 surculis,

296 3195 392 3262 ita
423 3206 487 3262 et
514 3194 768 3284 largior
802 3195 1168 3275 invenitur,
1206 3217 1283 3263 ac
1317 3194 1620 3283 primum
1654 3215 1733 3262 ex
1768 3215 1845 3261 eo
1875 3192 2151 3262 turbida
2184 3214 2364 3279 aqua
2393 3191 2820 3282 producitur,

294 3295 370 3351 ut
439 3283 628 3353 unda
676 3284 913 3373 purior
973 3283 1464 3369 subsequatur;
1510 3283 1607 3350 sic
1661 3294 1726 3349 et
1774 3281 2099 3352 sanctitas
2149 3294 2367 3351 vestra
2428 3293 2833 3370 exasperata

297 3370 580 3457 quidem
632 3372 851 3441 tuerat
897 3372 1286 3442 austeritate
1336 3370 1714 3450 sermonis;
1773 3370 1886 3440 sed
1939 3370 2242 3440 devotior
2290 3370 2465 3439 sacta
2526 3382 2626 3439 est
2675 3369 2830 3437 dul-

296 3459 539 3529 cedine
570 3461 866 3549 pietatis,
914 3490 937 3524 »

385 3555 424 3629 ἓ
477 3553 629 3621 24.
684 3549 952 3617 Nullam
1019 3549 1337 3618 novimus
1403 3549 1952 3638 praetermissam
2011 3570 2049 3615 a
2108 3552 2172 3615 S.
2225 3547 2537 3615 Antistite
2590 3548 2683 3617 ita
2730 3547 2836 3614 in-

300 3636 630 3706 stituendi
670 3638 899 3737 gregis
924 3637 1496 3727 opportunitatem
1535 3648 1611 3705 ut
1644 3636 1776 3705 sibi
1826 3635 2023 3704 facile
2056 3635 2143 3704 ab
2184 3635 2608 3705 irruentibus
2646 3636 2831 3725 lupis

295 3725 438 3795 sive
488 3726 856 3796 Haereticis
906 3746 1140 3795 cavere
1190 3736 1415 3813 posset
1442 3724 1624 3813 (vide
1655 3746 1865 3814 supra
1913 3726 1988 3810 ἓξ
2016 3724 2103 3792 ab
2134 3730 2203 3791 8ο
2233 3723 2318 3791 ad
2352 3730 2421 3791 ll
2442 3738 2518 3766 ⁰¹¹¹
2545 3723 2826 3812 inclus).

294 3819 370 3882 In
412 3815 814 3906 Pelagianos
859 3813 1285 3904 praesertim,
1325 3836 1483 3884 cum
1535 3813 1743 3881 iidem
1779 3811 2337 3901 blasphemarent
2384 3812 2687 3881 Gratiam
2715 3814 2832 3882 Dei

298 3903 680 3974 secundum
742 3925 949 4003 opera
998 3914 1228 3973 nostra
1262 3902 1446 3980 dari;
1492 3906 1555 3970 S.
1602 3902 1892 3970 Antistes
1940 3900 2326 3970 antidotum
2367 3915 2605 3971 contra
2629 3923 2828 3971 vene-

298 4011 534 4060 nosam
583 3992 965 4061 doctrinam
997 3991 1308 4070 afferens,
1352 3990 1783 4060 «Notandum
1813 3990 2063 4079 (inquit
2094 3992 2390 4071 Sco-mon,
2428 4013 2526 4058 ¹.v1
2558 4002 2619 4060 et
2643 3990 2820 4078 ιω),

298 4090 420 4157 est,
470 4080 633 4165 quia
683 4081 977 4170 Spiritus
1028 4083 1092 4148 S.
1196 4080 1364 4148 ratia
1410 4079 1556 4169 lege
1591 4100 1726 4147 non
1779 4079 2164 4168 stringitur,
2219 4079 2645 4148 necessitatis
2681 4078 2830 4147 vin-

296 4165 453 4235 culo
500 4188 634 4238 non
687 4180 983 4247 tenetur;
1045 4102 1191 4238 sedg
1232 4168 1409 4238 sicut
1455 4168 1576 4236 ubi
1624 4165 1772 4236 vult
1819 4167 2056 4256 spirat,
2116 4168 2214 4237 sic
2267 4180 2332 4235 et
2378 4167 2634 4253 quibus
2682 4167 2828 4234 vult

299 4254 512 4343 gratis
543 4278 667 4327 sua
704 4257 884 4327 dona
932 4257 1395 4347 dispensat....
1453 4255 1845 4325 Cavendum
1880 4277 1966 4324 ne
2012 4255 2179 4343 quid
2237 4256 2470 4325 virtuti
2524 4253 2824 4345 pruden-

299 4343 566 4429 tiaeque
613 4359 904 4426 nostrae,
956 4345 1042 4414 de
1090 4345 1196 4414 his
1242 4367 1416 4432 quae
1464 4357 1643 4414 recte
1691 4345 2020 4434 gerimus,
2075 4365 2502 4435 arrogemus,
2557 4342 2824 4412 dicente

301 4431 588 4501 Domino
653 4432 737 4501 ad
801 4433 1148 4524 Apostolos
1205 4455 1406 4504 suos:
1476 4435 1640 4524 quia
1695 4435 1838 4503 sine
1882 4455 1987 4503 me
2043 4433 2221 4502 nihil
2257 4434 2536 4524 potestis
2597 4432 2821 4518 facere
