3357 4995
247 301 462 372 JUNII
513 307 552 370 6
665 373 675 395 ⁸
1052 325 1129 370 nn
1179 324 1233 377 s.
1286 259 1651 372 nomenato
1697 324 1996 373 EPISCOPO
2588 309 2707 373 185

246 407 349 477 illi
388 407 590 498 copia
638 406 940 480 intrandi
989 407 1147 478 data
1194 419 1318 478 est.
1359 413 1571 492 Quem
1625 431 1784 478 cum
1888 408 2077 478 rocul
2116 409 2217 478 vir
2266 410 2380 478 Dei
2431 409 2551 478 dili
2606 423 2798 480 enter

243 497 679 586 inspexisset,
734 497 873 566 ait:
926 496 1074 566 Noli
1126 496 1260 566 huc
1311 498 1598 587 propius
1650 519 1811 567 acce
1862 520 1997 579 ere,
2052 497 2167 566 sed
2220 511 2322 567 sta
2373 512 2435 568 et
2486 500 2549 567 vi
2604 521 2640 569 e
2710 521 2797 570 ne

243 608 522 656 moveas
573 585 840 676 pedem.
895 585 1387 673 Advocatisque
1433 586 1517 656 de
1580 587 1918 658 ministris
1969 586 2202 677 palatii
2237 587 2359 673 qui
2420 587 2586 656 foris
2633 589 2797 658 ade-

241 687 421 752 rant,
490 674 835 764 praecepit
880 675 979 744 eis
1043 686 1117 744 ut
1166 687 1502 745 astantem
1553 676 1878 765 juvenem
1943 674 2154 766 pallio
2220 697 2358 762 quo
2425 676 2796 749 obvolutus

246 777 387 833 erat
430 764 800 833 nudarent.
848 763 1110 832 Nudato
1152 777 1378 833 autem
1430 786 1531 842 eo,
1586 766 1910 855 apparuit
1942 763 2265 834 cultellus
2302 779 2549 835 acutus
2587 787 2795 851 quem

251 853 602 923 astrictum
653 852 847 922 lateri
898 874 1023 922 suo
1063 853 1355 933 tenebat,
1419 854 1620 942 cujus
1680 867 1824 923 erat
1881 853 2238 944 longitudo
2293 853 2429 922 fere
2489 854 2685 944 pedis
2731 867 2797 923 et

250 940 543 1010 dimidii.
571 947 810 1028 Itaque
849 963 1007 1010 cum
1043 942 1307 1021 eodem,
1334 943 1622 1032 jubente
1657 943 2016 1033 EpiscopO,
2056 943 2325 1012 cunctis
2354 943 2798 1029 quisaderant

250 1030 698 1110 intuentibuS‚
758 1042 913 1102 ante
950 1053 1109 1100 eum
1159 1031 1502 1101 adductus
1533 1045 1657 1102 est.
1715 1038 2021 1118 Cumque
2069 1045 2512 1117 quaereretur
2551 1034 2638 1102 ab
2686 1054 2789 1113 eo,

243 1141 368 1188 cur
419 1120 523 1189 sic
571 1132 880 1188 armatus
941 1120 1268 1210 venisset,
1313 1133 1612 1191 tremens
1661 1144 1739 1190 ac
1775 1133 2083 1211 stupens,
2141 1132 2373 1210 utpote
2424 1121 2795 1190 ineffabilis

241 1219 304 1276 et
354 1208 693 1277 nefandae
757 1207 1185 1278 crudelitatis
1243 1209 1602 1291 consciuS,
1660 1224 1944 1279 mortem
1998 1210 2290 1289 timenS,
2400 1210 2642 1279 rocidit
2704 1210 2789 1278 ad

288 1295 453 1366 edes
502 1297 675 1394 ejus,
715 1310 779 1365 et
808 1298 973 1383 quia
1022 1297 1104 1365 ad
1160 1298 1389 1387 ipsum
1429 1297 1984 1367 interficiendum
2041 1298 2296 1367 missus
2357 1299 2590 1373 uisset,
2630 1321 2792 1369 con-

265 1407 466 1455 essus
514 1399 636 1454 est.
693 1386 1208 1472 Nominatisque
1242 1385 1380 1454 illis
1412 1409 1452 1455 a
1500 1387 1756 1474 quibus
1804 1399 1948 1456 erat
1995 1387 2404 1468 conductus,
2459 1409 2794 1473 quorum-

239 1496 375 1561 que
414 1474 753 1544 instinctu
797 1487 860 1543 et
895 1475 1185 1544 consilio
1235 1490 1507 1545 venerat
1561 1476 1646 1544 ad
1700 1488 1834 1544 tam
1887 1475 2265 1545 execrabile
2315 1476 2587 1545 facinus
2639 1498 2792 1566 per-

241 1562 684 1652 petrandum.
738 1565 971 1632 cuncti
1005 1565 1120 1649 qui
1157 1564 1463 1645 aderant,
1509 1587 1719 1654 supra
1757 1564 2035 1633 modum
2096 1565 2553 1643 mirabantur,
2606 1565 2791 1651 quod

243 1652 658 1741 proditionis
706 1652 919 1742 hujus
955 1653 1047 1721 rei
1086 1653 1341 1721 inventi
1391 1667 1616 1722 essent
1663 1654 1879 1722 etiam·
1920 1653 2021 1722 illi
2083 1654 2198 1740 q'ui
2264 1653 2349 1722 de
2400 1654 2792 1743 praecipuis

243 1741 540 1831 negotiis
596 1754 660 1809 et
709 1742 1191 1811 secretioribus
1240 1742 1549 1812 consiliis
1599 1764 1757 1810 cum
1809 1763 1897 1812 eo·
1941 1755 2225 1811 tractare
2265 1757 2785 1812 consueverant.

241 1833 314 1898 At
364 1830 469 1897 vir
508 1829 767 1919 justuS,
812 1842 888 1898 ut
935 1844 1078 1899 erat
1120 1829 1318 1900 hilari
1362 1832 1536 1899 facie
1584 1844 1648 1899 et
1699 1830 1889 1900 vultu
1945 1853 2210 1911 sereno,
2272 1831 2357 1899 ad
2407 1853 2522 1902 eos
2575 1833 2791 1921 respi-

240 1920 469 1998 ciens,
525 1919 662 1986 ait:
719 1918 894 2002 Quid
968 1919 1339 2000 miramini,
1395 1920 1453 1990 si
1506 1942 1620 1988 vas
1670 1941 1874 1990 suum
1935 1919 2149 1989 hostis
2208 1920 2540 2007 antiquus
2603 1943 2793 1990 reco-

240 2008 500 2107 gnovit,
552 2019 617 2075 et
665 2007 731 2075 in
787 2008 1118 2076 membris
1167 2007 1412 2077 Christi
1464 2031 1639 2098 opus
1690 2028 1893 2101 suum
1927 2030 2238 2084 exercere
2289 2010 2551 2090 nititur,
2604 2010 2791 2097 quod

238 2118 307 2163 ιη
362 2095 493 2164 hac
543 2096 1008 2165 sacratissima
1062 2109 1254 2166 nocte
1316 2098 1383 2165 in
1436 2110 1670 2166 sancto
1720 2097 1942 2185 capite
2005 2110 2235 2167 nostro
2287 2104 2454 2168 Jesu
2526 2098 2790 2169 Christo

177 2205 378 2252 .non
431 2184 663 2254 timuit
726 2184 1033 2255 efficere?
1081 2189 1131 2254 Ο
1178 2207 1384 2271 quam
1451 2186 1607 2256 felix
1676 2198 1893 2264 esset,
1966 2187 2085 2273 qui
2149 2187 2218 2255 in
2284 2186 2516 2273 aliqua
2579 2188 2792 2276 hujus

237 2272 377 2341 diei
427 2273 597 2342 hora
629 2294 768 2342 non
819 2275 907 2343 ab
957 2274 1284 2354 inimicis,
1317 2275 1432 2343 sed
1472 2276 1673 2344 etiam
1713 2276 1800 2345 ab
1834 2275 2098 2354 amiciS,
2144 2289 2219 2344 ut
2250 2289 2414 2344 sunt
2448 2276 2553 2345 isti
2615 2299 2790 2363 quos

236 2361 560 2431 recitatos
609 2361 939 2442 audistis,
1015 2363 1394 2432 traderetur
1456 2379 1519 2433 et
1584 2368 1999 2435 moreretur!
2054 2369 2232 2433 Haec
2281 2377 2383 2433 est
2437 2363 2606 2445 dies,
2650 2388 2791 2451 qua

239 2450 622 2541 desperatis
672 2451 1168 2535 misericordia,
1209 2453 1653 2542 peccantibus
1696 2453 1914 2534 venia,
1953 2453 2245 2524 mortuis
2275 2451 2585 2523 redditur
2627 2454 2781 2522 vita.

238 2545 548 2609 Attamen
601 2539 715 2608 ille
758 2540 1042 2610 traditor
1091 2542 1159 2609 in
1210 2542 1523 2611 custodia
1585 2543 1886 2631 ponitur,
1944 2563 2077 2612 non
2132 2557 2215 2635 ut·
2256 2542 2609 2632 puniatur,
2669 2543 2786 2613 sed

239 2642 315 2698 ut
355 2629 888 2719 suffragatorum
926 2652 1210 2699 suorum
1262 2631 1630 2700 consilium
1684 2630 2062 2720 detegatur,
2115 2645 2179 2699 et
2228 2631 2294 2697 in
2348 2630 2447 2700 eis
2494 2631 2789 2719 ignomi-

241 2718 353 2786 nia
386 2718 555 2786 tanti
608 2717 887 2788 sceleris
934 2720 1330 2809 castigetur.
1364 2720 1535 2802 Quid
1571 2720 1827 2809 igitur?
1862 2724 2032 2788 Num
2066 2721 2240 2788 scire
2292 2730 2551 2809 poterat
2583 2721 2787 2788 bomo

242 2807 380 2888 Dei,
434 2806 603 2893 quid
657 2806 812 2887 ille,
866 2808 984 2894 qui
1047 2807 1502 2878 consessionis
1549 2823 1614 2877 et
1663 2808 2117 2897 poenitentiae
2165 2811 2375 2878 causa
2441 2808 2668 2876 venire
2718 2830 2789 2878 se

239 2895 636 2976 simulabat,
681 2895 812 2965 sub
868 2907 1047 2965 veste
1096 2896 1319 2976 ferret,
1385 2898 1517 2966 nisi
1568 2896 1788 2987 gratia
1830 2896 2411 2986 superabundans
2450 2918 2607 2965 eum
2661 2896 2783 2966 do-

241 2984 544 3054 cuisset?
673 3048 680 3059 ,

325 3076 361 3160 ξ
402 3078 563 3146 49.
620 3078 785 3142 Cum
820 3074 1120 3160 quodam
1168 3074 1385 3144 noctis
1422 3087 1725 3165 tempore
1764 3074 1847 3142 ad
1882 3072 2289 3144 celebranda
2320 3095 2477 3144 cum
2516 3074 2787 3143 clericis

240 3162 386 3231 suis
429 3163 924 3232 matutinarum
961 3163 1296 3233 solemnia
1330 3184 1515 3233 more
1545 3161 1745 3233 solito
1780 3164 2213 3242 surrexisset,
2258 3163 2624 3233 advenerat
2649 3161 2788 3232 cle-

237 3251 428 3321 ricus
476 3251 758 3337 quidam
813 3251 896 3319 de
959 3251 1379 3332 domesticiS,
1433 3266 1497 3321 et
1556 3264 1734 3322 retro
1801 3274 1872 3320 se
1919 3250 2002 3320 ad
2069 3251 2322 3321 ostium
2390 3252 2458 3320 in
2512 3250 2789 3320 insidiis

239 3353 602 3428 posuerat,
659 3340 1016 3426 iniquitate
1081 3340 1332 3431 plenus
1388 3354 1453 3410 et
1499 3340 1763 3411 crudeli
1825 3340 2132 3420 malitie,
2188 3352 2420 3431 utpote
2478 3352 2788 3409 armatus

236 3428 566 3517 congruis
615 3429 851 3509 armis,
896 3429 1152 3515 quibus
1201 3431 1632 3519 innocentem
1671 3430 1739 3498 in
1792 3429 1949 3498 dolo
1992 3428 2190 3499 ferire
2218 3447 2444 3520 posset
2476 3443 2541 3497 et
2582 3430 2789 3499 inter-

237 3518 464 3586 ficere.
507 3518 964 3607 ·Egressisque
1023 3517 1410 3608 capellanis
1456 3519 1574 3606 qui
1640 3518 2163 3608 praecedebant,
2220 3518 2402 3589 sicut
2471 3539 2618 3586 mos
2688 3531 2792 3587 est

235 3605 303 3674 in
358 3619 538 3675 terra
597 3605 714 3676 illa
758 3607 1215 3697 (praecedunt
1253 3607 1436 3676 enim
1489 3606 1812 3677 dominos
1861 3629 2024 3677 suos
2061 3605 2446 3697 Capellani)
2492 3606 2608 3675 sed
2654 3606 2791 3676 .ille

234 3694 319 3762 de
352 3693 631 3766 insidiis
679 3694 1072 3785 prosiliens,
1116 3696 1594 3777 novissimum,
1632 3708 1881 3785 putans
1929 3718 2086 3765 eum
2138 3717 2289 3766 esse
2337 3695 2782 3786 Episcopum,

234 3782 351 3852 sed
403 3796 550 3854 erat
597 3806 676 3853 ex
714 3784 1007 3864 clericis,
1064 3797 1246 3856 veste
1284 3784 1634 3855 conscissa
1675 3785 2040 3875 percussit.
2079 3789 2387 3872 Cumque
2419 3783 2533 3853 ille
2565 3784 2788 3853 excla—

233 3885 454 3943 maret
501 3884 566 3942 et
605 3872 901 3943 diceret:
957 3873 1123 3955 Quis
1173 3885 1275 3943 est
1321 3873 1439 3961 qui
1492 3895 1599 3943 me
1651 3873 1906 3943 laedit?
1955 3873 2069 3942 ille
2108 3896 2187 3943 ex
2220 3896 2388 3944 sono
2427 3874 2612 3943 vocis
2645 3894 2784 3942 non

232 3981 380 4031 esse
443 3963 674 4061 ipsum
723 3984 930 4049 quem
981 3961 1391 4049 quaerebat,
1445 3984 1865 4052 agnoscens:
1934 3964 2205 4044 Putavi,
2271 3963 2540 4050 inquit,
2598 3962 2785 4031 bunc

233 4050 691 4122 novissimum
763 4071 937 4129 esse,
999 4072 1202 4138 quem
1269 4051 1598 4141 jugulare
1657 4050 1993 4121 volebam.
2066 4057 2537 4121 Praecesserat
2597 4052 2785 4121 enim

235 4140 620 4229 Episcopus
668 4138 1093 4209 commixtim
1149 4141 1327 4210 inter
1373 4139 1570 4220 alios,
1623 4139 1943 4209 eumdem
1981 4162 2222 4209 casum
2273 4141 2476 4226 quasi
2519 4140 2787 4211 futuro-

238 4248 395 4297 rum
448 4229 804 4318 praescius
852 4229 1124 4298 timens.
1180 4235 1256 4298 At
1288 4227 1405 4298 ille
1434 4228 1703 4298 concito
1743 4250 1956 4299 cursu
1982 4229 2051 4298 in
2084 4228 2321 4320 sugam
2374 4251 2612 4299 versus
2657 4242 2780 4307 est,

236 4326 492 4386 etcum
546 4315 664 4397 alii
713 4317 798 4386 ad
850 4318 1268 4407 capiendum
1338 4317 1536 4386 illum
1589 4316 2143 4404 insequerentur,
2200 4317 2582 4418 Episcopus
2645 4318 2779 4385 ait:

239 4426 275 4469 «
313 4405 528 4477 Sinite
574 4428 735 4476 eum
783 4405 1043 4496 fugere,
1084 4427 1206 4475 nec
1243 4406 1501 4475 malum
1542 4427 1664 4497 pro
1716 4406 1897 4477 malo
1946 4406 2287 4476 reddatis:
2344 4405 2784 4495 fecitquipp'e
