3357 4995
255 325 476 392 JUNII
523 326 611 391 26
976 342 1056 390 nn
1104 342 1160 390 s,
1212 340 1546 391 Auratum
1592 341 1829 391 natue.
1881 340 2081 391 xmsc.
2586 325 2702 390 59⁴

346 431 384 517 ἓ
431 433 525 500 6.
579 432 746 497 Cum
795 426 907 497 his
943 439 1174 499 autem
1222 426 1516 514 aliisque
1569 425 1971 513 majoribus.
2023 426 2282 514 quibus
2331 448 2457 498 nec
2489 448 2795 497 comme-

257 516 614 587 morandis
661 514 941 602 quidem
997 514 1406 598 sufficimuS,
1462 514 1578 584 Dei
1633 537 1873 586 servus
1934 515 2186 587 studiis
2234 537 2381 586 sese
2427 528 2794 597 exerceret,

256 606 449 676 Prior
493 618 561 676 et
605 603 849 676 fratres
897 603 963 673 id
1029 604 1426 675 consultum
1486 601 1628 674 fore
1675 604 1988 675 arbitrati
2034 615 2219 686 sunt,
2259 616 2335 676 ut
2381 604 2534 695 ejus
2584 604 2793 675 indu-

255 693 425 766 stria
453 694 526 763 in
575 714 809 764 rerum
857 705 1295 763 externarum
1348 691 1971 774 administratione,
2027 704 2356 781 tanquam
2407 694 2796 766 necessaria

253 794 631 853 uterentur.
685 785 923 870 Itaque
987 781 1368 852 instituitur
1416 781 1815 852 carthusiae
1872 786 2305 852 Procurator.
2357 787 2435 851 Et
2481 781 2599 852 ille
2692 783 2802 852 ui-

252 870 436 953 dem,
491 894 578 942 ne
606 869 1110 941 inobedientiae
1156 869 1365 961 culpa
1395 892 1469 940 se
1500 870 1978 962 obstringeret,
2023 869 2093 940 id
2151 870 2614 942 ministerium
2722 895 2798 940 u-

255 959 511 1030 militer
572 958 901 1048 suscepit,
957 958 1467 1050 prudenterque
1518 980 1599 1029 ac
1651 972 1933 1031 strenue
1990 972 2318 1030 executus
2368 971 2494 1030 est.
2548 960 2618 1029 Si
2666 982 2806 1047 qua

257 1049 461 1120 noxia
509 1048 611 1118 vel
662 1047 937 1117 inutilia
991 1059 1112 1118 aut
1168 1047 1516 1138 reperiret,
1562 1059 1684 1118 aut
1731 1047 2042 1118 fortassis
2088 1047 2479 1131 existerent,
2532 1070 2612 1118 ea
2648 1070 2804 1122 mox

305 1137 667 1229 rofligavit,
725 1135 850 1206 reli
903 1136 1044 1207 ioni
1091 1136 1437 1206 contraria
1484 1136 1856 1207 demolitus
1895 1149 2021 1219 est,
2069 1136 2433 1208 inhonesta
2480 1138 2797 1219 correxit,

282 1239 496 1297 ratres
554 1224 766 1296 laicos
812 1247 853 1295 a
947 1224 1212 1295 illicitis
1275 1226 1728 1317 compescuit.
1782 1225 1851 1296 Si
1900 1246 2108 1312 quem
2168 1225 2451 1297 vidisset
2497 1226 2803 1298 dissolu-

252 1327 426 1396 tum,
464 1336 714 1404 vagum
749 1325 871 1384 aut
904 1313 1387 1404 negligentem,
1423 1313 1803 1471 arffiuendO,
1835 1313 2288 1395 obsecrando,
2333 1314 2756 1407 increpando
2780 1370 2798 1398 ‚

254 1402 658 1492 castigando
686 1424 847 1473 eum
874 1401 1412 1472 emendatiorem
1461 1424 1498 1471 e
1577 1424 1733 1472 cere
1771 1403 2178 1483 conabatur,
2215 1424 2339 1474 nec
2378 1425 2802 1492 quemquam

254 1491 524 1562 sinebat
556 1514 593 1561 a
629 1490 909 1582 regulae
943 1491 1363 1582 praescripto
1410 1490 1793 1562 deflectere.
1849 1491 2278 1582 Pauperibus
2306 1503 2372 1562 et
2400 1493 2637 1583 egenis
2677 1514 2801 1583 pro

253 1580 587 1651 divinitus
621 1580 757 1670 ipsi
795 1578 1013 1650 indita
1047 1580 1293 1671 pietate
1316 1592 1383 1650 et
1405 1580 1860 1662 humanitate,
1898 1579 2191 1651 multam
2221 1581 2583 1652 exhibebat
2610 1603 2802 1651 com·

256 1669 795 1748 miserationem,
820 1669 1200 1740 esurientes
1225 1669 1379 1739 cibo
1406 1670 1779 1750 recreabat,
1802 1668 2013 1739 nudis
2038 1668 2405 1759 praebebat
2430 1682 2670 1749 vestes,
2704 1669 2802 1738 af-

261 1758 470 1829 flictis
523 1769 589 1828 et
641 1756 913 1829 miseris
962 1778 1099 1826 non
1157 1756 1383 1828 solum
1431 1757 1999 1839 consolationem,
2052 1757 2171 1829 sed
2219 1759 2426 1829 etiam
2489 1759 2798 1850 seipsum

263 1846 728 1938 impendebat.
779 1845 1107 1929 Quamvis
1152 1858 1382 1918 autem
1433 1846 1542 1915 his
1576 1859 1782 1936 atque
1828 1845 1898 1916 id
1948 1868 2170 1938 genus
2216 1846 2373 1918 aliis
2407 1846 2800 1918 misericor-

257 1935 413 2005 diae
459 1934 707 2005 officiis
753 1933 1153 2025 diligentem
1214 1947 1491 2006 navaret
1528 1957 1834 2026 operam,
1878 1947 1950 2005 at
1991 1948 2215 2006 tamen
2280 1935 2662 2007 studiosius
2708 1935 2798 2006 ad

254 2024 479 2094 amica
529 2022 825 2093 Cellulae
873 2045 1078 2105 suae,
1140 2035 1471 2111 tanquam
1537 2024 1829 2095 nutricis
1881 2035 1949 2093 et
2000 2024 2319 2099 omnium
2380 2026 2792 2116 magistrae,
2859 2026 2862 2031 '

254 2112 582 2192 exercitia
623 2124 690 2182 et
734 2112 1033 2199 quietem
1074 2124 1278 2200 atque
1325 2111 1891 2200 tranquillitatem
1940 2111 2218 2183 assidue
2269 2126 2619 2204 receptum
2670 2114 2799 2183 ha-

255 2200 496 2271 bebat:
549 2212 752 2287 atque
815 2200 907 2270 ita
967 2201 1268 2271 Marthae
1306 2200 1567 2271 bonum
1617 2200 1926 2289 quidem,
1980 2201 2101 2273 sed
2163 2213 2390 2271 tamen
2443 2202 2514 2271 in
2575 2201 2798 2271 multa

254 2289 687 2370 distractum,
732 2302 798 2360 et
830 2300 1192 2360 actuosum
1226 2290 1513 2360 curabat
1547 2289 2037 2369 ministerium,
2070 2301 2148 2359 ut
2182 2290 2510 2380 potiorem
2543 2290 2796 2359 Mariae

256 2391 545 2469 partem,
596 2400 806 2466 quam
857 2377 989 2447 sibi
1050 2378 1428 2469 delegerat,
1484 2399 1921 2466 nequaquam
1983 2377 2431 2449 deserendam
2483 2390 2787 2469 putaret:

253 2467 489 2555 sicque
534 2478 678 2538 erat
722 2466 1033 2538 solicitus
1071 2489 1235 2557 erga
1285 2466 1608 2559 plurima,
1662 2478 1741 2538 ut
1769 2467 1896 2538 uni
1943 2466 2047 2536 illi
2083 2466 2269 2555 quod
2318 2467 2791 2538 necessarium

251 2569 376 2637 est,
429 2556 543 2626 cui
589 2576 831 2626 vacare
876 2568 1213 2646 coeperat,
1265 2556 1672 2639 inhaereret,
1705 2557 1776 2626 in
1808 2569 2052 2627 neutro
2092 2556 2444 2627 deficiens.
2483 2562 2794 2646 Namque

245 2645 540 2735 jejunia,
584 2644 880 2736 vigiliaS,
920 2645 1229 2736 corporis
1274 2644 1760 2735 castigationes
1804 2657 1871 2715 et
1915 2658 2205 2727 caetera,
2238 2667 2417 2734 quae
2456 2657 2615 2716 ante
2649 2666 2794 2715 me-

252 2734 679 2804 moravimus
725 2734 914 2804 auxit
945 2734 1195 2825 potius,
1248 2755 1455 2823 quam
1491 2735 1867 2822 quicquam
1899 2733 2040 2806 illis
2088 2733 2400 2805 detraxit.
2440 2734 2606 2804 Mira
2639 2734 2792 2822 qui-

252 2821 409 2892 dem
459 2835 625 2893 sunt
654 2822 846 2904 haec,
889 2823 1148 2913 quippe
1185 2844 1362 2911 quae
1391 2822 1863 2892 humanarum
1911 2822 2165 2893 virium
2211 2823 2542 2894 excedant
2568 2822 2789 2893 facul-

253 2922 502 2982 tatem:
556 2911 671 2981 sed
723 2933 888 3001 prae
939 2924 1131 2982 otens
1179 2916 1378 2992 Deus,
1431 2912 1554 2998 qui
1605 2925 1709 2982 est
1747 2910 2090 2982 bonorum
2140 2912 2457 2982 omnium
2505 2911 2791 3004 largitor

251 3011 317 3072 et
349 3012 612 3082 auctor,
649 3000 762 3070 cui
796 3022 878 3070 vo
911 3011 1217 3071 untatem
1250 2999 1552 3082 dederat,
1591 3001 1798 3070 etiam
1834 2999 2013 3071 vires
2061 3001 2429 3093 suggessit.

339 3091 377 3177 ἓ
421 3091 499 3159 ⁸2.
553 3093 721 3160 Cum
756 3088 904 3177 jam
953 3100 1182 3158 autem
1221 3101 1492 3178 tempus
1538 3089 1878 3159 adesseta
1919 3093 2049 3159 Deo
2148 3090 2607 3171 raestitutum,
2650 3111 2789 3178 quo

253 3199 389 3248 non
431 3178 556 3247 uni
604 3176 762 3258 sibi,
822 3176 941 3246 sed
994 3176 1314 3267 plurimis
1359 3177 1448 3247 ad
1502 3182 1712 3248 Deum
1762 3177 2077 3249 adducen
2134 3179 2195 3249 is
2245 3199 2406 3248 eum
2449 3178 2788 3248 intentum

248 3288 399 3336 esse
444 3277 805 3356 oporteret,
862 3266 963 3335 vir
1010 3271 1141 3336 Deo
1180 3266 1667 3336 devotissimus
1694 3265 2002 3349 cedente,
2055 3267 2270 3337 immo
2309 3279 2616 3357 cogente,
2669 3265 2789 3335 illo

249 3353 373 3442 qui
422 3366 587 3424 tunc
635 3355 900 3445 primae
947 3354 1346 3425 Carthusiae
1402 3366 1733 3445 praeerat,
1784 3367 1851 3425 et
1901 3354 2255 3437 fratribuS,
2295 3356 2485 3426 Prior
2514 3367 2785 3426 creatus

250 3455 375 3515 est.
431 3448 675 3515 Fuerat
710 3442 861 3544 ejus
918 3443 1047 3513 loci
1100 3444 1311 3525 Prior,
1380 3443 1799 3534 sempiterna
1854 3442 2189 3514 memoria
2233 3443 2490 3534 dignus
2538 3444 2782 3535 Guigo,

248 3532 353 3601 vir
399 3531 833 3613 venerabihS,
885 3532 1007 3619 qui
1057 3553 1178 3622 pro
1242 3531 1574 3603 divinitus
1637 3532 1772 3622 ipsi
1832 3532 2082 3603 collata
2127 3532 2349 3623 gratia
2411 3531 2788 3603 mellifluae

246 3619 640 3702 doctrinae,
694 3621 872 3691 banc
918 3620 1178 3691 obtinet
1227 3621 1795 3711 praerogativam,
1858 3633 1936 3691 ut
1990 3622 2215 3691 bonus
2272 3621 2464 3690 Prior
2508 3634 2791 3692 vocetur

248 3708 515 3780 abillis
557 3708 680 3797 qui
727 3710 813 3779 de
872 3708 991 3779 illo
1040 3708 1443 3797 loquuntur.
1484 3714 1552 3781 Is
1603 3709 2074 3781 carthusiensi
2133 3709 2447 3780 instituto
2497 3710 2780 3780 modum

251 3808 609 3886 certosque
656 3797 909 3869 limites
965 3798 1221 3868 statuit.
1282 3797 1618 3899 Regulam
1658 3797 1847 3868 enim
1903 3798 2052 3888 ipse
2083 3797 2519 3888 conscripsit,
2572 3820 2787 3886 quam

252 3886 794 3959 consuetudines
828 3885 1044 3957 voluit
1087 3886 1465 3978 appellari:
1521 3885 1835 3958 subditos
1885 3886 2183 3959 instituit
2229 3888 2434 3957 verbo
2464 3899 2531 3957 et
2559 3908 2789 3957 exem-

254 3974 408 4065 plo:
460 3975 693 4047 solerti
739 3986 806 4046 et
862 3974 1177 4067 vigilanti
1222 3976 1415 4058 cura,
1472 3975 1777 4058 honeste,
1843 3975 2160 4067 religiose
2197 3998 2278 4046 ac
2335 3976 2561 4047 sobrie
2609 3997 2788 4063 quae

252 4062 341 4133 ad
366 4063 597 4153 ipsum
627 4062 1015 4145 attinerent,
1063 4064 1586 4135 moderabatur:
1620 4065 1748 4153 qui
1786 4065 1874 4134 ab
1907 4085 1986 4134 eo
2032 4064 2405 4136 consilium
2454 4075 2784 4166 peterent,

251 4151 341 4223 iis
369 4165 547 4223 recte
592 4166 658 4224 et
704 4153 1097 4225 salutariter
1142 4153 1569 4224 consulebat.
1622 4152 1835 4224 Cu'us
1865 4153 2293 4224 celeberrimi
2343 4154 2472 4224 viri
2531 4152 2789 4223 idcirco

250 4239 368 4310 hic
399 4241 815 4312 mentionem
862 4241 1085 4313 facere
1130 4241 1505 4323 voluimuS,
1559 4264 1697 4331 quo
1795 4263 2034 4315 servus
2088 4242 2336 4313 Christi
2385 4240 2788 4312 Anthelmus

250 4328 444 4400 Prior
512 4342 805 4413 creatuS‚
856 4331 943 4401 ad
1018 4331 1169 4421 ejus
1239 4353 1313 4402 se
1371 4330 1827 4402 imitationem
1874 4331 2287 4424 composuit,
2362 4341 2428 4400 et
2474 4329 2788 4400 subditos

253 4418 343 4489 ita
402 4417 623 4490 vivere
681 4418 933 4502 voluit,
1014 4419 1604 4508 quemadmodum
1681 4418 1799 4492 ille
1867 4419 1939 4491 in
1986 4421 2134 4495 suis
2180 4417 2788 4495 constitutionibus
