3357 4995
196 323 398 393 JUMI
445 327 489 392 2
743 343 1085 391 TRANSLAT.
1139 344 1232 392 ss.
1288 343 1400 391 uu.
1457 343 1635 391 rarat
1684 345 1759 392 m
1806 343 2180 394 macetum
2568 327 2639 392 91

200 426 1016 528 omnium-admiratione
1066 427 1436 519 perfectam
1474 429 1684 499 totius
1733 428 2043 518 corporis
2101 428 2213 500 sui
2265 428 2519 499 meruit
2565 430 2740 500 reci·

200 540 346 607 pere
393 529 790 593 sanitatem.

275 610 311 695 §
362 611 512 681 21.
568 611 850 676 Restant
881 605 1112 675 adhuc
1159 605 1301 676 duo
1341 605 1536 675 valde
1585 605 1942 695 praeclara
1978 604 2339 685 miracula,
2382 626 2558 692 quae
2600 628 2737 676 non

192 695 409 766 solum
461 693 756 785 tegenda
805 693 1078 765 silentio
1127 716 1266 764 non
1315 717 1584 774 censeo,
1625 695 1795 782 quin
1830 695 2058 784 potius
2097 693 2378 764 illorum
2430 696 2741 766 conscri-

233 784 417 854 tione
463 783 1202 856 convenientissimum
1251 794 1494 870 quarto
1534 783 1899 865 volumini,
1935 782 2120 870 quod
2158 782 2228 851 in
2262 782 2591 854 manibus
2620 784 2742 854 ha-

186 807 411 952 ssetur,
486 872 698 941 finem
765 892 874 941 me
934 870 1279 942 facturum
1346 892 1495 942 esse
1541 871 1840 941 confido.
1896 877 1972 942 Et
2020 871 2180 941 licet
2235 870 2476 941 eadem
2541 872 2743 962 signa

179 963 402 1032 beatis
462 960 885 1049 martyribus
942 959 1334 1030 Marcellino
1394 972 1459 1031 et
1505 965 1700 1031 Petro
1743 982 1904 1030 cum
1955 960 2115 1030 aliis
2165 960 2433 1029 Sanctis
2475 961 2742 1049 possint

178 1051 402 1120 videri
451 1050 877 1129 communia,
922 1071 999 1119 ex
1031 1070 1108 1118 eo
1152 1049 1336 1137 quod
1389 1070 1610 1119 unum
1661 1071 1743 1119 ex
1790 1049 1901 1120 his
1943 1049 2016 1118 in
2064 1047 2366 1118 adventu
2415 1048 2743 1137 reliquia-

172 1162 333 1210 rum
393 1149 795 1210 sanctorum
844 1137 1076 1207 Prothi
1122 1150 1189 1207 et
1226 1137 1619 1228 Hyacinthi,
1658 1149 1725 1208 et
1754 1138 1953 1228 juxta
1987 1138 2174 1228 ipsas
2213 1136 2575 1225 Reliquias
2623 1160 2741 1228 ge-

171 1243 364 1298 stum
419 1238 546 1307 est,
598 1226 1037 1313 alterumque
1067 1226 1136 1295 in
1174 1225 1285 1297 die
1324 1226 1635 1297 natalitio
1696 1231 1759 1296 S.
1806 1227 2148 1298 Hermetis
2178 1227 2311 1297 sub
2359 1226 2584 1316 ipsius
2634 1250 2741 1297 re-

171 1317 420 1404 liquiis
452 1314 828 1405 contigisse
859 1326 1124 1386 certum
1174 1328 1316 1385 est:
1370 1315 1524 1386 ideo
1574 1329 1802 1386 tamen
1856 1315 2029 1406 ipsis
2072 1315 2446 1405 praecipue
2475 1313 2741 1386 adscri-

169 1405 411 1476 benda
459 1403 803 1486 videntur,
857 1403 1185 1491 quoniam
1224 1405 1293 1473 in
1326 1425 1406 1474 ea
1453 1403 1743 1475 basilica
1782 1403 1957 1474 facta
1997 1417 2182 1486 sunt,
2219 1403 2289 1472 in
2331 1425 2472 1490 qua
2500 1425 2737 1474 eorum

170 1493 656 1564 sacratissima
702 1514 992 1582 corpora
1040 1513 1111 1562 re
1163 1493 1507 1564 uiescunt.
1564 1497 1924 1563 Gestorum
1973 1504 2206 1566 autem
2255 1491 2431 1561 fides
2478 1492 2563 1561 ad
2615 1514 2743 1564 nos

178 1583 509 1672 pertinet,
545 1582 670 1669 qui
705 1593 1099 1672 praesentes
1157 1581 1418 1662 uimuS,
1474 1593 1538 1652 et
1584 1581 1843 1668 quibus
1875 1603 1951 1651 ea
1993 1581 2228 1650 divina
2263 1581 2478 1670 pietas
2511 1580 2743 1650 videre

168 1671 545 1741 concessit.
598 1675 689 1741 Ac
738 1669 1026 1760 proinde
1067 1670 1327 1740 omissa
1376 1669 1822 1760 praefatione,
1876 1669 1961 1740 ad
2021 1671 2173 1761 ipsa
2220 1691 2398 1756 quae
2447 1668 2743 1739 dicenda

172 1773 344 1830 sunt
401 1758 742 1829 miracula
775 1759 1162 1829 veniamus.
2456 1799 2462 1812 ·

257 1853 299 1936 ξ
355 1853 523 1920 22.
579 1847 948 1938 Gregorius
996 1853 1346 1917 Romanae
1393 1847 1591 1918 urbis
1640 1848 2045 1938 Episcopu3‚
2112 1848 2230 1934 qui
2293 1847 2599 1938 Eugenio
2650 1847 2742 1916 si-

174 1938 479 2024 mulque
513 1936 870 2006 Valentino
931 1936 1000 2004 in
1060 1935 1506 2006 Pontificatus
1536 1935 1798 2005 honore
1846 1937 2200 2016 successit,
2246 1957 2406 2005 cum
2459 1935 2742 2007 titulum

173 2031 241 2095 S.
291 2025 511 2095 Marci
561 2024 1056 2115 Evangelistae,
1118 2025 1188 2092 in
1239 2046 1377 2111 quo
1426 2026 1785 2115 presbyter
1831 2023 2093 2105 fuerat,
2148 2023 2508 2114 ampliare,
2555 2036 2620 2093 et
2667 2025 2739 2092 in

172 2137 254 2184 eo
310 2114 817 2183 monasterium
869 2113 1067 2182 vellet
1113 2124 1447 2195 extruere,
1501 2113 1841 2200 quaesivit
1871 2135 1992 2203 per
2019 2113 2386 2183 coemetria
2418 2124 2483 2181 et
2529 2111 2744 2182 eccle·

171 2205 319 2273 sias
375 2202 657 2293 longius
721 2204 808 2272 ab
858 2202 1037 2272 Urbe
1082 2203 1533 2287 constitutas,
1588 2201 1817 2272 sicubi
1884 2200 2290 2272 Sanctorum
2356 2216 2738 2290 martyrum

170 2313 479 2382 corpora
516 2304 741 2381 posset
771 2291 1115 2359 invenire:
1154 2294 1577 2378 Inventaque
1613 2289 1812 2361 titulo
1858 2312 2062 2378 quem
2113 2311 2318 2380 opere
2369 2289 2743 2380 magnifico

169 2393 577 2450 extruxerat
615 2378 882 2449 curavit
930 2378 1205 2449 inferre.
1240 2384 1414 2449 Casu
1443 2379 1658 2470 igitur
1696 2377 1954 2449 factum
2004 2391 2128 2457 est,
2169 2390 2247 2449 ut
2278 2399 2357 2447 eo
2408 2390 2736 2467 tempore,

167 2493 316 2557 quo
360 2467 767 2560 sepulcrum
813 2467 1196 2539 beatissimi
1244 2468 1584 2539 Hermetis
1631 2481 1777 2539 erat
1809 2480 2202 2559 aperturuS,
2239 2479 2306 2537 et
2339 2488 2617 2537 sacrum
2656 2465 2744 2535 il—

171 2561 319 2628 lius
372 2580 631 2649 corpus
680 2556 840 2627 inde
886 2556 1109 2628 fuerat
1156 2557 1583 2639 sublaturuS,
1636 2579 1824 2628 unus
1871 2579 1952 2625 ex
2000 2557 2277 2637 nostriS,
2332 2557 2452 2642 qui
2502 2554 2744 2624 eodem

171 2669 369 2716 anno
405 2645 853 2736 supplicandi
902 2646 1148 2737 gratia,
1185 2658 1263 2715 ut
1296 2647 1510 2716 moris
1541 2657 1645 2716 est
1694 2643 2229 2736 poenitentibus,
2288 2650 2577 2714 Romam
2629 2664 2743 2712 ve-

174 2747 406 2815 nerat,
439 2747 895 2825 congregatae
926 2734 1013 2805 ad
1044 2733 1407 2805 basilicam
1440 2736 1767 2823 martyris
1808 2732 2241 2804 multitudini
2268 2754 2428 2802 cum
2457 2731 2744 2802 caeteris

175 2825 575 2915 peregrinis
602 2824 979 2894 interesset.
1021 2829 1087 2892 Is
1113 2824 1385 2913 negotio
1417 2823 1604 2910 quod
1637 2823 1971 2914 agebatur
2007 2821 2373 2912 diligenter
2404 2821 2739 2911 inspecto,

175 2936 379 3013 spem
414 2912 1024 3003 adipiscendarum
1059 2912 1420 2982 memorati
1459 2912 1784 3001 martyris
1822 2910 2304 2999 reliquiarum,
2351 2909 2510 2980 licet
2537 2908 2745 2979 corde

176 3001 516 3093 simplici,
573 3022 711 3071 non
760 3013 990 3070 tamen
1042 3001 1191 3070 sine
1253 3023 1466 3071 causa
1502 3000 1854 3090 concepit:
1908 3013 1973 3070 et
2022 2998 2459 3075 Deusdonam
2501 2998 2744 3068 Diaco-

174 3111 382 3167 num,
437 3090 642 3180 cujus
692 3089 762 3157 in
814 3090 1039 3179 primo
1075 3089 1253 3160 libro
1300 3090 1610 3161 crebram
1655 3088 1950 3159 fecimus
1998 3088 2446 3170 mentionem,
2501 3087 2784 3157 adiens·

174 3180 433 3248 obnixe
472 3177 763 3269 rogavit,
807 3191 886 3247 ut
932 3199 1012 3247 ex
1044 3178 1155 3247 his
1188 3178 1913 3265 quantulumcumque
1945 3199 1984 3246 a
2017 3176 2423 3247 custodibus
2465 3175 2596 3245 loci
2636 3198 2749 3245 ac-
2807 3197 2823 3215 ·

177 3269 241 3335 ci
296 3280 467 3346 eret,
523 3266 837 3354 mihique
870 3264 1322 3336 deferendum
1373 3266 1508 3338 sibi
1559 3277 1957 3356 praestaret.
1997 3264 2127 3348 Qui
2178 3263 2538 3336 confestim
2590 3285 2745 3355 pre-

177 3290 387 3426 cibus
425 3355 581 3441 eius
614 3377 959 3436 annuens,
998 3355 1065 3424 id
1100 3376 1172 3424 se
1202 3353 1353 3424 sine
1402 3376 1595 3425 mora
1627 3354 1974 3425 facturum
2019 3353 2406 3445 pollicetur.
2444 3358 2748 3438 Datoque

176 3429 597 3516 custodibus
669 3444 928 3535 pretio,
982 3465 1118 3513 non
1171 3443 1401 3513 solum
1467 3442 1534 3514 S.
1587 3443 1971 3523 Hermetis‚
2025 3441 2145 3513 sed
2202 3443 2409 3513 etiam
2470 3452 2744 3511 sancto-

179 3555 339 3603 rum
393 3533 575 3603 Proti
625 3547 830 3620 atque
863 3531 1234 3621 Hyacinthi
1256 3533 1311 3613 *,
1362 3553 1662 3619 quorum
1715 3533 1785 3600 in
1842 3529 2081 3602 eadein
2116 3531 2408 3602 basilica
2455 3550 2749 3621 corpora

178 3633 381 3692 erant
429 3621 680 3712 posita,
723 3620 1054 3708 reliquias
1086 3621 1375 3711 accepit.
1424 3626 1501 3691 Et
1539 3620 1698 3690 illas
1727 3620 2010 3708 quidem
2062 3642 2184 3711 per
2228 3618 2603 3707 quemdam
2645 3616 2749 3687 fa-

182 3710 533 3779 miliarem
586 3731 820 3792 suum,
873 3710 990 3779 cui
1023 3709 1398 3780 Sabbatino
1445 3730 1830 3801 cognomen
1879 3722 2047 3790 erat,
2103 3708 2456 3796 simulque
2505 3719 2570 3778 et
2623 3728 2746 3777 no-

182 3809 435 3880 strum,
474 3799 600 3885 qui
645 3798 709 3868 ei
748 3810 834 3867 -ut
880 3799 1011 3868 hoc
1042 3798 1292 3871 faceret
1320 3797 1689 3889 persuasit,
1748 3798 2016 3868 mittere
2062 3798 2353 3867 curavit.
2389 3794 2584 3885 Quod
2620 3817 2748 3865 au·

184 3899 317 3954 tem
350 3889 438 3957 de
464 3892 755 3976 corpore
780 3887 962 3958 beati
995 3887 1333 3957 Hermetis
1371 3888 1592 3979 potuit
1616 3886 1939 3977 adipisci,
1983 3887 2131 3976 ipse
2162 3886 2246 3956 ad
2283 3905 2406 3955 nos
2435 3882 2741 3965 veniens,

186 3997 309 4063 pro
362 3976 629 4065 ingenti
681 3997 969 4046 munere
1019 3975 1287 4045 detulit.

273 4065 310 4150 ξ
364 4068 524 4136 28.
573 4068 737 4133 Cum
789 4078 1018 4134 autem
1068 4065 1152 4134 de
1184 4064 1489 4134 adventu
1539 4063 1990 4151 reliquiarum
2044 4074 2435 4133 sanctorum
2472 4062 2652 4131 Proti
2683 4071 2750 4129 et

189 4148 566 4240 Hyacinthi
601 4152 799 4225 nobis
824 4166 1002 4222 esset
1028 4152 1439 4233 indicatum,
1474 4152 1746 4225 obviam
1777 4151 1916 4222 illis
1943 4152 2432 4240 processimuS,
2465 4171 2741 4237 easque,

191 4252 265 4309 ut
300 4263 428 4331 par
473 4255 640 4322 erat,
694 4241 1073 4311 honorifice
1108 4241 1591 4332 suscipientes.
1639 4252 1844 4329 atque
1891 4240 2218 4311 basilicae
2250 4262 2411 4310 cum
2462 4237 2746 4330 hymnis

241 4401 266 4425 ⁶
296 4397 459 4440 Sancti
491 4399 719 4448 Martyres
749 4400 806 4441 de
837 4409 1038 4450 quorum
1069 4402 1343 4440 exuviarum
1373 4399 1620 4449 adeptione
1649 4400 1697 4439 et
1725 4398 1875 4451 signis
1893 4398 1979 4452 ‚hic
2016 4397 2186 4449 agitur.
2217 4399 2460 4439 coluntur:
2490 4399 2673 4438 Paci-cs
2701 4397 2749 4438 et

187 4450 507 4494 Euentu-uus
537 4463 587 4493 xx
620 4456 736 4503 sept.
765 4454 964 4494 Hennes
993 4462 1144 4495 xxvnt
1174 4464 1277 4504 aug.
