3357 4995
303 359 524 426 JUNII
574 359 646 423 Μ
909 423 930 450 ‚
1019 357 1026 366 '
1139 377 1219 424 nn
1265 377 1322 423 s,
1376 376 1668 425 BARNABA
1715 377 2034 427 APOSTOLO
2370 393 2379 400 -
2644 364 2775 428 259

305 475 674 534 sectatores
722 462 1093 542 invenisset
1140 517 1154 543 ,
1234 483 1377 531 una
1461 484 1622 533 cum
1709 462 1850 534 illis
1932 476 2170 535 contra
2227 465 2693 534 Patriarcham
2766 479 2863 536 te-

304 552 687 622 meritatem
737 552 1061 633 exercuit,
1101 551 1433 622 adversus
1478 574 1638 622 eum
1691 552 2296 625 seditiosissimum
2335 575 2681 641 quemque
2731 555 2857 624 ho-

301 643 563 710 minem
614 641 1016 722 concitanS,
1067 653 1136 711 et
1178 639 1806 735 Chalcedonensem
1872 642 2221 732 synodum
2295 644 2715 724 convicianS,
2778 667 2860 715 ac

299 729 771 800 Patriarcham
821 729 1055 819 ipsum
1104 729 1587 801 Nestorianum
1635 729 2023 830 appellans.

391 827 430 902 ἓ
483 824 628 892 ²1.
684 823 851 888 Cum
903 818 1114 909 igitur
1181 818 1601 888 Antiochena
1648 819 1891 890 civitas
1947 820 2163 890 multa
2233 820 2564 890 seditione
2613 835 2676 891 et
2740 832 2849 890 tu-

301 908 532 978 multu
582 907 1124 997 perturbaretur,
1161 912 1400 978 Petrus
1447 908 1563 976 ille
1595 908 1924 978 Comitem
1974 914 2307 979 Zenonem
2359 908 2518 978 dolo
2566 932 2848 1010 aggres—

301 1020 454 1068 sus:
494 997 660 1078 Nisi,
714 996 963 1083 inquit,
1011 995 1226 1087 hujus
1273 996 1570 1067 civitatis
1603 996 1988 1087 Episcopus
2037 1010 2489 1088 permutetur,
2529 997 2680 1068 fieri
2714 1020 2852 1067 non

300 1097 544 1176 potest,
592 1097 670 1155 ut
716 1085 1019 1175 populus
1051 1086 1280 1172 quiete
1327 1085 1528 1154 vivat.
1583 1085 1973 1168 Quinetiam
2025 1086 2316 1157 multam
2376 1086 2530 1156 auri
2597 1089 2734 1155 vim
2784 1089 2848 1154 ei

302 1175 688 1266 proposuit,
761 1174 819 1245 si
868 1174 954 1243 ab
1003 1195 1081 1242 eo
1125 1176 1522 1265 impetraret
1559 1174 1745 1261 quod
1798 1177 2107 1265 petebat:
2157 1176 2471 1266 patefecit
2509 1177 2696 1244 enim
2746 1175 2852 1245 illi

301 1263 673 1335 consilium
708 1285 944 1344 suum,
981 1264 1166 1350 quod
1217 1277 1419 1333 antea
1447 1264 1928 1334 occultaverat.
1970 1270 2159 1335 Tunc
2192 1263 2482 1335 infames
2511 1265 2852 1352 quosdam

302 1365 368 1422 et
412 1352 767 1442 improbos
815 1352 1155 1434 homineS,
1209 1354 1330 1441 qui
1377 1352 1618 1423 eadem
1680 1374 1858 1439 quae
1905 1354 2053 1442 ipse
2102 1354 2508 1433 sentiebant,
2567 1376 2854 1442 persua-

305 1442 620 1512 sionibus
667 1441 817 1514 suis
857 1463 1092 1511 secum
1143 1441 1362 1520 duxit,
1429 1453 1493 1510 et
1541 1442 1953 1532 gravissima
1991 1443 2335 1530 quaedam
2379 1441 2637 1511 scelera
2690 1465 2855 1510 con-

307 1542 406 1599 tra
445 1530 910 1599 Patriarcham
962 1528 1134 1599 falso
1181 1531 1499 1608 conficta,
1552 1530 1638 1599 ad
1683 1535 2175 1620 Imperatorem
2211 1529 2480 1601 detulit.
2530 1531 2656 1600 Sed
2699 1533 2852 1619 ejus

303 1617 567 1688 malitia
630 1618 804 1687 nihil
858 1618 1144 1708 profecit
1194 1641 1355 1689 cum
1406 1625 1788 1708 Imperator
1835 1619 2382 1709 Apostolicorum
2441 1619 2847 1709 dogmatum

301 1720 478 1777 esset
502 1720 1001 1797 propugnator.
1044 1714 1279 1778 Postea
1310 1727 1491 1787 ver0,
1531 1729 1743 1793 quam
1790 1712 1913 1781 Leo
1945 1708 2092 1797 ipse
2119 1720 2434 1778 terrestre
2465 1708 2848 1797 Imperium

302 1796 693 1882 dereliquit,
749 1810 814 1865 et
862 1797 944 1865 ad
976 1797 1365 1866 immortale
1413 1796 1587 1865 illud
1621 1818 1915 1886 regnum
1966 1797 2341 1867 translatus
2390 1810 2515 1877 est,
2554 1797 2852 1886 Imperio

303 1886 635 1955 successit
684 1891 879 1954 Zeno.
934 1885 1339 1955 Antiocheni
1371 1906 1549 1964 vero,
1602 1907 1778 1971 quos
1813 1908 2025 1975 supra
2073 1885 2401 1966 diximus,
2442 1887 2853 1975 Imperatori

303 1973 882 2064 supplicationem
933 1974 1353 2053 obtulerunt,
1452 1986 1710 2043 etentes
1759 1974 2092 2043 fullonem
2144 1975 2345 2045 illum
2397 1980 2667 2044 Petrum
2722 1974 2861 2043 sibi

301 2065 723 2154 Episcopum
774 2063 1017 2132 creari.
1063 2063 1133 2131 [d
1170 2063 1355 2150 quod
1424 2076 1657 2132 actum
1717 2078 1840 2143 est,
1880 2085 2051 2132 auro
2114 2065 2264 2154 ipso
2326 2063 2675 2143 omnibus,
2730 2064 2852 2150 qui

300 2165 496 2221 erant
545 2154 614 2220 in
649 2151 810 2221 aula
850 2153 1062 2243 regia,
1101 2150 1580 2252 persuadente,
1612 2163 1688 2220 ut
1714 2152 1889 2221 Petri
1928 2152 2210 2222 fullonis
2237 2153 2700 2243 patrocinium
2732 2174 2853 2221 su-

302 2243 669 2331 sciperent.
741 2240 982 2310 Statim
1032 2242 1245 2331 igitur
1296 2254 1370 2310 ut
1430 2245 1667 2310 Petrus
1709 2241 1823 2309 ille
1872 2241 2233 2311 ordinatus
2288 2255 2391 2310 est
2439 2242 2846 2330 EpiscopuS,

301 2342 610 2399 sanctam
681 2329 1306 2399 chalcedonensem
1355 2331 1698 2418 synodum
1769 2332 2204 2399 anathemate
2253 2330 2382 2400 fuit
2436 2331 2843 2412 detestatus.

302 2424 607 2506 Cumque
667 2417 1084 2509 Apollinaris
1137 2419 1589 2489 sectatoribus
1663 2419 1931 2509 placere
1981 2418 2305 2499 studeret,
2359 2419 2479 2506 qui
2544 2417 2854 2508 Theopa-

301 2508 569 2578 schiani
619 2507 1173 2597 appellabantur,
1236 2530 1316 2578 eo
1369 2507 1554 2595 quod
1588 2513 1801 2577 Deum
1836 2510 2066 2598 ipsum
2102 2530 2385 2599 passum
2415 2507 2627 2577 fuisse
2662 2507 2853 2576 dice-

300 2597 490 2677 bant,
546 2597 912 2666 novitatem
946 2596 1324 2683 quamdam
1376 2598 1749 2686 pessimam
1803 2597 2231 2687 excogitavit,
2285 2610 2363 2666 ut
2404 2597 2667 2683 hymno
2720 2596 2848 2675 illi,

298 2687 423 2843 gui
461 2686 813 2776 Trisagion
855 2685 1267 2776 appellatur,
1325 2687 1450 2755 hoc
1498 2685 1704 2754 etiam
1756 2686 1826 2753 in
1890 2686 2029 2755 fine
2068 2685 2381 2755 adderet:
2429 2685 2558 2768 Qui
2625 2684 2854 2754 cruci-

353 2797 481 2845 xus
511 2787 612 2844 est
660 2785 937 2864 propter
1001 2796 1154 2845 nos.
1196 2780 1375 2843 Haec
1423 2795 1584 2844 cum
1620 2775 1841 2843 sancti
1890 2775 2212 2864 Episcopi
2259 2788 2323 2844 et
2360 2789 2586 2864 patres
2640 2773 2856 2843 nostri

301 2863 753 2942 audivissent,
810 2862 895 2931 ad
947 2884 1228 2953 pravam
1282 2862 1472 2933 illius
1531 2863 1930 2952 opinionem
1981 2862 2461 2932 refrenandam
2513 2863 2723 2931 alacri
2790 2876 2857 2931 et

301 2965 621 3052 prompto
670 2953 905 3021 animo
938 2953 1246 3042 aggressi
1297 2966 1500 3022 sunt:
1540 2966 1605 3021 et
1649 2952 1952 3041 primum
2001 2952 2280 3039 quidem
2327 2952 2541 3021 literis
2572 2974 2729 3020 eum
2766 2950 2854 3019 ab

301 3041 676 3130 impietatis
726 3042 1049 3142 voragine
1101 3063 1417 3110 revocare
1475 3042 1706 3110 conati
1755 3056 1939 3109 sunt.
1984 3041 2111 3110 Sed
2160 3062 2321 3111 cum
2374 3039 2698 3109 cumdem
2754 3062 2858 3108 re-

302 3143 730 3220 pugnantem
781 3151 1042 3219 majore
1090 3130 1383 3212 audacia
1430 3142 1495 3199 et
1545 3130 1921 3199 temeritate
1969 3142 2206 3199 contra
2260 3129 2468 3199 fldem
2530 3128 2854 3198 orthodo—

201 3240 220 3246 ·
301 3240 456 3287 xam
485 3219 711 3287 efferri
743 3219 1097 3297 vidissent,
1137 3240 1401 3300 omneS,
1434 3219 1554 3305 qui
1587 3232 1750 3288 sunt
1783 3219 1852 3286 in
1888 3220 2051 3288 orbe
2097 3232 2457 3298 terrarum,
2505 3218 2849 3309 Episcopi,

304 3308 643 3379 sententia
696 3308 1175 3398 pronunciata,
1222 3307 1821 3377 subanathemate
1861 3307 2060 3376 illum
2091 3308 2524 3399 expulerunt.

394 3398 431 3483 ξ
483 3400 644 3467 22.
713 3401 783 3465 [n
835 3397 963 3465 hac
1014 3396 1343 3491 orationis
1394 3410 1581 3486 parte
1630 3396 1923 3466 libenter
1955 3419 2093 3476 eos,
2147 3398 2377 3484 quiex
2430 3396 2681 3465 nostris
2732 3394 2856 3464 ho-

303 3485 613 3555 minibus
655 3506 790 3553 non
845 3486 1029 3565 vitio,
1098 3485 1216 3555 sed
1263 3486 1564 3572 quadam
1620 3486 1870 3556 mentis
1921 3485 2209 3565 levitate,
2250 3486 2614 3554 novitatem
2675 3482 2853 3565 hanc

303 3586 556 3643 temere
604 3573 972 3664 amplexati
1021 3585 1206 3654 sunt,
1247 3574 1356 3644 his
1405 3574 1630 3644 verbis
1681 3574 2202 3663 compellarem:
2239 3580 2587 3657 Quaenam
2640 3594 2855 3641 causa

301 3683 443 3743 vos,
481 3663 748 3742 fratres,
796 3662 1104 3743 adduxit,
1149 3675 1227 3732 ut
1276 3675 1452 3732 recte
1508 3664 1913 3732 sentientem
1968 3677 2239 3752 patrum
2284 3674 2678 3732 nostrorum
2729 3660 2853 3729 do-

299 3752 592 3822 ctrinam
645 3750 1148 3838 relinqueretiS,
1205 3761 1270 3820 et
1308 3752 1674 3821 novitatem
1713 3752 1798 3821 ab
1845 3752 2208 3821 haereticis
2241 3773 2463 3841 nuper
2508 3772 2670 3820 exco
2726 3750 2851 3819 ita-

301 3852 441 3910 tam
491 3840 996 3927 sequeremini?
1041 3840 1741 3910 Animadvertendum
1793 3841 1985 3911 vobis
2036 3852 2203 3922 erat,
2257 3838 2674 3927 quemadmo
2730 3861 2851 3908 um

302 3931 522 3999 sancti
572 3935 802 3998 Patres
841 3930 1060 3997 nostri
1108 3951 1246 3998 non
1296 3931 1492 4001 fictas
1542 3929 1814 3999 fabulas
1879 3930 2117 4005 secuti,
2168 3931 2364 4000 nobis
2414 3930 2602 3999 hunc
2651 3927 2852 4017 hym-

303 4040 475 4089 num
524 4018 918 4089 canendum
972 4017 1427 4099 tradiderunt,
1472 4018 1588 4087 sed
1641 4018 1876 4086 divina
1922 4019 2223 4105 quadam
2280 4018 2684 4088 revelatione
2731 4015 2852 4086 do-

302 4107 394 4176 cti
459 4130 634 4194 quae
700 4129 833 4176 non
897 4107 1025 4177 uni
1058 4119 1178 4177 aut
1210 4107 1429 4188 alteri,
1471 4128 1691 4193 neque
1740 4107 1809 4174 in
1859 4107 2090 4194 aliquo
2128 4120 2342 4177 terrae
2392 4107 2674 4197 angul0,
2726 4104 2849 4177 sed

303 4196 596 4265 meridie
661 4195 811 4285 ipso
873 4197 943 4265 in
1016 4196 1169 4266 luce
1235 4195 1624 4266 clarissima
1672 4196 1995 4265 universo
2067 4195 2853 4286 Constantinopolitanae

302 4285 500 4355 urbis
546 4285 804 4375 populo
854 4284 1103 4355 Christi
1133 4284 1610 4355 amantissimo
1658 4284 1836 4354 facta
1873 4298 1996 4364 est,
2050 4307 2188 4372 quo
2244 4299 2544 4374 tempore
2594 4283 2848 4354 beatis-

305 4374 524 4445 simus
574 4386 763 4463 pater
811 4374 1192 4465 Episcopus
1238 4385 1305 4444 et
1336 4372 1664 4464 magister
1693 4395 1855 4443 cum
1907 4374 2152 4464 primis
2188 4375 2514 4465 probatus
2562 4372 2850 4442 Proclus

308 4461 1102 4554 Constantinopolitanae
1163 4463 1308 4533 sedi
1369 4462 1824 4554 praesidebat.
1894 4462 2231 4550 Quicquid
2311 4474 2539 4533 autem
2615 4460 2849 4529 divina
