3357 4995
703 315 831 381 520
1304 332 1381 377 nn
1426 331 1801 379 nummu
1849 333 1903 379 s.
1957 332 2219 380 JOANNIS
2270 333 2445 379 BAPT.
2801 317 2839 379 J
2851 316 3022 380 UNII
3073 317 3157 381 24

613 419 889 488 climata
938 417 1406 485 circumsonat
1461 415 1796 506 gloriosae
1845 417 2227 487 festivitatis
2279 417 2629 498 instantia,
2703 417 2875 507 ipsis
2947 419 3156 487 etiam

611 507 819 577 coelis
884 504 1172 574 celebris
1219 516 1284 574 et
1343 504 1628 575 famosa.
1695 506 1884 588 Quis,
1945 518 2169 596 putaS‚
2240 528 2411 606 puer
2460 507 2586 575 iste
2634 507 2812 575 erit‘?
2875 508 3155 576 Amicus

612 596 872 686 sponsi,
928 593 1256 662 inimicus
1284 594 1431 672 tibi,
1468 605 1583 664 tua
1628 607 1956 684 potestate
2005 607 2364 685 potentior.
2403 595 2992 664 Considerandum
3025 609 3150 676 est,

609 696 866 774 quanta
901 683 1235 773 dignitate
1284 682 1705 782 praepolleat
1755 684 2125 752 nativitatis
2161 684 2370 773 hujus
2409 683 2822 753 celebranda
2848 684 3142 762 devotio,

609 785 1077 860 quantamque
1126 783 1414 860 gratiam
1469 771 1538 839 in
1587 771 1811 842 oculis
1853 772 2192 841 Ecclesiae
2245 773 2540 861 potuerit
2596 774 2926 844 invenire.
2988 773 3156 843 Nul-

612 862 747 931 lius
789 860 1092 930 hominis
1144 861 1562 929 nativitatem
1627 874 1896 951 praeter
1956 861 2171 932 sollus
2226 862 2364 936 Dei,
2433 861 2720 949 ejusque
2771 862 3027 942 MatriS,
3085 862 3153 930 in

612 950 1038 1020 auctoritatis
1087 970 1310 1018 arcem
1371 950 1626 1038 recepit
1682 950 2006 1029 Ecclesia,
2072 950 2283 1040 hujus
2334 951 2534 1018 istius
2573 953 2968 1040 exceptione
3017 973 3158 1020 ser-

616 1052 791 1111 vata.
847 1039 1037 1107 Novit
1085 1039 1295 1115 enim,
1350 1039 1512 1123 quia
1557 1037 1800 1107 melior
1833 1052 1933 1109 est
1982 1039 2127 1106 dies
2186 1040 2425 1108 mortis
2473 1039 2585 1107 die
2643 1040 3038 1117 nativitatiS‚
3091 1053 3158 1108 et

614 1128 795 1215 quod
860 1140 1050 1195 ortus
1101 1126 1460 1195 hominum
1541 1127 1810 1195 tristitia
1862 1128 2246 1197 comitetur.
2320 1129 2486 1196 Inde
2541 1141 2663 1206 est,
2723 1128 2904 1214 quod
2971 1127 3156 1197 diem

615 1217 859 1285 mortis
919 1226 1324 1304 martyrum,
1382 1237 1513 1284 non
1572 1216 1967 1294 nativitatiS‚
2026 1216 2424 1285 solemnizat
2487 1217 2809 1296 Ecclesia,
2870 1230 3154 1286 mortem

617 1327 855 1374 eorum
890 1304 1355 1373 natalitiorum
1393 1305 1669 1372 nomine
1705 1306 2096 1385 nominans.
2139 1306 2395 1391 quibus
2432 1306 2652 1374 factus
2682 1319 2784 1374 est
2817 1306 2901 1373 dc
2945 1318 3162 1374 morte

617 1394 890 1463 natalis.
945 1398 1134 1461 Tunc
1183 1392 1366 1460 enim
1421 1393 1823 1482 inceperunt
1873 1394 2063 1463 nasci
2120 1395 2205 1462 ad
2283 1395 2515 1473 vitam,
2568 1417 2729 1463 cum
2783 1396 2984 1462 vitam
3037 1393 3155 1462 de-

619 1495 997 1572 posuerunt
1052 1503 1176 1569 pro
1230 1481 1384 1549 vita.
1440 1483 1663 1571 Hujus
1714 1505 1869 1551 vero
1903 1483 2320 1552 nativitatem
2373 1505 2626 1572 sponsa
2676 1483 2920 1551 Christi
2975 1496 3159 1551 tanto

617 1571 932 1640 securius
964 1569 1607 1639 benevolentissima
1644 1570 2043 1660 dignatione
2085 1572 2408 1660 suscepit,
2440 1585 2696 1657 quanto
2724 1571 3153 1661 singularius

616 1682 766 1728 eam
820 1659 1119 1727 veritatis
1156 1658 1600 1746 Evangelicae
1652 1654 2146 1749 irrefragabilis
2194 1661 2630 1729 commendat
2669 1662 3062 1729 auctoritas.
3140 1672 3145 1676 ’

705 1751 740 1833 ξ
787 1752 864 1817 2.
919 1748 1213 1828 Quintus
1247 1747 1467 1815 honor
1494 1760 1617 1829 est,
1659 1748 2106 1838 singularitas
2156 1752 2224 1816 in
2276 1749 2719 1819 conversione
2765 1763 2829 1818 et
2875 1771 3158 1818 conver-

617 1838 899 1907 satione.
938 1841 1117 1904 Intra
1148 1836 1676 1904 teneritudinem
1715 1860 2054 1906 annorum
2093 1838 2332 1907 beatus
2365 1839 2491 1906 iste
2523 1859 2695 1937 puer
2725 1838 2808 1905 ad
2846 1859 3158 1906 eremum

619 1925 878 2015 Spiritu
899 1924 1190 1993 ducente
1239 1925 1579 1994 deductus
1616 1939 1740 2005 est,
1775 1948 1897 1994 nec
1938 1927 2196 1996 obstitit
2228 1927 2466 1995 aetatis
2517 1926 2910 2004 infirmitas,
2946 1949 3155 2013 quam

619 2014 941 2100 maJestas
976 2014 1242 2081 Domini
1292 2013 1768 2083 foecundabat.
1810 2016 2105 2105 Spiritus
2152 2016 2335 2083 enim
2389 2028 2668 2083 sanctus
2704 2037 2834 2085 non
2870 2015 3158 2084 attendit

619 2037 1075 2171 disslerentiam
1128 2125 1441 2182 sexuum,
1496 2103 1933 2193 fragilitatem
1995 2125 2389 2194 corporum,
2431 2117 2811 2193 temporum
2875 2105 3156 2173 annosi-

620 2203 863 2260 tatem:
900 2191 1011 2260 sed
1057 2213 1564 2277 quemcumque
1611 2205 1675 2260 et
1721 2193 2300 2278 quandocumque
2347 2205 2410 2261 et
2457 2193 2804 2277 quomodo
2839 2193 3005 2272 vult,
3048 2193 3154 2262 di-

623 2281 1077 2368 gnantissima
1130 2280 1341 2368 replet
1374 2281 1816 2369 benignitate.
1873 2281 2222 2367 Relinquit
2257 2287 2556 2351 ‚Ioannes
2606 2282 2975 2362 mundum,
3029 2282 3150 2351 ho-

618 2369 840 2437 mines
888 2367 1086 2458 sugit,
1144 2369 1358 2437 nescit
1408 2371 1748 2457 patriam,
1808 2383 2121 2460 parentes
2170 2384 2599 2458 aspernatur,
2668 2383 2730 2438 et
2807 2371 2871 2437 in
2934 2370 3146 2439 solius

623 2457 1001 2527 divinitatis
1027 2458 1293 2546 apicem
1324 2458 1558 2527 beatae
1579 2458 2178 2549 contemplationis
2214 2459 2361 2547 figit
2390 2461 2694 2530 obtutus.
2729 2461 2892 2528 Mira
2924 2480 3150 2528 rernm

563 2615 577 2630 ‚
621 2548 1001 2627 conversiO,
1059 2547 1406 2615 hominem
1462 2548 1569 2615 vix
1606 2548 1947 2617 mundum
1986 2551 2401 2638 ingressum,
2450 2548 2691 2617 mundi
2743 2550 2976 2640 fugere
3005 2547 3154 2646 glo-

620 2636 817 2715 riam,
871 2650 935 2705 ct
983 2635 1198 2705 seculi
1248 2637 1662 2724 cupiditates
1712 2659 1846 2705 non
1898 2637 2120 2705 solum
2172 2637 2512 2723 oblivisci,
2564 2638 2683 2706 sed
2749 2653 2814 2707 et
2864 2658 3143 2713 nescire,

622 2739 1171 2814 perpetuumque
1218 2748 1377 2793 cum
1431 2725 1786 2795 divinitate
1836 2726 2084 2794 habere
2113 2726 2559 2794 consortium.
2602 2732 2925 2795 Recessus
2957 2746 3156 2793 mon-

620 2814 818 2892 tium.
870 2813 1219 2901 sylvarum
1272 2813 1646 2895 anfractuS‚
1684 2827 1748 2882 et
1789 2814 2071 2883 vallium
2107 2814 2578 2900 subterjacens
2617 2816 2916 2894 vastitaS,
2946 2835 3160 2903 puero

618 2903 1051 2970 Patriarchae
1073 2902 1427 2970 domicilia
1470 2904 1958 2991 praebuerunt.
2001 2908 2143 2971 Non
2171 2925 2258 2992 op
2313 2916 2563 2972 onatur
2599 2904 2766 2971 mihi
2794 2903 3155 2979 ‚Ieremias,

620 3011 746 3058 nec
798 2991 1260 3080 praedicantis
1311 2992 1645 3080 pueritiae
1687 2992 1902 3060 virtus
1936 2992 2185 3061 audeat
2214 3015 2252 3059 o
2307 2992 2527 3060 viare:
2565 2993 2724 3077 quia
2770 2994 2826 3060 si
2860 2991 2972 3061 ille
2996 3013 3166 3059 con-

621 3092 931 3148 secratur
965 3080 1032 3146 in
1087 3080 1533 3168 Prophetam,
1591 3080 1702 3149 hic
1756 3081 1821 3148 in
1876 3080 2243 3170 plusquam
2294 3081 2734 3169 Prophetam:
2773 3078 3168 3150 etlicetille

621 3168 876 3256 populo
926 3168 1156 3235 futura
1209 3168 1579 3257 praedicat,
1642 3191 1774 3238 non
1832 3182 2053 3238 tamen
2089 3170 2624 3237 conversationis
2661 3170 3006 3238 humanae
3044 3168 3170 3237 de-

620 3255 834 3324 clinat
893 3269 1236 3345 aspectuS,
1289 3264 1589 3325 ⁸loannes
1646 3270 1873 3327 autem
1928 3259 2165 3328 aetatis
2214 3281 2422 3347 super
2476 3280 2702 3328 ressus
2755 3259 3112 3327 infantiam
3144 3312 3162 3336 ,

622 3356 688 3413 ct
734 3344 1094 3413 nobilioris
1142 3346 1414 3433 generis
1464 3348 1983 3434 generositatem
2037 3346 2315 3425 oblituS,
2371 3347 2497 3414 soi
2546 3359 2739 3416 vacat
2793 3347 3163 3424 divinitati,

622 3433 842 3501 forma
914 3434 1110 3511 vitae,
1167 3436 1666 3504 monachorum
1743 3436 2214 3525 propositum,
2270 3437 2836 3505 anachoretarum
2908 3435 3169 3526 princi-

623 3522 845 3611 pium,
903 3522 1108 3593 totius
1145 3523 1497 3611 religionis
1538 3526 1845 3593 assertio.
1888 3530 1962 3592 Et
1990 3526 2155 3593 haec
2205 3524 2481 3611 quidem
2538 3546 2658 3614 pro
2688 3526 3162 3594 conversione.

708 3613 743 3695 ξ
792 3615 869 3681 S.
928 3616 1132 3679 Porro
1173 3626 1433 3697 quanta
1481 3613 1876 3684 sublimitas
1918 3614 1983 3680 in
2036 3614 2550 3682 conversatione
2597 3612 2823 3692 fuerit,
2878 3636 3010 3682 non
3062 3624 3170 3680 est

624 3700 965 3770 currentis
1042 3699 1321 3790 linguae
1372 3702 1921 3771 volubilitatibus
1987 3702 2495 3783 disserendum,
2551 3701 2667 3770 sed
2718 3702 3171 3793 Evangelicae

622 3787 979 3878 dignitatis
1028 3789 1623 3879 comprobandum
1683 3790 1978 3876 eloquio.
2028 3796 2350 3871 Joannes,
2398 3791 2643 3876 inquit,
2700 3790 2993 3860 habebat
3048 3811 3169 3857 ve-

621 3877 1023 3947 stimentum
1076 3878 1159 3946 de
1224 3878 1385 3968 pilis
1451 3878 1912 3957 camelorum,
1965 3890 2028 3947 et
2087 3901 2256 3948 zona
2307 3878 2591 3967 pellicea
2639 3880 2822 3948 circa
2887 3878 3170 3948 lumbos

617 3966 791 4056 ejus,
845 3988 999 4036 esca
1047 3979 1275 4035 autem
1338 3968 1489 4054 ejus
1536 3981 1682 4036 erat
1749 3968 2045 4048 locusta,
2099 3980 2164 4035 et
2215 3970 2342 4037 mel
2396 3968 2747 4055 sylvestre.
2813 3969 3170 4053 Ecceflqui

622 4054 952 4126 mollibus
1002 4055 1408 4134 vestiuntur,
1480 4057 1551 4123 in
1603 4056 1929 4125 domibus
1987 4078 2227 4147 regum
2294 4070 2478 4128 sunt.
2533 4057 2780 4145 Rigida
2815 4058 3045 4132 vestis,
3101 4069 3171 4123 et

617 4141 1011 4214 durissimis
1044 4143 1564 4233 hispiditatibus
1613 4147 2083 4223 circumtexta,
2141 4145 2363 4233 rigore
2412 4144 2861 4231 squalorifero
2908 4166 3171 4233 corpus

618 4231 830 4302 afficit
893 4231 1371 4312 Patriarchae‚
1428 4254 1845 4320 carnemque
1894 4233 2331 4302 tenerrimam
2395 4236 2764 4303 immatura
2827 4232 3172 4303 districtio

618 4319 1031 4411 disciplinae
1082 4321 1343 4390 feritate
1412 4332 1733 4403 coarctat,
1806 4336 2071 4393 teneros
2120 4334 2312 4394 artus
2365 4336 2430 4391 et
2478 4322 2832 4391 sacratiori
2904 4320 3174 4412 Spiritu

621 4408 1022 4498 superfusos
1062 4410 1371 4479 continui
1421 4424 1703 4497 quassat
1736 4411 2092 4501 longitudo
2144 4412 2479 4501 martyrii.
2519 4410 2721 4480 Cibus
2748 4423 2975 4481 autem
3016 4413 3172 4500 ejus
