3357 4995
634 312 756 376 ⁴74
1333 330 1412 375 DE
1460 330 1514 376 s.
1566 328 1930 377 Noa‘mnaro
1979 329 2274 378 EPISCOPO
2770 314 2986 379 JUNII
3039 317 3084 379 6

536 411 743 480 verba
786 408 1240 499 proferendo„
1272 408 1573 478 dicebat:
1629 432 1665 474 «
1691 414 1985 479 Putasne
2017 410 2196 479 bone
2247 423 2458 500 pater,
2496 411 2864 498 quicquam
2909 412 3085 481 velle

537 520 647 568 me
697 499 817 567 tib'i
867 497 1129 567 furari?
1176 503 1443 587 Pauper
1471 521 1566 578 es,
1605 497 1720 566 sed
1765 499 1956 567 omni
2005 499 2284 569 habenti
2325 499 2626 578 dabitur,
2669 513 2734 568 et
2762 501 3082 570 abunda-

531 586 664 657 bit:
702 587 787 655 ab
813 608 891 656 eo
925 600 1176 665 autem,
1215 587 1336 673 qui
1369 609 1506 655 non
1541 588 1767 667 habet,
1801 601 1867 656 et
1897 587 2079 674 quod
2112 588 2379 658 videtur
2417 589 2691 669 habere,
2728 589 3082 658 auferetur

533 676 621 746 ab
658 697 822 744 eo.»
874 680 1052 744 Haec
1101 674 1293 755 dixit,
1346 690 1411 746 et
1450 676 1633 745 dicta
1666 698 1871 765 opere
1917 676 2308 766 complevit.
2355 682 2521 745 Nam
2589 689 2751 745 tunc
2791 678 3080 765 quidam

530 763 702 832 sorte
747 763 832 831 ad
887 763 1401 833 conversionem
1470 777 1766 842 venerat,
1838 778 1902 834 et
1949 786 2108 834 cum
2177 766 2463 855 parvula
2515 766 2899 835 substantia
2951 790 3081 836 sua

530 852 1043 938 aliquantulum
1104 854 1368 942 argenti
1418 852 1755 922 detulerat
1818 854 2001 940 quod
2046 865 2221 922 retro
2279 854 2491 922 altare
2542 856 2868 943 pauperis
2915 877 3074 924 ora-

533 942 711 1020 torii,
750 941 931 1027 quod
984 953 1149 1010 tunc
1199 941 1423 1011 solum
1459 942 1827 1021 habebant,
1896 942 2274 1032 projectum
2316 943 2612 1030 jacebat.
2668 948 2869 1013 Nocte
2921 964 3074 1013 vero

532 1029 832 1115 quadarn
884 1029 1003 1098 ille
1052 1029 1290 1099 horam
1328 1030 1461 1099 sibi
1511 1030 1880 1121 providens
1928 1045 2413 1120 opportunam,
2470 1053 2547 1099 ar
2597 1046 2832 1101 entum
2903 1032 3077 1102 illud

533 1118 810 1207 rapiens
844 1117 1135 1207 aufugit.
1174 1119 1282 1188 Sic
1316 1119 1529 1209 igitur
1568 1119 1888 1209 deceptor
1936 1113 2071 1200 ille,
2118 1119 2365 1209 plenus
2394 1119 2547 1189 srau
2600 1142 2635 1188 e
2668 1134 2732 1189 et
2765 1120 3079 1190 minister

534 1205 792 1276 diaboli
887 1228 1220 1296 pauperes
1267 1229 1382 1278 eos
1433 1208 1501 1276 in
1545 1208 1749 1277 corde
1787 1207 2138 1296 judicans,
2208 1208 2629 1298 pauperibus
2693 1209 2937 1277 Christi
2974 1212 3075 1277 ni-

529 1294 622 1363 hil
673 1261 835 1363 m‘afi
890 1295 1432 1384 suspicantibuS,
1494 1308 1964 1386 paupertatem
2032 1297 2221 1365 auxit
2288 1297 2668 1377 intantum,
2732 1311 2808 1367 ut
2880 1298 3074 1367 nulla

536 1383 634 1453 eis
700 1395 1081 1453 remaneret
1142 1385 1563 1466 substantia,
1618 1385 1803 1455 unde
1855 1399 2174 1475 sumptus
2227 1387 2576 1474 procurari
2631 1399 2909 1475 possent
2971 1388 3070 1456 vel

533 1473 748 1541 unius
783 1471 942 1541 diei.

619 1562 655 1647 ξ
707 1565 869 1631 ⁰39.
921 1567 1246 1630 Jamtunc
1301 1562 1583 1649 plurimi
1619 1563 1686 1630 in
1725 1562 2164 1651 disciplinam
2205 1563 2356 1650 ejus
2396 1563 2528 1631 vita
2577 1577 2642 1631 et
2692 1564 3063 1652 proposito,

534 1647 788 1717 relictis
829 1649 1177 1730 omnibuS,
1220 1671 1291 1720 se
1339 1650 1800 1729 conferebant,
1841 1664 1906 1719 et
1938 1649 2219 1719 definito
2254 1649 2540 1719 consilio
2582 1653 3062 1739 quaerebatur,

529 1737 650 1807 ubi
700 1737 770 1806 in
807 1739 1044 1807 eodem
1096 1738 1360 1810 deserto
1394 1752 1658 1807 certum
1692 1739 1777 1808 ad
1809 1738 2390 1808 commanendum
2443 1753 2507 1807 et
2554 1740 3065 1824 aedificandum

530 1824 756 1895 locum
813 1827 1133 1896 idoneum
1205 1840 1713 1917 praepararent.
1787 1833 1942 1896 Erat
1988 1828 2171 1897 enim
2224 1826 2415 1897 locus
2465 1827 2580 1897 ille
2641 1831 3066 1917 asperrimus

430 1915 437 1921 ’
527 1928 591 1983 et
640 1913 843 2003 plane
891 1915 1217 1994 incultus,
1274 1916 1575 1986 arbustis
1625 1927 1692 1983 et
1740 1916 2118 2005 paludibus
2168 1928 2233 1984 et
2279 1917 2565 1985 caeteris
2607 1917 3065 1986 incommodis

528 2014 925 2092 occupatus,
984 2026 1103 2073 nec
1160 2004 1532 2091 quicquam
1585 2006 1960 2094 apparebat
2012 2004 2241 2073 habile
2305 2005 2387 2073 ad
2441 2006 3060 2085 commorandum,

526 2105 793 2181 praeter
841 2092 1168 2162 sacellum
1221 2107 1285 2161 et
1318 2095 1515 2182 juxta
1562 2093 1735 2162 illud
1790 2092 2176 2183 pomarium
2228 2105 2292 2161 et
2340 2105 2662 2182 stagnum
2714 2095 3064 2181 quoddam

525 2180 918 2269 parvulum,
971 2181 1153 2268 quod
1194 2181 1278 2250 de
1326 2182 1526 2269 aquis
1576 2183 1939 2260 montium,
1998 2181 2387 2271 pluviarum
2428 2195 2691 2251 tantum
2733 2197 3059 2273 tempore,

522 2281 586 2337 et
634 2269 717 2337 de
766 2292 972 2339 succo
1005 2270 1337 2359 paludum
1372 2292 1593 2356 usque
1643 2271 1713 2338 in
1761 2292 2083 2361 praesens
2113 2270 2390 2359 impleri
2425 2284 2713 2340 constat.
2763 2272 2861 2339 Ibi
2898 2294 3063 2341 con-

523 2358 787 2428 sederat
822 2359 1026 2427 homo
1076 2359 1188 2428 Dei
1238 2382 1398 2427 eum
1450 2359 1737 2449 parvula
1786 2359 2143 2429 sodalitate
2191 2381 2340 2438 sua,
2398 2360 2542 2448 spei
2575 2381 2900 2429 ancoram
2957 2362 3064 2429 in-

522 2468 897 2517 concussae
960 2446 1119 2517 lidei
1167 2447 1579 2538 adiungens,
1642 2460 1913 2519 etcum
1974 2448 2364 2538 patriarcha
2430 2462 2658 2518 nostro
2711 2449 3056 2519 Abraham

520 2558 710 2625 spem
747 2536 981 2606 cont‘ra
1031 2558 1220 2625 spem
1264 2559 1545 2625 ponens
1614 2543 2090 2607 Verumtamen
2145 2558 2226 2605 ne
2272 2537 2569 2626 pusillus
2619 2559 2781 2627 grex
2817 2537 3066 2628 despe-

519 2638 719 2705 raret,
760 2637 824 2694 et
872 2638 947 2693 ut
979 2625 1361 2694 amicorum
1413 2647 1701 2696 suorum
1749 2626 1956 2695 corda
2006 2624 2426 2706 laetificaret,
2483 2640 2549 2695 et
2595 2626 2889 2696 aemulis
2946 2628 3064 2695 de-

523 2713 810 2804 rogandi
840 2714 1268 2783 occasionem
1303 2714 1757 2793 subtraheret,
1807 2737 1975 2785 num
2013 2736 2150 2802 qua
2181 2713 2300 2783 tali
2335 2715 2402 2783 in
2458 2714 2608 2784 loco
2662 2729 2886 2804 posset
2910 2737 3065 2787 esse

517 2802 992 2882 commodita5‚
1053 2803 1198 2891 ipse
1230 2802 1649 2872 circumiens
1684 2803 2119 2872 considerare
2166 2804 2413 2892 coepit,
2448 2816 2514 2873 et
2543 2803 2725 2884 alios,
2749 2804 3067 2875 conside-

520 2912 670 2958 rare
738 2890 1103 2979 praecepit,
1160 2890 1445 2969 addens,
1500 2905 1575 2960 ut
1625 2890 1707 2959 ad
1760 2892 2296 2981 omnipotentem
2352 2897 2559 2964 Deum
2614 2891 2897 2982 assidua
2946 2892 3066 2961 fie-

519 2990 620 3047 ret
672 2992 736 3047 et
784 2979 1039 3047 intenta
1090 2980 1478 3048 orationum
1532 2979 1970 3069 supplicatiO,
2036 2993 2115 3048 ut
2166 2981 2220 3049 is
2317 2981 2659 3050 stenderet
2711 2980 2936 3049 locum
2992 2983 3062 3049 in

515 3089 654 3154 quo
694 3066 974 3136 divinus
1008 3066 1249 3136 ⁴cultus
1306 3069 1494 3136 omni
1564 3080 1699 3136 tem
1753 3089 1869 3137 ore
1915 3080 2142 3157 posset
2183 3091 2224 3158 p
2275 3070 2442 3159 ragi.
2498 3074 2805 3155 Cumque
2857 3070 3063 3139 multi

515 3155 817 3225 assiduis
882 3156 1201 3245 precibus
1270 3157 1553 3225 Domino
1613 3090 1840 3225 istiiuc
1888 3157 2474 3236 commendarent,
2538 3158 2787 3227 obnixe
2859 3157 3068 3227 bene—

516 3243 846 3334 placitum
884 3244 1251 3314 voluntatis
1283 3246 1435 3333 ejus
1475 3245 1757 3333 jejuniis
1791 3258 1854 3314 et
1885 3245 2315 3314 orationibus
2348 3247 2805 3332 exquirenteS‚
2847 3269 3063 3337 appa-

515 3333 655 3401 ruit
706 3332 982 3402 cuidam
1035 3332 1205 3403 visio
1256 3316 1618 3401 manifesta
1673 3334 1837 3404 satis
1877 3345 1941 3402 et
1987 3334 2290 3413 evidenS,
2349 3334 2606 3414 locum,
2646 3349 2712 3404 et
2765 3357 2940 3423 quae
2989 3337 3063 3404 in

513 3420 660 3490 loco
708 3434 772 3490 et
819 3421 902 3489 de
954 3421 1101 3490 loco
1149 3435 1344 3491 erant
1380 3435 1686 3499 ventura,
1754 3436 1987 3511 aperta
2037 3423 2543 3523 significatione
2590 3423 3054 3495 denuncians.

512 3515 678 3579 Nam
732 3509 1011 3590 ibidem,
1048 3509 1171 3579 ubi
1222 3532 1544 3599 praesens
1572 3511 1702 3579 sita
1731 3525 1832 3579 est
1879 3511 2193 3591 eoelesta,
2235 3512 2568 3581 Dominus
2605 3526 2834 3582 noster
2854 3518 3064 3583 Jesus

512 3600 823 3669 Christus
857 3612 1207 3685 tamquam
1247 3599 1552 3698 pendens
1584 3599 1652 3667 in
1698 3622 1901 3669 cruce
1937 3601 2121 3671 visus
2150 3613 2273 3680 est,
2317 3622 2530 3689 super
2560 3622 2765 3686 quem
2795 3613 3062 3691 septem

512 3688 677 3759 solis
728 3686 902 3756 radii
968 3687 1306 3769 mirabilis
1359 3687 1689 3757 claritatis
1747 3687 2126 3777 fulgebant,
2187 3702 2251 3757 et
2307 3711 2346 3757 a
2394 3702 2691 3776 quatuor
2744 3689 3062 3779 partibus

512 3775 880 3845 multitudo
931 3799 1183 3866 magna
1218 3779 1737 3867 peregrinorum
1772 3798 1931 3845 curn
1969 3779 2151 3866 peris
2199 3790 2264 3845 et
2312 3776 2579 3847 baculis
2613 3781 3051 3868 properabat,

509 3864 693 3950 iique
724 3865 916 3933 flexis
964 3866 1258 3954 genibus
1306 3864 1583 3934 adorato
1618 3887 1744 3934 suo
1785 3865 2258 3955 Redemptore,
2294 3878 2357 3933 et
2392 3866 2683 3956 pedibus
2717 3867 2867 3955 ejus
2894 3867 3062 3936 dato

509 3953 768 4033 oscu10,
822 3955 1022 4039 quasi
1056 3976 1174 4043 per
1215 3954 1557 4024 licentiam
1614 3954 2022 4025 recedebant
2053 3956 2414 4024 reversuri.
2474 3956 2665 4037 Quod
2715 3978 2876 4025 cum
2909 3957 3063 4025 viro

510 4042 624 4111 Dei
675 4041 1048 4111 revelatum
1089 4041 1352 4120 suisset,
1407 4043 1661 4143 gratias
1710 4044 1848 4132 egit
1889 4048 2042 4123 Dec,
2097 4043 2218 4129 qui
2268 4043 2482 4111 servis
2532 4044 2677 4111 suis
2726 4045 2895 4112 sein
2950 4068 3063 4115 ve-

511 4131 705 4200 ritate
752 4131 1268 4217 quaerentibus,
1321 4146 1384 4227 et
1418 4155 1485 4200 in
1540 4132 1673 4201 fide
1721 4146 1786 4201 et
1824 4132 2096 4220 justitia
2131 4132 2294 4202 obse
2348 4131 2696 4212 uentibu5‚
2729 4132 2813 4201 de
2857 4155 3063 4221 prae-

512 4219 725 4288 teritis
775 4220 892 4289 dat
930 4219 1283 4300 fiduciam,
1336 4234 1400 4289 et
1447 4222 1530 4290 de
1580 4222 1833 4290 suturis
1863 4234 2120 4289 secreta
2167 4242 2317 4289 reve
2349 4221 2576 4289 atione
2611 4220 2945 4290 notitiam.
2983 4228 3064 4292 Et

509 4320 658 4398 post
694 4308 861 4378 haec
894 4308 1269 4378 exhilarata
1317 4309 1510 4390 facie,
1548 4322 1907 4400 assumpta
1940 4309 2219 4390 fiducia,
2256 4310 2453 4398 «Eja,
2494 4310 2741 4396 inquit,
2783 4308 3054 4389 fratreS,

510 4399 616 4487 eja
675 4396 919 4468 fratres
975 4397 1442 4469 dilectissimi:
1510 4398 1956 4489 accingimini
2005 4412 2069 4468 et
2116 4410 2325 4469 estote
2377 4399 2501 4467 viri
2566 4399 2805 4467 fortes:
2861 4399 3060 4471 vobis
