3357 4995
164 324 349 392 JUNII
396 326 422 387 l
972 342 1051 389 nr.
1098 342 1154 389 s.
1209 341 1482 389 smssomz
1528 341 1833 391 uoNAcno
2509 324 2581 390 31

170 440 448 497 canerent
526 447 714 496 unus
792 446 877 494 ne
932 424 1252 525 ligentior
1318 425 1694 497 dormitare
1769 425 2015 515 coepit.
2093 426 2223 509 Qui
2295 427 2490 516 gravi
2577 427 2694 496 de-

170 537 408 605 pressus
455 536 728 595 somn0,
768 536 858 583 au
914 516 1031 583 ivit
1078 514 1281 601 quasi
1327 513 1618 585 coelitus
1665 515 2017 604 ingentem
2059 514 2364 585 sonitum
2413 536 2493 585 eo
2541 515 2691 586 loco

166 605 431 674 existere.
488 608 639 687 Quo
686 602 988 684 terrimS,
1029 602 1186 673 aliis
1233 604 1695 675 excitantibus
1725 616 1828 675 est
1872 602 2413 695 expergefactus.
2458 605 2691 675 Oculis

164 714 288 763 vero
329 693 612 782 apertis,
667 691 779 761 vix
825 713 1105 761 sensum
1157 693 1434 784 recepit:
1488 692 1610 762 sed
1661 714 1785 783 per
1825 691 2094 779 aliquot
2154 693 2361 762 horas
2408 691 2693 782 linguae

159 780 429 851 officium
481 779 812 871 perdidit.
855 779 1261 852 Admonitus
1307 803 1382 852 er
1431 803 1472 852 o
1519 782 1608 852 ab
1651 781 1833 863 aliis,
1886 794 1964 851 ut
2009 802 2226 868 quam
2275 801 2413 851 non
2466 794 2694 869 posset

155 891 491 950 sermone,
545 867 1048 940 confessionem
1111 869 1317 940 corde
1379 804 1667 951 ficeret,
1723 884 1882 941 ante
1930 870 2334 970 sepulcrum
2396 868 2524 938 viri
2574 869 2693 938 Dei

153 959 395 1029 veniam
449 958 1055 1049 postulaupectus
1101 958 1354 1040 tundit,
1409 958 1615 1047 atque
1662 959 1817 1049 ejus
1866 958 2131 1029 meritis
2179 958 2691 1028 absolutionem

151 1045 409 1138 linguae
457 1046 783 1128 obtinuit,
834 1058 898 1116 et
943 1068 1121 1134 quae
1167 1048 1303 1137 ipsi
1348 1048 1814 1139 contigerant,
1861 1047 2189 1117 narravit.
2230 1051 2538 1134 Cumque
2581 1068 2693 1117 ea-

147 1135 284 1205 dem
330 1135 751 1207 accidissent
797 1134 1047 1205 iterum
1087 1135 1481 1219 dormienti,
1520 1137 1854 1208 omnibus
1888 1135 2107 1205 nimio
2148 1135 2529 1226 perterritis
2560 1148 2693 1205 ter-

145 1246 303 1304 rore,
353 1237 549 1294 extra
608 1222 853 1294 cellam
904 1224 991 1293 ad
1044 1224 1251 1313 pedes
1298 1225 1429 1296 viri
1477 1226 1593 1295 Dei
1643 1224 1939 1316 psallere
1991 1223 2274 1313 placuit.
2333 1223 2692 1294 Credimus

144 1313 477 1400 siquidem
527 1312 911 1403 angelicam
954 1312 1415 1384 visitationem
1463 1314 1631 1384 illuc
1663 1313 2068 1394 advenisse,
2120 1333 2333 1400 quam
2370 1312 2690 1397 mortalia

143 1423 422 1491 corpora
469 1401 643 1471 ferre
691 1422 829 1470 non
879 1415 1181 1491 possent.
1861 1406 1868 1417 '

217 1493 254 1578 ἓ
296 1496 447 1564 15.
499 1489 881 1579 Trigesimo
913 1489 1165 1560 deinde
1212 1489 1342 1559 viri
1390 1490 1506 1559 Dei
1560 1490 1903 1561 Simeonis
1951 1489 2087 1571 die,
2143 1488 2409 1560 multus
2512 1511 2690 1580 opu-

142 1578 240 1648 lus
285 1601 452 1649 cum
491 1577 709 1649 cereis
757 1589 962 1666 atque
1008 1578 1167 1651 aliis
1214 1577 1419 1650 donis
1465 1578 1552 1648 ad
1602 1579 2009 1670 sepulcrum
2047 1578 2275 1668 coepit
2309 1600 2437 1648 con
2499 1600 2685 1649 uere.

141 1667 478 1749 Quaedam
548 1688 729 1737 anus
776 1666 861 1736 de
906 1667 1224 1748 civitate,
1292 1667 1532 1739 multis
1578 1668 1785 1737 annis
1832 1689 2044 1739 curva
2075 1720 2091 1748 ,
2167 1679 2245 1737 ut
2291 1688 2365 1737 se
2413 1668 2690 1757 penitus

139 1755 386 1847 erigere
438 1776 575 1824 non
628 1767 883 1845 posset,
931 1777 1093 1825 cum
1146 1755 1413 1843 reliqua
1463 1754 1912 1825 multitudine
1952 1755 2252 1837 advenit,
2289 1769 2354 1825 et
2402 1756 2690 1827 caeteris

140 1844 667 1914 ascendentibus
713 1844 801 1913 ad
850 1844 1249 1944 sepulcrum
1303 1844 1430 1913 viri
1480 1844 1619 1924 Dei,
1673 1857 1741 1914 et
1788 1844 1963 1934 ipsa,
2004 1844 2062 1913 si
2111 1844 2486 1915 ascendere
2527 1865 2687 1935 pos-

141 1944 251 2015 set,
306 1934 617 2003 tentavit.
664 1936 896 2002 Erecta
931 1933 1146 2023 igitur
1183 1946 1318 2003 toto
1357 1953 1644 2024 corpore
1681 1933 2018 2014 ascendit,
2059 1933 2204 2003 viro
2236 1934 2352 2003 Dei
2380 1932 2680 2002 Simebni

142 2024 390 2110 gratias
440 2020 764 2099 reddidit,
816 2022 1058 2109 'sicque
1105 2022 1547 2104 mirantibus,
1600 2022 1723 2108 qui
1771 2043 1924 2091 eam
1976 2034 2328 2103 noverant,
2382 2021 2677 2099 civibus,

142 2132 301 2180 sana
329 2123 399 2180 et
438 2108 813 2181 incolumis
860 2109 1148 2180 domum
1187 2111 1535 2180 remeavit.
1577 2110 1773 2181 Multi
1810 2111 2017 2180 etiam
2067 2110 2189 2180 alii
2238 2110 2445 2180 variis
2493 2109 2691 2180 dolo-

139 2199 323 2269 ribus
362 2211 433 2269 et
480 2197 742 2295 morbis
789 2199 1036 2279 affecti,
1087 2221 1167 2270 eo
1215 2200 1367 2290 ipso
1415 2198 1527 2269 die
1577 2212 1743 2269 sunt
1781 2199 2078 2269 liberati.
2127 2204 2220 2270 Ex
2270 2220 2351 2269 eo
2384 2211 2692 2288 tempore

139 2287 533 2378 sepulcrum
600 2288 728 2355 virt
789 2286 904 2356 Dei
964 2288 1267 2379 populus
1328 2300 1694 2358 veneratur
1756 2299 1822 2357 et
1879 2287 2137 2359 invisit.
2217 2292 2385 2359 Cum
2455 2299 2688 2358 autem

142 2375 544 2446 commodus
591 2397 926 2446 ascensus
973 2378 1043 2445 in
1093 2376 1410 2446 aedificio
1461 2376 1673 2447 turris
1737 2388 2128 2534 lpararetur,
2182 2376 2538 2464 quoddam
2602 2375 2686 2444 li·

146 2486 351 2553 gnum
402 2487 446 2535 a
494 2463 734 2535 multis
787 2463 1214 2536 trahebatur:
1271 2478 1337 2536 et
1380 2487 1541 2535 cum
1579 2465 1651 2535 in
1691 2486 1731 2535 a
1763 2478 1908 2535 tum
1936 2465 2084 2556 jam
2121 2476 2302 2537 esset
2335 2464 2691 2536 sublatum

143 2567 330 2644 rupto
380 2553 571 2634 fune,
627 2552 1090 2635 multitudini,
1127 2577 1305 2643 quae
1353 2567 1765 2625 convenerat
1801 2567 1868 2626 et
1913 2554 2164 2624 subtus
2212 2553 2459 2634 stabat,
2498 2574 2684 2623 mor-

146 2655 265 2711 tem
315 2642 545 2732 coepit
605 2641 882 2710 minari.
937 2644 1286 2715 Exterritis
1333 2643 1696 2724 omnibuS,
1751 2654 2002 2731 atque:
2057 2643 2162 2711 vir
2210 2642 2328 2711 Dei
2377 2642 2679 2718 Simeon,

148 2729 388 2820 adjuva
439 2752 609 2800 nos:
665 2729 1229 2804 inclamantibus,
1283 2731 1603 2802 mirabile
1662 2731 1879 2813 dictu,
1933 2731 2135 2819 quasi
2184 2730 2512 2800 manibus
2572 2752 2691 2800 su-

146 2831 570 2900 stentaretur,
639 2819 1039 2890 fluctuando
1088 2820 1450 2910 paullatim
1501 2820 1898 2911 deponitur,
1968 2831 2175 2907 atque
2241 2817 2692 2890 multitudine

148 2908 492 2995 perterrita
539 2908 866 2996 utrinque
928 2907 1155 2978 locum
1207 2908 1414 2979 dante
1444 2963 1459 2989 ,
1512 2909 1596 2979 ad
1651 2920 1905 2980 terram
1954 2909 2106 2978 sine
2161 2906 2473 3000 periculo
2522 2907 2692 2979 sub-

148 2995 449 3066 mittitur.
512 2995 644 3080 Qui
710 2995 1098 3086 periculum
1145 3009 1534 3079 evaserunt,
1588 2996 1858 3069 Christo
1906 2996 2152 3068 laudes
2218 2995 2572 3079 referunt,
2627 3007 2693 3065 et

151 3083 439 3155 Simeoni
487 3085 659 3155 tanti
706 3084 1027 3156 miraculi
1078 3086 1396 3157 ministro
1443 3084 1702 3177 gratias
1732 3085 2057 3156 reddunt.

224 3175 261 3259 ξ
306 3179 458 3246 ίθ.
513 3174 639 3243 Hic
686 3173 827 3244 duo
878 3173 1213 3244 miracula
1250 3175 1523 3266 ,placuit
1570 3174 1873 3245 inserere
1903 3230 1918 3255 ,
1990 3195 2169 3262 quae
2219 3174 2428 3244 iidem
2488 3173 2623 3264 ipsi
2662 3229 2678 3253 ,

150 3261 256 3344 qui
300 3263 525 3354 sanati
574 3275 760 3343 sunt,
807 3262 1262 3333 testificantur
1309 3264 1380 3333 in
1427 3264 1580 3352 ejus
1630 3263 1766 3333 vita
1812 3285 1963 3335 esse
2016 3274 2306 3354 patrata.
2358 3267 2529 3333 Cum
2563 3284 2690 3353 per

152 3345 421 3439 longum
471 3365 746 3441 tempus
793 3351 1136 3439 quaedam
1169 3351 1470 3422 foemina
1518 3352 1664 3421 acri
1711 3351 2025 3443 corporis
2074 3350 2512 3442 aegritudine
2576 3372 2691 3420 ve-

154 3451 432 3519 xaretur,
481 3452 549 3509 et
599 3461 761 3528 prae
808 3440 1029 3509 nimia
1078 3440 1467 3510 valetudine
1506 3440 1873 3511 oculorum
1924 3441 2080 3510 visu
2125 3440 2412 3510 omnino
2462 3440 2694 3530 priva-

156 3538 348 3623 retur,
397 3527 703 3627 quadam
754 3542 950 3612 nocte
1000 3529 1068 3598 in
1120 3529 1387 3601 somnis
1434 3529 1872 3610 admonetur,
1930 3530 1988 3598 si
2038 3528 2124 3599 de
2155 3529 2374 3599 manu
2403 3527 2533 3598 viri
2572 3528 2691 3598 Dei

155 3616 476 3711 Simeonis
522 3616 757 3686 cibum
806 3628 1109 3687 sumeret
1136 3618 1225 3688 ab
1265 3616 1386 3687 illo
1416 3617 1656 3688 morbo
1690 3617 1977 3687 liberam
2015 3617 2240 3708 ipsam
2284 3617 2451 3687 fore.
2498 3621 2693 3686 Mane

162 3721 370 3771 virum
420 3705 820 3796 interrogat,
873 3706 1034 3793 quis
1083 3706 1356 3777 Simeon
1406 3705 1524 3776 ille
1570 3706 1694 3776 sit?
1728 3706 1947 3776 Saluti
1976 3706 2213 3776 uxoris
2247 3705 2694 3796 congaudens

157 3792 452 3873 maritus,
488 3794 716 3892 coepit
760 3793 884 3862 dili
933 3806 1126 3864 enter
1170 3794 1520 3882 inquirere
1567 3795 1655 3864 de
1704 3794 1850 3864 viro
1889 3794 2005 3864 Dei
2038 3795 2379 3864 simeone.
2419 3793 2692 3865 Dictum

161 3891 250 3948 est
291 3894 517 3952 autem
566 3904 630 3952 ei
668 3904 706 3950 a
737 3903 875 3969 quo
928 3904 1040 3952 am
1091 3882 1465 3954 Gothelone
1512 3882 1789 3966 clericO,
1833 3884 1999 3971 quia
2038 3884 2098 3952 is
2135 3896 2336 3964 esset,
2369 3882 2492 3970 qui
2530 3904 2690 3952 cum

160 3962 421 4066 domino
471 3972 806 4061 Episcopo
853 3971 937 4040 de
981 3971 1434 4064 Jerosolymis
1467 3973 1788 4044 venisset.
1831 3977 1964 4042 Deo
1997 3972 2257 4074 gratias
2290 3971 2406 4042 ille
2448 3970 2677 4048 refert,

164 4072 476 4151 visionem
529 4081 694 4130 suae
741 4060 974 4129 uxoris
1024 4060 1265 4144 refert,
1317 4074 1382 4131 et
1446 4071 1524 4130 ut
1570 4060 1657 4131 de
1705 4082 1922 4131 manu
1959 4082 2113 4149 ejus
2160 4059 2398 4131 cibum
2446 4079 2693 4149 capere

162 4158 217 4240 εξ
257 4143 475 4227 liceat,
528 4146 880 4218 humiliter
921 4160 1258 4239 precatur.
1278 4140 1602 4221 ‘Clericus
1651 4171 1775 4241 per
1819 4149 2136 4220 ordinem
2174 4150 2319 4219 viro
2354 4148 2469 4218 Dei
2505 4168 2686 4216 nun-

166 4245 309 4313 ciat,
358 4249 423 4304 et
469 4236 651 4323 quod
703 4238 1082 4326 petebatur,
1138 4251 1216 4309 ut
1262 4237 1570 4328 impleat,
1613 4238 1914 4309 multum
1953 4249 2185 4328 rogat,
2224 4237 2343 4308 sed
2400 4237 2510 4306 vix
2559 4236 2691 4304 im-

170 4331 390 4400 oetrat.
446 4327 612 4393 Cum
657 4339 818 4416 ergo
866 4347 1112 4416 panem
1163 4339 1229 4397 et
1269 4326 1629 4417 piscem,‘a
1672 4328 1818 4397 viro
1853 4327 1969 4396 Dei
2002 4349 2164 4396 cum
2213 4325 2692 4398 benedictione

170 4411 657 4495 transmissum,
686 4414 835 4504 jam
867 4415 1227 4507 desperata
1273 4429 1338 4486 et
1387 4437 1563 4507 pene
1612 4430 1888 4489 mortua
1939 4414 2192 4485 mulier
2241 4413 2682 4503 suscepisset,
