3357 4995
724 327 855 391 422
1365 357 1371 364 ·
1464 342 1541 389 1)ss
1588 342 1644 397 s.
1699 342 2022 389 turnilann
2083 339 2336 388 vinem
2826 319 3040 388 JUNII
3094 325 3181 388 16

640 428 756 498 fati
810 429 934 497 ari.
976 426 1320 496 Elizabeth
1370 438 1622 507 autem,
1662 448 1863 514 quae,
1894 439 1970 495 ut
1998 425 2324 505 diximuS,
2367 445 2504 494 non
2540 425 2764 496 solum
2788 426 3030 497 crebro
3057 427 3186 496 ad-

640 540 753 587 mo
806 538 924 587 um
956 516 1155 586 edere
1184 515 1579 604 cogebatur,
1625 515 1742 585 sed
1773 539 1851 586 ea
1875 517 2078 585 etiam
2114 527 2257 590 erat
2298 515 2549 583 virium
2582 514 3072 596 imbecillitate,
3103 531 3188 587 ut

644 605 837 675 nullo
869 605 1071 675 modo
1102 605 1395 694 pedibus
1429 604 1801 675 subsistere
1850 617 2098 694 posset,
2148 603 2264 673 sed
2316 614 2644 692 perpetuo
2693 603 3178 674 decumberet:

639 705 916 785 experta
966 693 1328 784 Lutgardis
1376 693 1719 775 virtutem,
1764 717 1923 763 cum
1962 693 2179 762 multa
2203 693 2527 761 instantia
2577 693 2840 783 rogavit
2885 715 3063 775 eam,
3103 707 3187 764 ut

641 807 679 852 a
735 785 1023 853 Domino
1082 784 1217 872 ipsi
1265 783 1661 872 impetraret
1718 783 1895 851 vires
1951 782 2281 872 surgendi
2327 803 2364 849 e
2412 780 2622 861 lecte,
2675 795 2744 851 et
2800 803 2960 850 cum
3021 783 3183 852 aliis

642 871 938 942 faciendi
986 893 1161 958 quae
1190 870 1504 940 facienda
1549 885 1798 952 essent,
1845 893 1980 957 quo
2022 871 2118 938 sic
2170 882 2327 940 ante
2374 871 2546 940 vitae
2587 892 2751 939 suae
2809 870 3017 940 finem
3055 876 3185 942 Do·-

639 962 832 1031 mino
879 962 1054 1029 Jesu
1104 961 1366 1030 Christo
1400 958 1674 1050 plenius
1705 961 1957 1029 servire
2004 972 2252 1049 posset.
2293 960 2575 1048 Rogavit
2605 980 2766 1049 ergo
2801 959 2922 1029 illa
2955 962 3182 1030 Domi-

642 1071 838 1130 num,
891 1050 1008 1136 qui
1042 1049 1104 1118 ei
1139 1050 1206 1116 in
1241 1049 1407 1118 haec
1442 1050 1646 1118 verba
1678 1048 2032 1139 respondit
2064 1072 2076 1114 :
2133 1049 2427 1128 Elevare‚
2466 1048 2727 1117 elevare
2776 1048 2922 1117 filia
2974 1054 3181 1119 Jeru—

641 1138 881 1220 salem,
935 1160 1111 1224 quae
1168 1137 1399 1207 bibisti
1459 1137 1541 1206 de
1605 1160 1817 1207 manu
1868 1138 2134 1206 Domini
2182 1136 2464 1206 calicem
2525 1137 2666 1205 irae
2720 1137 2892 1227 ejuS.
2961 1143 3035 1207 Et
3084 1140 3181 1209 ita

635 1226 892 1297 factum
929 1239 1051 1306 est,
1107 1239 1181 1295 ut
1233 1226 1563 1295 Dominus
1592 1227 1725 1296 ait:
1765 1226 2034 1296 Elevata
2067 1227 2252 1294 enim
2284 1225 2400 1294 illa
2451 1239 2554 1295 est
2596 1248 2634 1294 e
2674 1225 2847 1296 lecto
2877 1227 3177 1317 aegritu-

640 1316 824 1385 dinis
873 1338 1061 1396 suae,
1099 1316 1166 1384 in
1216 1337 1351 1402 quo
1394 1314 1704 1401 ¹jacuerat
1743 1317 1886 1403 jam
1943 1315 2179 1384 multis
2228 1315 2452 1394 annis,
2507 1317 2801 1384 surrexit
2834 1315 3178 1386 indefessa

639 1404 725 1473 ad
761 1404 1037 1472 serenda
1077 1426 1281 1473 onera
1317 1403 1593 1473 Ordinis
1623 1405 1757 1482 sui,
1802 1417 1865 1472 et
1913 1402 2409 1494 perfectissima
2448 1404 2738 1473 sanitate
2785 1404 2907 1473 diu
2942 1417 3180 1494 postea

639 1492 901 1564 Christo
936 1494 1219 1562 Domino
1268 1493 1562 1562 servivit.

725 1584 959 1666 §2ss
1021 1583 1367 1671 cogitabat
1416 1581 1832 1668 quandoque
1899 1581 1983 1649 de
2043 1604 2121 1652 eo
2182 1583 2302 1668 qui
2352 1580 2557 1650 talem
2606 1603 2645 1650 a
2742 1582 3178 1651 eccatoribus

640 1670 1058 1739 sustinueret
1091 1671 1551 1752 afflictionem,
1588 1672 1896 1757 miroque
1929 1671 2356 1739 inflammata
2393 1682 2494 1739 est
2527 1669 2671 1738 desi
2727 1671 2863 1740 erio
2898 1670 3177 1740 Christo
3229 1685 3235 1690 ’

638 1758 856 1828 vicem
894 1759 1247 1840 reddendi,
1285 1774 1349 1827 et
1400 1781 1519 1848 pro
1558 1758 1676 1829 illo
1708 1760 2115 1847 martyrium
2146 1759 2470 1828 obeundi.
2527 1758 2654 1828 Sed
2703 1759 2866 1846 quia
2896 1772 3180 1848 tempus

638 1849 953 1934 martyrii
1002 1847 1184 1916 velut
1211 1850 1452 1936 hyems
1478 1849 1621 1935 jam
1659 1850 2041 1926 transierat,
2086 1849 2307 1917 imber
2355 1848 2616 1917 abierat
2667 1861 2732 1917 et
2773 1861 3170 1929 recesserat,

639 1935 949 2006 Christus
1009 1937 1197 2005 aliud
1258 1959 1476 2026 genus
1530 1938 1736 2006 etiam
1807 1937 2182 2026 corporalis
2231 1936 2541 2025 martyrii
2605 1937 2667 2006 ei
2717 1937 3172 2027 praeparavit.

638 2025 897 2094 Accidit
927 2026 1139 2114 igitur
1171 2038 1366 2095 nocte
1403 2026 1729 2112 quadam,
1759 2039 1836 2096 ut
1866 2026 2177 2096 absoluto
2210 2025 2684 2115 Completorio‚
2727 2038 2884 2094 ante
2919 2025 3172 2096 lectum

637 2135 844 2182 suum
894 2126 1100 2183 staret
1149 2115 1215 2183 in
1258 2115 1656 2184 dormitorio
1707 2115 2027 2204 precibus
2056 2126 2411 2203 occupata.
2467 2114 2568 2184 Ibi
2605 2127 2749 2184 tum
2795 2115 2970 2182 miro
2999 2136 3176 2201 quo·

637 2202 794 2271 dam
830 2216 894 2270 et
922 2203 1249 2271 ineffabili
1277 2203 1481 2272 modo
1514 2205 1736 2293 coepit
1764 2204 2176 2282 desiderare,
2221 2216 2297 2272 ut
2338 2204 2554 2272 instar
2576 2203 2852 2293 Agnetis
2884 2204 2988 2272 vir
3039 2204 3175 2272 inis

637 2304 864 2379 posset
911 2314 1034 2381 pro
1089 2291 1350 2362 Christo
1398 2294 1808 2382 sanguinem
1884 2314 2087 2362 suum
2139 2291 2444 2361 sundere.
2514 2297 2819 2378 Cumque
2866 2313 2945 2359 eo
3043 2292 3174 2360 esi-

638 2379 828 2448 derio
876 2380 1268 2467 usqueadeo
1308 2380 1595 2462 arderet,
1648 2395 1726 2450 ut
1766 2382 1910 2469 jam
1947 2402 2018 2449 se
2073 2381 2478 2450 morituram
2520 2402 2682 2470 prae
2729 2381 2879 2469 ejus
2933 2380 3177 2450 ardore

635 2469 1076 2551 existimaret,
1123 2482 1324 2561 rupta
1371 2482 1471 2540 est
1522 2493 1713 2552 vena,
1766 2491 1942 2557 quae
1990 2470 2412 2541 extrinsecus
2458 2469 2649 2540 cordi
2681 2469 2996 2560 opposita
3044 2481 3169 2539 est.

638 2559 806 2627 Inde
855 2581 1008 2628 vero
1075 2572 1208 2628 tarn
1282 2559 1540 2629 multus
1589 2560 1967 2628 dimanavit
2023 2582 2142 2630 san
2197 2561 2349 2639 uiS,
2413 2573 2488 2629 ut
2538 2559 2809 2628 tunicae
2881 2560 3031 2648 ejus
3113 2573 3180 2628 et

636 2647 955 2718 cucullus
986 2670 1062 2717 eo
1103 2648 1378 2717 abunde
1408 2648 1781 2718 maderent.
1821 2654 2056 2734 Itaque
2085 2649 2169 2717 de
2222 2648 2458 2727 ilitata,
2498 2648 2858 2738 paululum
2893 2647 3171 2727 resedit,

636 2757 930 2822 moxque
979 2738 1285 2807 Christus
1333 2736 1436 2805 illi
1475 2737 1799 2827 apparuit
1854 2736 2050 2806 vultu
2097 2737 2628 2825 gratulabundO,
2690 2749 2754 2805 et
2802 2737 2940 2806 ait:
2988 2741 3178 2805 «Pro

637 2824 1135 2895 ferventissimo
1184 2825 1497 2914 martyrii
1538 2825 1914 2903 desiderio,
1968 2827 2148 2912 quod
2208 2827 2275 2893 in
2328 2826 2691 2916 sanguinis
2739 2826 2950 2925 hujus
3003 2826 3180 2895 ess'u-

638 2914 828 2982 sione
876 2914 1217 2993 habuisti,
1287 2915 1463 2982 idem
1532 2936 1692 2982 cum
1734 2914 2128 2984 beatissima
2168 2920 2417 3004 Agnete
2478 2928 2775 3003 martyre
2834 2937 2904 2982 in
2964 2914 3180 2985 coelis

636 3005 1017 3090 praemium
1090 3005 1551 3089 consequeris
1608 3004 1770 3093 Ejus
1818 3004 2002 3072 enim
2062 3005 2470 3092 martyrium
2524 3016 2641 3074 tuo
2706 3003 3046 3074 desiderio
3103 3004 3176 3070 in

636 3093 971 3179 sanguine
1011 3093 1563 3180 compensasti.»
1621 3097 1671 3160 Ο
1731 3114 1883 3161 vere
1952 3092 2418 3162 beatissimam
2479 3091 2892 3171 foeminam,
2958 3114 3176 3177 quam

636 3178 944 3249 Christus
992 3181 1138 3269 ipse
1187 3181 1376 3269 pacis
1412 3195 1714 3270 tempore
1762 3184 2014 3250 corona
2061 3182 2372 3269 martyrii
2413 3181 2695 3269 dignam
2733 3180 3174 3270 praedicavit.

638 3269 797 3355 Ejus
831 3269 927 3337 rei
962 3281 1160 3337 testes
1209 3268 1417 3349 fuere,
1453 3291 1628 3356 quae
1661 3272 1812 3356 ejus
1846 3270 2158 3340 laverunt
2197 3283 2435 3339 vestes.
2477 3270 2691 3339 Testis
2732 3270 2861 3338 fuit
2888 3270 3178 3338 cicatrix

632 3369 875 3455 ruptae
925 3379 1153 3437 venae,
1215 3379 1390 3443 quae
1437 3358 1503 3426 in
1547 3381 1627 3427 ea
1692 3359 2067 3447 permansit
2114 3358 2197 3427 ad
2249 3380 2406 3428 eum
2477 3380 2696 3444 usque
2736 3358 2915 3428 diem
2954 3414 2968 3437 ,
3036 3380 3180 3444 quo

634 3444 793 3512 felix
825 3446 973 3534 ejus
1013 3448 1248 3513 anima
1303 3446 1388 3515 ab
1430 3447 1556 3516 hac
1607 3446 1760 3516 luce
1818 3448 2155 3536 migravit.
2228 3453 2454 3516 Annos
2518 3460 2683 3516 tunc
2733 3448 2977 3517 habuit
3024 3461 3181 3516 octo

637 3555 847 3623 supra
889 3535 1152 3623 viginti,
1205 3536 1483 3621 quando
1531 3537 1696 3606 haec
1731 3536 1794 3605 ei
1833 3537 2290 3626 contigerunt.

719 3627 754 3707 ,ξ
805 3627 949 3694 22.
1004 3624 1414 3693 Machtilidis
1450 3639 1760 3694 matrona
1804 3624 2083 3706 nobiliS‚
2121 3646 2199 3693 ex
2241 3624 2579 3694 territorio
2619 3624 2972 3693 Leodiensi
3000 3636 3176 3703 orta,

638 3708 816 3780 filios
848 3712 1099 3781 milites
1148 3713 1473 3783 haeredes
1508 3713 1928 3800 relinquenS,
1969 3714 2036 3781 in
2086 3712 2403 3800 Aqfflriae
2437 3714 2853 3783 monasterio
2890 3714 3182 3782 Domino

638 3799 993 3869 serviebat.
1036 3806 1123 3869 Ea
1164 3802 1309 3887 jam
1359 3817 1424 3872 et
1474 3804 1663 3873 senio
1713 3815 1777 3871 et
1827 3803 2078 3871 virium
2129 3802 2533 3893 infirmitate
2582 3801 2911 3882 confecta,
2964 3803 3185 3871 surda

634 3909 920 3977 prorsus
954 3903 1117 3960 erat.
1157 3897 1319 3960 Cum
1355 3904 1583 3961 autem
1634 3891 1747 3960 die
1793 3892 2092 3977 quodam
2144 3891 2437 3960 solemni
2473 3891 2809 3961 moniales
2839 3890 2978 3960 alta
3016 3914 3184 3962 voce

633 3992 995 4075 canerent,
1051 3980 1257 4066 idque
1318 3981 1516 4069 signo
1565 3980 1864 4065 quodam
1920 4003 2060 4051 una
2107 4002 2184 4049 ex
2243 3980 2665 4050 monialibus
2713 3980 2877 4049 huic
2926 3981 3184 4049 surdae

633 4067 969 4136 indicaret
1044 4082 1247 4155 atque
1295 4069 1415 4137 illa
1465 4069 1744 4158 signum
1796 4069 2224 4159 intelligens,
2280 4092 2477 4139 suam
2533 4068 2831 4158 ploraret
2877 4068 3183 4138 surdita-

634 4166 794 4236 tem,
840 4156 953 4245 pia
1002 4158 1363 4245 Lutgardis
1403 4156 1489 4225 ad
1530 4179 1680 4226 eam
1717 4159 2000 4237 accedit,
2044 4171 2237 4247 rogat
2268 4180 2395 4227 cur
2426 4158 2666 4249 ploret.
2715 4163 2791 4227 Et
2818 4158 2962 4237 illa,
3007 4164 3174 4249 Ego.

634 4244 860 4330 inquit
908 4246 1297 4315 miserrima
1349 4245 1581 4335 lugere
1618 4269 1751 4316 non
1804 4247 2016 4317 debeo
2048 4268 2224 4333 quae
2254 4248 2425 4316 adeo
2463 4246 2804 4316 obsurdui
2850 4258 2927 4315 ut
2966 4246 3182 4317 etiam

634 4333 1010 4403 solemnem
1071 4346 1376 4415 cantum,
1429 4356 1566 4422 quo
1619 4340 1799 4405 Deus
1847 4336 2119 4415 colitur,
2174 4336 2417 4406 audire
2457 4357 2592 4407 non
2663 4335 2976 4425 possim?
3031 4342 3182 4405 Mox

636 4422 998 4513 Lutgardis
1053 4423 1202 4511 ejus
1270 4424 1569 4504 miserta,
1624 4424 1708 4493 ad
1762 4446 1996 4513 preces
2045 4446 2419 4516 parumper
2486 4448 2559 4495 se
2628 4424 2959 4495 inclinat:
3019 4425 3185 4495 inde
