3357 4995
741 319 867 383 ΗΟ
1293 335 1372 381 na
1418 335 1475 382 s.
1528 332 1871 382 rammsco
1918 332 2301 386 cAnAcc1oLo
2348 335 2531 384 conr.
2875 320 3108 386 JUNII
3162 324 3205 387 t
3297 353 3300 480 1

642 434 1007 511 postquam
1039 419 1125 488 ad
1155 418 1417 489 dictum
1467 417 1803 509 oppidum
1858 432 2281 508 pervenerat,
2338 420 2406 488 in
2461 419 2665 490 domo
2713 426 2988 491 Patrum
3030 427 3212 493 Ora·

644 509 823 592 torii,
858 531 897 578 a
943 509 1200 595 quibus
1248 507 1546 598 hospitio
1595 520 1910 596 receptus
1959 506 2204 589 fuerat,
2257 509 2328 577 in
2379 508 2626 579 febrim
2662 509 2877 579 levem
2906 510 3202 593 incidit.
3295 483 3300 570 l

640 620 818 686 quae
863 597 1111 667 deinde
1157 597 1411 686 gravis,
1452 609 1519 667 et
1567 596 1909 686 pessimae
1949 594 2202 666 indolis
2242 597 2479 668 evasit.
2512 597 2867 689 Extemplo
2916 621 3042 690 per
3073 624 3207 691 ge·
3299 591 3300 654 ἶ

578 676 616 722 ⁸
640 686 942 757 neralem
976 685 1507 776 exomologesim
1534 684 1996 756 conscientiae
2022 706 2189 755 suae
2221 685 2633 756 munditiem
2662 709 2917 778 augere
2943 687 3205 769 voluit:
3299 707 3300 750 1

642 773 789 846 tfim
837 785 1352 846 sacrosanctum
1404 773 1652 843 Christi
1703 777 1987 862 Corpus,
2017 774 2143 842 etsi
2189 773 2450 846 viribus
2483 776 2770 845 omnino
2800 775 2937 846 fere
2976 776 3209 848 desti·
3299 809 3300 814 ¹

640 876 852 947 tutuS,
893 886 935 933 e
981 862 1231 933 lectulo
1263 874 1491 933 tamen
1545 861 1937 952 prosilienS,
1978 873 2044 932 et
2091 863 2522 952 genuflexus,
2569 863 2914 955 singulari
2940 865 3210 955 pietate
3299 917 3300 920 ,

640 967 846 1041 atque
890 952 1107 1022 animi
1146 951 1411 1021 fervore
1459 950 1746 1041 accepit.
1801 950 2118 1022 Alumnis
2164 952 2313 1021 suis
2359 953 2722 1042 epistolam
2773 953 3203 1025 mittendam
3301 965 3302 968 ’

641 1042 942 1122 dictavit,
993 1063 1133 1129 qua
1164 1039 1437 1111 eosdem
1487 1038 1576 1108 ad
1623 1038 1965 1130 regularis
2003 1039 2440 1129 disciplinae,
2471 1042 2929 1128 omniumque
2970 1043 3207 1114 virtu-

643 1145 789 1202 tum
839 1150 1143 1200 amorem
1194 1127 1709 1198 adhortabatur.
1778 1132 2300 1218 Ingravescente
2351 1131 2614 1208 morbo,
2669 1143 3010 1200 extremae
3055 1154 3202 1202 un-

642 1219 892 1289 ctionis
940 1229 1371 1306 sacramento
1420 1218 1774 1297 munitus,
1846 1217 2119 1307 insigne
2169 1217 2558 1307 patientiae,
2621 1217 3075 1299 fortitudinis,
3129 1235 3205 1292 et

640 1307 1083 1378 firmissimae
1123 1307 1192 1375 in
1229 1310 1441 1376 Deum
1493 1306 1638 1396 spei
1676 1306 2070 1395 exemplum
2121 1306 2479 1396 praebens,
2523 1306 2726 1377 modo
2772 1313 2941 1377 Jesu
2992 1309 3199 1379 Chri·

642 1398 754 1476 sti,
797 1395 1001 1465 modo
1050 1393 1489 1465 Beatissimae
1538 1395 1860 1484 VirginiS‚
1906 1416 2115 1482 quam
2176 1416 2452 1465 summo
2501 1417 2774 1486 semper
2820 1411 3202 1467 veneratus

642 1485 864 1555 fuerat
892 1483 1245 1570 obsequio,
1284 1504 1363 1551 ac
1412 1487 1818 1553 Sanctorum
1853 1503 1925 1552 se
1949 1483 2448 1554 commendans
2477 1486 2880 1575 patrocinio,
2912 1485 3001 1554 ad
3029 1509 3200 1556 coe-

642 1575 788 1644 lum
831 1595 905 1644 se
934 1594 1217 1663 pergere
1264 1570 1644 1651 affirmans,
1682 1572 1750 1640 in
1781 1570 2139 1662 pervigilio
2164 1572 2620 1642 solemnitatis
2643 1573 2964 1663 Corporis
2995 1575 3198 1644 Chri-

643 1664 752 1742 sti,
806 1662 1122 1732 dilectam
1177 1665 1309 1730 Deo
1342 1673 1408 1730 et
1439 1659 1845 1731 hominibus
1893 1659 2363 1749 placidissime
2407 1661 2658 1730 efflavit
2697 1662 3032 1744 animam,
3076 1663 3199 1733 die

640 1764 887 1841 quarta
925 1750 1157 1841 junii,
1217 1771 1399 1819 anno
1448 1748 1818 1820 millesimo
1867 1750 2356 1819 sexcentesimo
2404 1763 2676 1832 octavo,
2733 1751 2977 1820 aetatis
3027 1773 3197 1821 vero

642 1862 809 1911 suae
841 1839 1371 1929 quadragesimo
1401 1850 1669 1923 quarto.
2166 1886 2170 1896 .

729 1932 765 2016 ξ
802 1934 935 2002 11.
979 1928 1333 2019 Divulgata
1366 1926 1709 1996 Francisci
1740 1939 1979 2005 morte,
2014 1927 2103 1996 ob
2138 1941 2705 2019 praeconceptam
2738 1927 2823 1997 de
2848 1929 3004 2018 ejus
3029 1950 3198 1998 san-

640 2017 867 2087 ctitate
915 2017 1310 2108 opinionem
1363 2037 1661 2103 magnus
1709 2015 2072 2083 hominum
2121 2036 2505 2087 concursus
2540 2016 2760 2087 factus
2799 2030 2923 2095 est,
2979 2019 3195 2088 etiam

639 2128 719 2176 ex
768 2105 1085 2175 finitimis
1133 2104 1434 2195 oppidiS,
1470 2116 1547 2172 ut
1594 2124 1850 2192 corpus
1898 2102 2090 2172 illius
2140 2104 2534 2185 inviserent,
2585 2127 2838 2176 manus
2886 2105 3188 2177 deoscu-

641 2195 973 2275 larentur,
1008 2206 1073 2264 et
1111 2194 1318 2263 vestis
1350 2192 1647 2261 frustula
1676 2192 1987 2261 certatim
2022 2191 2152 2262 sibi
2181 2205 2522 2281 raperent.
2556 2195 2649 2263 Ad
2679 2194 2846 2263 haec
2872 2197 3192 2284 corporis

640 2282 1057 2364 flexibilitaS,
1128 2282 1297 2351 odor
1346 2280 1830 2360 suavissimuS‚
1883 2280 2118 2350 vultus
2177 2280 2442 2363 hilariS,
2501 2282 2933 2374 prodigiosae
2983 2305 3194 2353 sana-

641 2373 859 2442 tiones
905 2372 1057 2461 ejus
1104 2392 1232 2461 ope
1281 2371 1684 2459 impetratae
1719 2368 2013 2527 gloriam
2049 2370 2201 2458 ejus
2233 2370 2300 2439 in
2328 2370 2538 2441 coelis
2585 2370 3188 2442 demonstrabant.
3277 2367 3290 2392 ⁸

640 2465 877 2532 Fertur
939 2461 1171 2541 etiam,
1225 2459 1545 2529 extractis
1592 2480 1671 2528 ex
1772 2457 2014 2529 issecto
2062 2480 2347 2549 corpore
2394 2460 2798 2541 visceribuS‚
2855 2460 2925 2529 in
2978 2461 3192 2531 corde

635 2551 789 2639 ejus
848 2550 1257 2640 apparuisse
1304 2547 1575 2617 carneis
1628 2547 1844 2617 literis
1913 2547 2260 2638 descripta
2331 2549 2651 2619 Davidica
2710 2549 2916 2619 verba
2983 2554 3189 2619 Zeltts

636 2643 868 2709 domus
918 2651 1075 2708 tuae
1124 2638 1403 2707 comedit
1449 2660 1575 2717 me,
1629 2657 1807 2723 quae
1855 2636 1970 2705 ille
2017 2637 2324 2724 quidem,
2360 2637 2525 2706 dum
2585 2638 2653 2706 in
2705 2637 2878 2707 vivis
2926 2652 3187 2727 ageret,

634 2750 908 2817 semper
957 2728 1026 2795 in
1077 2726 1306 2806 corde,
1345 2748 1425 2794 ac
1456 2724 1860 2812 saepissime
1909 2725 2203 2795 habebat
2233 2727 2304 2795 in
2337 2748 2475 2796 ore.
2522 2730 2647 2796 Per
2677 2738 2813 2797 tres
2842 2725 2993 2796 dies
3020 2749 3190 2797 cum

634 2819 748 2908 pio
797 2816 1212 2885 confluentis
1264 2814 1500 2905 populi
1553 2812 1894 2884 desiderio
1944 2814 2111 2883 satis
2159 2813 2402 2885 fuisset
2448 2813 2750 2894 factum,
2815 2828 2972 2904 post
3018 2816 3190 2886 inde

632 2929 711 2975 ex
762 2904 953 2974 illius
1001 2903 1224 2973 oculis
1283 2903 1750 2982 subtractum,
1813 2915 1878 2971 et
1927 2903 2147 2972 noctis
2197 2916 2501 3006 tempore
2547 2904 2886 2974 citissimo
2937 2904 3191 2975 itinere

632 2993 986 3082 Neapolim
1024 2991 1106 3060 ad
1161 2990 1438 3061 Ordinis
1487 2991 1772 3061 domum
1827 2995 1891 3075 S.
1939 2992 2188 3061 Mariae
2223 2993 2499 3081 Majoris
2524 2991 2828 3063 delatum
2868 2991 3022 3073 fuit,
3059 2994 3194 3063 ibi-

528 3080 538 3086 ’
630 3104 766 3170 que
797 3079 1179 3151 honorifico
1229 3079 1469 3150 funere
1504 3079 1879 3169 sepultum,
1934 3093 2000 3150 et
2046 3080 2301 3151 divinis
2336 3080 2674 3171 prodigiis
2722 3080 3186 3152 illustratum.

628 3171 883 3261 Viginti
919 3169 1191 3239 circiter
1232 3181 1383 3258 post
1417 3189 1636 3238 annos
1685 3169 1753 3236 in
1789 3170 2097 3257 corporis
2130 3169 2575 3240 translatione
2599 3170 2686 3240 ad
2716 3170 3184 3239 decentiorem

631 3261 889 3339 locum,
930 3256 1307 3347 singularis
1357 3257 1424 3325 in
1465 3256 1664 3326 illum
1703 3257 1942 3346 populi
1982 3259 2196 3348 pietas
2242 3280 2358 3328 eos
2406 3271 2911 3349 praetergressa
2958 3273 3062 3329 est
3096 3258 3181 3327 fi-

630 3371 778 3429 nes,
832 3368 1007 3434 quos
1055 3345 1569 3435 sapientissima
1617 3345 1890 3415 decreta
1956 3348 2109 3436 piae
2168 3347 2658 3419 recordationis
2722 3346 2980 3417 Urbani
3032 3352 3182 3416 VIII

632 3447 1035 3515 statuerant,
1092 3432 1177 3504 de
1223 3424 1411 3504 culto
1460 3434 1742 3525 publico
1790 3447 1946 3504 ante
2016 3435 2356 3505 Ecclesiae
2394 3435 2744 3525 judicium
2797 3437 2914 3505 Dei
2965 3435 3189 3506 servis

633 3548 770 3597 non
820 3522 1248 3603 exhibendo;
1302 3544 1382 3592 ac
1433 3535 1789 3614 propterea
1839 3545 2048 3594 causa
2082 3524 2235 3613 ejus
2285 3525 2812 3596 beatificationis
2857 3541 2925 3597 et
2972 3546 3188 3594 cano-

631 3614 997 3686 nizationis
1070 3633 1206 3681 non
1256 3625 1413 3682 ante
1482 3612 1661 3682 diem
1715 3613 2118 3703 vigesimam
2181 3625 2487 3682 octavam
2540 3614 2954 3704 septembris
3015 3613 3189 3682 anni

632 3703 987 3773 millesimi
1038 3702 1629 3793 septingentesimi
1731 3702 1911 3778 rimi,
1965 3702 2086 3789 qui
2133 3725 2172 3770 a
2221 3701 2404 3771 felici
2461 3703 2684 3793 ipsius
2733 3702 2929 3772 obitu
2961 3722 3187 3771 nona-

625 3792 938 3883 gesimus
986 3790 1339 3862 secundus
1389 3813 1676 3861 numera
1731 3804 1929 3866 atur,
2003 3791 2071 3857 in
2134 3813 2487 3861 sacrorum
2542 3793 2825 3862 Rituum
2879 3795 3180 3881 Congre-

624 3880 902 3972 gatione
950 3880 1343 3950 introducta
1384 3880 1539 3949 fuit.
3017 3925 3024 3935 ‚

714 3978 753 4052 ἓ
803 3974 952 4049 18.
1009 3974 1180 4038 Tum
1224 3990 1587 4059 processus
1638 3968 2020 4057 apostolici,
2077 3980 2213 4037 tam
2269 3970 2334 4036 in
2370 3991 2641 4059 genere,
2674 3990 2883 4056 quam
2917 3969 2988 4037 in
3019 3989 3176 4057 spe—

622 4059 749 4138 cie,
805 4058 1183 4129 constructi
1232 4058 1559 4136 fuerunt,
1612 4056 1872 4142 quibus
1922 4056 2362 4146 probationes
2409 4058 2494 4126 de
2544 4057 2913 4149 splendore
2963 4057 3184 4124 virtu—

623 4159 769 4217 tum
823 4149 998 4217 servi
1029 4147 1167 4226 Dei,
1200 4146 1423 4232 deque
1463 4144 1684 4235 gloria
1728 4145 2226 4215 miraculorum
2267 4148 2419 4235 ejus
2446 4147 2939 4217 intercessione
2971 4168 3008 4214 a
3043 4150 3180 4213 Deo

621 4236 963 4307 editorum
1016 4235 1573 4305 continebantur.
1621 4237 1788 4303 Cum
1840 4247 2106 4304 caetera
2153 4236 2389 4304 omnia
2438 4238 2565 4305 rite
2587 4259 2666 4305 ac
2700 4235 2992 4305 feliciter
3023 4255 3186 4322 pro-

624 4326 1017 4405 cessissent;
1048 4336 1114 4393 et
1145 4325 1404 4392 interea
1431 4321 1926 4412 omnipotentis
1952 4323 2070 4392 Dei
2102 4322 2337 4394 dextra
2367 4325 2563 4395 novis
2598 4323 2933 4424 prodigiis
2965 4344 3177 4394 suum

626 4414 969 4487 famulum
1009 4410 1533 4493 clarificaret...,
1589 4412 1996 4482 Benedictus
2044 4416 2164 4501 Pp.
2229 4417 2368 4482 XIV
2424 4413 2536 4483 die
2602 4415 2936 4504 vigesuna
2986 4411 3184 4482 tertia
