3357 4995
742 340 871 403 558
1404 359 1483 405 na
1530 359 1588 406 s.
1640 359 1882 406 numo
1929 359 2187 406 unam.
2240 356 2438 406 muse.
2847 339 3075 405 JUNII
3121 342 3205 405 25

738 444 775 528 ξ
820 445 908 510 ὅ.
963 445 1086 509 Per
1136 441 1186 511 it
1219 464 1423 532 porro
1458 443 1560 512 vir
1597 465 1944 524 summuS,
1986 444 2213 534 turpia
2266 466 2345 512 ac
2405 453 2933 533 personatorum
2976 442 3206 511 homi·

651 552 848 610 num,
901 550 979 599 eo
1012 529 1101 600 ka
1134 530 1474 602 endarum
1511 533 1674 601 Jan.
1717 532 1827 601 die
1864 532 2013 603 fieri
2056 532 2279 613 solita,
2319 530 2716 621 spectacula
2750 531 3096 600 damnare
3141 531 3197 598 ⁸.

643 642 679 685 «
715 622 811 687 An
853 640 988 687 non
1025 620 1282 701 omnia,
1353 622 1472 702 ait,
1513 644 1692 709 quae
1741 645 1780 689 a
1830 622 2171 692 ministris
2211 621 2629 690 daemonum
2699 619 2841 690 illis
2895 631 3206 710 aguntur

639 707 888 777 diebus
928 706 1102 777 falsa
1150 721 1408 778 suntet
1453 710 1726 790 insana,
1762 732 1920 779 cum
1974 709 2077 778 vir
2123 710 2378 779 virium
2421 731 2708 779 suarum
2756 708 2994 809 vigore
3030 709 3203 777 mol-

642 796 785 877 lito,
841 806 1057 866 totum
1109 818 1179 867 se
1227 797 1485 888 frangit
1533 800 1601 867 in
1654 798 2009 880 seminam,
2056 811 2381 886 tantoque
2442 797 2618 867 illud
2661 799 2933 867 ambitu
2994 811 3202 884 atque

642 896 786 956 arte
847 884 1124 974 frangit,
1177 887 1378 973 quasi
1430 887 1771 977 poeniteat
1816 888 2015 957 illum
2066 909 2215 956 esse
2270 885 2453 974 quod
2499 887 2602 954 vir
2637 890 2786 956 est?
2839 887 3196 974 Numquid

645 996 780 1044 non
829 974 1151 1044 universa
1201 975 1294 1044 ibi
1328 975 1501 1045 falsa
1534 987 1697 1045 sunt
1730 989 1794 1045 et
1829 977 2098 1057 insana,
2153 999 2313 1046 cum
2352 998 2424 1045 se
2456 999 2493 1044 a
2535 981 2668 1044 Deo
2701 975 3022 1044 homines
3067 974 3200 1045 for-

646 1064 836 1144 mati,
881 1075 1000 1132 aut
1032 1063 1100 1131 in
1146 1063 1445 1153 pecudes
1474 1077 1593 1135 aut
1630 1064 1810 1134 seras
1843 1078 1961 1135 aut
1997 1066 2063 1133 in
2103 1077 2411 1155 portenta
2445 1063 2982 1134 transformanti?
3014 1068 3197 1146 Quo-

646 1152 849 1222 modo
917 1174 1051 1221 non
1104 1174 1352 1223 sanum
1421 1154 1849 1243 sapientibus
1902 1167 2125 1244 patet,
2184 1153 2355 1222 nihil
2409 1154 2500 1222 ibi
2555 1154 2780 1224 inesse
2830 1154 3189 1231 sanitatiS,

647 1241 768 1310 ubi
844 1241 1083 1331 impia,
1172 1242 1294 1311 ubi
1371 1242 1775 1323 inhonesta,
1829 1243 2290 1330 universaque
2368 1242 2600 1311 omnia
2661 1255 2726 1311 et
2795 1240 3065 1310 faciunt
3135 1255 3198 1310 et

648 1329 1070 1417 loquuntur?
1123 1334 1336 1400 Grave
1397 1332 1636 1417 utique
1686 1331 1963 1401 illorum
2015 1354 2133 1400 cor
2179 1345 2320 1410 est,
2367 1344 2570 1418 atque
2618 1331 2810 1400 omni
2844 1331 3196 1418 impietate

647 1418 1076 1508 depressum,
1128 1419 1250 1504 qui
1300 1441 1419 1508 per
1467 1420 1839 1510 sacrilegos
1883 1421 2078 1510 jocos
2137 1420 2391 1488 divinis
2443 1419 2721 1489 monitis
2784 1418 3188 1501 illudenteS,

646 1519 711 1576 et
746 1529 918 1575 vana
952 1505 1071 1574 dili
1130 1518 1254 1575 unt
1292 1520 1356 1575 et
1403 1506 1577 1578 salsa
1635 1522 2027 1589 sectantur,
2083 1522 2147 1578 et
2203 1521 2355 1599 post
2394 1509 2671 1588 omnia,
2733 1508 2819 1576 ad
2871 1509 3190 1576 offensio-

648 1596 757 1666 nis
807 1594 1071 1684 plenitu
1125 1595 1333 1676 inem,
1381 1596 1528 1665 dies
1574 1598 1764 1687 ipsos
1818 1620 2080 1667 annum
2138 1620 2391 1667 novum
2449 1610 2710 1666 vocant.
2754 1601 3193 1684 Quamquam

645 1705 784 1754 non
856 1684 1416 1753 inconvenienter
1489 1686 1876 1755 secundum
1960 1709 2031 1756 se
2099 1709 2350 1755 novum
2424 1685 2779 1776 appellant
2862 1706 3123 1754 annum
3170 1742 3185 1765 ,

643 1773 971 1860 quoniam
1023 1794 1143 1861 per
1190 1772 1522 1843 nefandas
1570 1774 1776 1844 ferias
1829 1798 1949 1865 pro
1998 1776 2350 1847 honestate
2394 1773 2753 1865 turpitudo
2801 1787 2866 1843 et
2920 1796 3190 1862 perver-

645 1861 812 1932 sitas
845 1862 1284 1930 innovantur.
1340 1868 1595 1932 Novum
1652 1877 1894 1933 vocant
1940 1886 2229 1942 annum,
2275 1864 2475 1950 quasi
2525 1862 2682 1932 novi
2731 1862 2994 1950 aliquid
3068 1876 3188 1932 aut

644 1950 913 2020 coelum
964 1962 1129 2019 tunc
1179 1951 1490 2019 ostendat
1523 1964 1642 2021 aut
1676 1966 1875 2021 terra.
1915 1958 2172 2022 Novum
2227 1975 2486 2021 annum
2523 1952 2896 2021 Januarias
2947 1951 3189 2020 Kalen-

644 2039 770 2109 das
819 2037 1193 2129 appellant,
1233 2061 1391 2108 cum
1442 2053 1704 2110 vetusto
1751 2064 2023 2131 semper
2054 2042 2337 2110 horrore
2367 2054 2432 2109 et
2471 2063 2698 2110 errore
2756 2040 3179 2109 sordescant.

643 2129 961 2216 Auspicia
1010 2128 1193 2197 enim
1233 2129 1590 2199 vanissimi
1624 2130 1946 2221 colligere
1978 2153 2049 2198 se
2078 2130 2343 2210 dicunt,
2381 2153 2458 2198 ac
2502 2142 2756 2199 statum
2803 2130 2979 2199 vitae
3020 2152 3182 2199 suae

645 2216 970 2286 inanibus
1019 2216 1298 2286 indiciis
1352 2218 1792 2288 aestimantes
1837 2241 1956 2308 per
2002 2219 2264 2287 incerta
2312 2220 2544 2287 avium
2596 2219 3044 2305 ferarumque
3092 2219 3181 2286 si—

641 2328 801 2396 gna,
847 2305 1277 2375 imminentis
1325 2307 1491 2375 anni
1540 2307 1773 2377 futura
1824 2309 2188 2386 rimantur,
2234 2329 2390 2375 cum
2445 2307 2682 2394 utique
2730 2306 2914 2396 apud
2976 2312 3179 2375 Deum

640 2395 864 2463 solum
921 2394 1010 2464 sit
1059 2394 1297 2463 notitia
1335 2393 1752 2477 futurorum,
1805 2410 1869 2466 et
1910 2397 2150 2486 legalis
2200 2396 2571 2465 auctoritas
2632 2397 2762 2464 ista
2825 2395 3180 2485 prohibeat

640 2483 916 2553 dicens:
973 2506 1059 2552 ne
1120 2483 1627 2573 auspicemini,
1676 2508 1759 2555 ne
1813 2485 2127 2576 auguriis
2191 2484 2582 2555 intendatis.
2642 2484 2767 2554 Sed
2823 2485 3061 2555 miseri
3103 2507 3178 2552 ac

640 2572 1017 2641 miserandi
1057 2573 1375 2641 homines
1420 2574 1597 2662 rapti
1636 2576 1988 2644 erroribus
2048 2596 2561 2675 paganorum...
2617 2596 2773 2643 cum
2829 2574 3181 2664 impietate

637 2661 721 2730 de
761 2662 1088 2731 domibus
1122 2661 1270 2731 suis
1306 2662 1666 2750 prodeunt,
1706 2676 1771 2732 et
1802 2688 1961 2733 cum
2000 2663 2359 2753 sacrilegio
2396 2674 2912 2732 revertuntur...
2956 2687 2991 2727 ι)
3027 2668 3179 2732 Per—

635 2762 909 2840 ceperat
949 2762 1174 2819 autem
1216 2750 1552 2820 Maximus
1586 2752 1866 2821 uberem
1911 2774 2198 2821 suarum
2250 2752 2801 2821 cohortationum
2847 2751 3176 2821 fructum.

633 2844 799 2909 Nam
837 2840 1019 2907 cives
1053 2860 1217 2908 suos
1257 2840 1352 2907 ita
1403 2840 1489 2908 ab
1538 2841 1881 2929 ejusmodi
1932 2840 2421 2930 superstitione
2455 2840 2761 2920 deduxit,
2822 2853 2901 2909 ut
2954 2839 3183 2910 dicere

624 2928 784 3018 jure
834 2927 1109 2997 tandem
1144 2929 1477 3017 potuerit:
1516 2952 1550 2994 «
1589 2934 1690 2997 Ita
1723 2944 1788 2998 et
1819 2953 1958 3009 νος,
1999 2930 2416 3010 charissimi,
2448 2929 2870 3020 jamdudum
2911 2950 3038 2999 nec
3068 2929 3185 2997 ob-

633 3038 901 3085 servare
959 3039 1081 3084 nec
1137 3038 1489 3102 quaerere,
1554 3018 1919 3087 manifesta
1966 3018 2293 3087 relatione
2339 3018 2626 3107 cognovi
2639 3070 2772 3086 .....
2820 3022 2952 3087 Vos
3003 3019 3183 3087 sicut

631 3105 994 3193 hucusque
1076 3127 1149 3173 ro
1184 3106 1300 3173 Dei
1335 3106 1579 3175 timore
1626 3106 1919 3189 fecistis,
1966 3108 2324 3176 abhorrete
2377 3130 2585 3185 vana,
2644 3105 2937 3196 refugite
2981 3106 3180 3186 salsa,

632 3193 725 3262 im
784 3194 849 3262 ia
896 3194 1018 3263 dec
1052 3194 1257 3263 inate.
1294 3218 1329 3259 »

786 3288 877 3354 6.
916 3287 1083 3352 Cum
1118 3295 1303 3351 tanta
1338 3284 1676 3354 Maximus
1714 3285 1780 3353 in
1817 3287 2303 3374 superstitione
2337 3284 2422 3353 ab
2456 3286 2629 3354 urbe
2654 3283 3184 3354 exterminanda

633 3393 804 3442 usus
838 3384 1015 3440 esset
1061 3370 1418 3441 felicitate:
1463 3384 1606 3441 tum
1670 3372 1842 3441 nihil
1908 3375 2399 3455 hortationum,
2454 3373 2876 3464 diligentiae,
2933 3394 2973 3441 o
3027 3395 3186 3442 erae

629 3460 1112 3550 praetermisit,
1152 3475 1229 3530 ut
1249 3483 1399 3530 eam
1450 3482 1530 3530 ex
1569 3463 1825 3531 animis
1858 3463 2174 3533 evelleret
2205 3464 2647 3532 rusticorum.
2687 3465 2828 3531 Hoc
2869 3475 2947 3531 ut
3006 3461 3184 3531 acile

628 3559 1133 3636 assequeretur,
1190 3550 1527 3639 primores
1567 3552 1861 3621 civitatis
1912 3553 2174 3621 crebris
2203 3551 2658 3621 concionibus
2708 3572 3027 3640 premere
3064 3573 3182 3619 ur-

626 3660 922 3727 gereque
988 3639 1256 3729 coepit,
1333 3660 1613 3708 monere
1678 3641 1884 3709 etiam
1949 3654 2025 3710 ut
2083 3641 2521 3711 consulerent
2569 3638 2778 3709 saluti
2830 3660 3025 3709 suae.
3093 3644 3185 3707 Ne

626 3738 949 3816 putarent
996 3726 1100 3798 sas
1147 3749 1297 3798 esse
1357 3727 1624 3797 homini
1675 3729 2054 3800 christiano
2110 3730 2251 3820 pati
2299 3742 2374 3799 ut
2436 3730 2506 3797 in
2562 3728 2845 3798 ruribus
2906 3729 3184 3819 agrisve

625 3816 771 3887 suis
796 3816 977 3886 idola
1013 3828 1337 3906 perstent,
1374 3816 1596 3904 iisque
1629 3820 1716 3887 ab
1737 3818 2002 3888 colonis
2038 3841 2232 3890 sacra
2251 3818 2444 3899 fiant,
2481 3839 2558 3886 ac
2585 3817 2909 3896 honoreS,
2942 3818 3183 3886 cultus

623 3926 859 3993 preces
906 3905 1392 3976 adhibeantur.
1452 3905 1724 3976 Scircnt
1779 3908 1911 3976 nisi
1963 3908 2129 3977 haec
2169 3908 2512 4007 disjicere,
2552 3906 2885 3985 obterere,
2947 3905 3184 3975 delere

621 3995 848 4064 conati
898 3994 1177 4075 fuerint,
1216 4008 1530 4065 auctores
1564 3996 1753 4085 ipsos
1792 4019 1871 4066 ac
1903 4018 2053 4066 reos
2096 3997 2238 4065 fore
2270 3996 2646 4085 impietatis
2678 4007 2744 4064 et
2776 3994 3185 4085 sacrilegio-

622 4104 777 4152 rum
819 4084 1077 4170 quibus
1105 4104 1343 4153 eorum
1380 4084 1580 4165 servi,
1617 4096 1942 4166 aratoreS,
1991 4085 2204 4154 villici
2253 4107 2325 4153 se
2358 4084 2768 4175 polluerent.
2809 4087 3030 4154 Fuere
3060 4084 3185 4171 qui

624 4172 1002 4243 excusandi
1044 4172 1528 4264 purgandique
1569 4174 1682 4243 sui
1719 4177 1932 4245 causa
1986 4175 2292 4243 dicerent
2334 4195 2470 4243 non
2526 4194 2676 4244 esse
2714 4172 2968 4260 culpae
3036 4195 3186 4242 ver-

623 4261 908 4332 tendum
958 4261 1092 4333 sibi
1137 4260 1322 4351 quod
1391 4261 1510 4332 alii
1556 4264 1822 4353 egerint
1878 4264 2156 4353 injussu
2221 4285 2372 4332 suo.
2443 4262 2572 4332 Sed
2628 4262 2753 4330 hos
2831 4262 3187 4331 Maximus

623 4362 885 4439 quanta
931 4351 1003 4420 in
1052 4350 1484 4442 ignoratione
1522 4351 1957 4423 decretorum
1988 4351 2341 4443 religionis
2382 4363 2839 4431 versarentur,
2882 4350 3177 4421 docens:

673 4478 699 4505 ⁴
728 4478 853 4525 Haeo
863 4477 989 4529 apud
1003 4486 1088 4527 nos
1100 4478 1159 4521 do
1170 4477 1417 4525 obscaenis
1441 4477 1803 4523 nocuum-tium
1829 4475 2025 4525 ludicris
2054 4478 2325 4528 accipienda
2353 4478 2481 4521 sunt.
