3357 4995
706 318 831 380 ⁴08
1258 310 1336 379 π
1385 335 1439 379 s.
1493 330 1842 380 FRANclsco
1890 329 2273 379 eAaAcmoto
2321 330 2504 378 cour.
2851 314 3081 380 JUNII
3135 318 3185 381 4
3291 333 3294 358 ¹

619 413 745 484 Sed
797 434 959 503 prae
1006 414 1294 482 caeteris
1343 411 1715 480 virtutibus
1753 410 2055 481 charitas
2107 410 2220 478 Dei
2262 410 2331 478 in
2383 411 2728 480 Francisci
2776 410 2981 481 corde
3032 414 3187 482 dit·-

614 503 767 573 fusa
814 501 1180 572 eminebat.
1234 500 1412 571 Nihil
1466 500 1570 569 illi
1619 500 1899 570 dulcius
1930 554 1945 580 ,
1998 521 2209 586 quam
2260 499 2345 567 de
2393 503 2526 569 Deo
2574 498 2804 586 loqui,
2861 500 3042 570 nihil
3103 503 3185 571 in

617 593 831 660 sacris
878 590 1330 660 concionibus
1377 589 1831 676 frequentiuS,
1862 610 2069 675 quam
2108 588 2193 657 de
2225 588 2556 659 charitate
2586 588 2941 669 disserere,
2972 591 3191 660 unde

616 680 830 749 divini
878 680 1135 750 amoris
1176 690 1525 769 promotor
1571 690 1636 747 et
1672 678 2117 747 concionator
2165 690 2309 746 tum
2363 677 2433 745 in
2483 677 2840 768 Hispania,
2896 692 3054 748 tum
3101 683 3186 749 in

614 766 809 838 Italia
872 768 1132 858 passim
1182 766 1686 857 appellabatur.
1742 771 2000 836 Tantus
2048 786 2204 835 vero
2252 778 2395 836 erat
2456 765 2732 836 divinae
2798 767 3184 839 charitatis

612 857 796 947 ignis
830 878 983 943 ,quo
1032 857 1221 925 intus
1267 856 1646 934 aestuabat,
1683 869 1760 923 ut
1808 855 1877 923 in
1927 855 2079 943 ejus
2126 876 2403 941 quoque
2433 854 2628 924 vultu
2659 876 2807 926 sese
2840 856 3186 945 proderet

614 944 998 1014 manifeste.
1052 944 1527 1014 Adorationem
1577 943 2033 1013 Eucharistici
2075 944 2508 1013 Sacramenti
2554 944 2639 1012 ad
2693 945 2995 1035 integras
3047 967 3186 1016 us-

613 1054 748 1120 que
797 1046 1031 1103 noctes
1079 1033 1475 1122 protrahere
1507 1033 1887 1113 consuevit,
1925 1054 2064 1120 quo
2111 1044 2418 1122 tempore
2455 1053 2576 1102 cor
2611 1034 2763 1122 eJus
2802 1046 3183 1121 tamquam

615 1144 771 1192 cera
820 1123 1285 1209 liquescebat,
1353 1134 1419 1191 et
1464 1120 1648 1192 oculi
1698 1121 2028 1211 lacrymis
2075 1120 2715 1211 profundebantur:
2768 1123 3176 1193 exclamare

613 1212 819 1281 etiam
852 1210 1132 1281 solitus:
1193 1213 1391 1279 Zelus
1449 1211 1681 1288 domus
1733 1221 1891 1279 tuae
1949 1211 2231 1280 comedit
2268 1233 2396 1280 me.
2443 1215 2659 1292 Quem
2701 1211 2972 1281 cultum
3002 1234 3178 1282 coe·

612 1300 802 1370 lestis
833 1299 1274 1368 eucharistici
1321 1299 1524 1368 Panis
1571 1312 1648 1368 ut
1683 1300 2134 1388 promoveret,
2177 1298 2554 1380 constituit,
2600 1312 2677 1369 ut
2716 1300 2826 1369 sui
2877 1300 3176 1373 Ordinis

612 1387 879 1457 alumni
912 1386 1220 1475 quotidie
1266 1408 1388 1478 per
1435 1387 1615 1457 vices
1648 1408 1884 1457 coram
1933 1386 2432 1478 augustissimo
2467 1392 2910 1458 Sacramento
2959 1410 3178 1459 vene-

611 1475 912 1545 rabundi
959 1476 1435 1566 p.ersisterent;
1486 1475 1667 1563 quod
1703 1476 1896 1565 pium
1928 1496 2228 1565 perenne
2254 1475 2682 1557 exercitium,
2719 1476 2927 1547 veluti
2960 1500 3176 1568 prae-

611 1564 889 1655 cipuam
939 1565 1047 1635 sui
1096 1563 1370 1634 Ordinis
1420 1579 1746 1634 tesseram
1787 1585 1936 1633 esse
1985 1564 2221 1634 voluit.

700 1656 737 1742 ἕ
780 1657 858 1724 ¹2.
910 1658 1004 1732 Ex
1050 1652 1443 1723 vehementi·
1471 1653 1541 1722 in
1578 1656 1792 1722 Deum
1833 1673 2068 1722 amore
2092 1652 2329 1722 efficax
2365 1654 2839 1742 proximorum
2875 1654 3170 1724 dilectio

611 1743 682 1812 in
735 1742 1095 1811 Francisco
1141 1742 1510 1822 oriebatur,
1548 1741 1668 1828 qui
1717 1741 1841 1809 diu
1889 1753 2236 1829 noctuque
2284 1763 2494 1832 super
2539 1763 2837 1832 egenum
2889 1757 2957 1812 et
2990 1766 3176 1835 pau-

612 1852 845 1922 perem
892 1830 1343 1921 intelligebat.
1378 1835 1546 1901 Cum
1583 1830 1967 1921 regularem
2001 1831 2211 1900 vitam
2247 1830 2553 1918 profiteri
2584 1831 2966 1911 constituit,
2999 1855 3172 1902 vcn-

613 1920 776 1989 ditis
823 1920 1020 2009 prius
1078 1919 1278 1990 bonis
1324 1918 1650 1989 omnibus
1698 1939 1875 2005 quae
1935 1919 2365 2008 possidebat,
2428 1920 2728 2009 pretium
2780 1920 3164 2011 dispersit,

611 2008 936 2096 deditque
982 2030 1122 2098 pau
1172 2008 1432 2077 eribus.
1472 2007 1776 2077 Solemni
1825 2007 2247 2097 professione
2276 2008 2552 2088 emissa,
2595 2009 2662 2076 in
2695 2009 3002 2098 publicis
3033 2011 3171 2080 viis

557 2131 565 2138 ·
614 2097 858 2187 stipem
907 2118 1106 2166 emen
1161 2096 1406 2176 icabat,
1441 2108 1519 2166 ut
1567 2118 1707 2185 pau
1757 2117 1954 2165 erum
1989 2096 2294 2187 inopiam
2327 2096 2737 2179 sublevaret,
2781 2100 3172 2188 egenisque

614 2185 947 2254 matronis
994 2185 1249 2255 victum
1296 2184 1604 2273 quotidie
1629 2207 1712 2254 su
1768 2184 2228 2265 ministraret;
2281 2185 2451 2273 quin
2480 2186 2688 2254 etiam
2719 2199 2855 2256 tres
2884 2185 2956 2255 in
2992 2187 3170 2257 heb-

612 2273 926 2348 domada,
955 2273 1103 2345 dies
1152 2274 1297 2345 solo
1346 2295 1525 2373 pane
1569 2284 1633 2341 et
1680 2277 1861 2360 aqua
1908 2273 2355 2364 transigebat,
2408 2287 2484 2343 ut
2555 2296 2682 2343 sua
2738 2273 3170 2347 abstinentia

612 2362 729 2432 ino
781 2383 853 2431 es
887 2361 1214 2432 reficeret.
1267 2360 1650 2448 Aliquando
1684 2360 1956 2461 hyemis
2004 2374 2309 2452 tempore
2344 2364 2650 2521 ‘pauperi
2691 2362 2906 2432 ferme
2934 2363 3154 2445 nud0,

614 2463 678 2521 et
752 2451 974 2543 rigore
1021 2463 1195 2542 pene
1241 2450 1565 2534 exanimi,
1619 2451 1936 2520 exteriori
1984 2461 2252 2521 tantum
2302 2473 2360 2520 si

614 2553 755 2610 tera
804 2563 928 2612 sua
958 2540 1367 2610 indumenta
1413 2539 1705 2629 largitus
1760 2553 1884 2609 est.
1929 2540 2335 2610 carceribus
2373 2539 2693 2611 detentos
2730 2542 3167 2613 amicissime

615 2629 987 2711 solabatur,
1030 2627 1545 2718 aegrotantibus
1593 2628 1898 2716 primum
1946 2628 2109 2698 fidei
2155 2628 2574 2698 christianae
2626 2629 3023 2701 rudimenta
3051 2654 3166 2701 ex-

614 2717 936 2808 plicabat,
989 2730 1136 2787 tum
1183 2716 1496 2798 consilia,
1526 2728 1590 2786 et
1615 2715 1753 2785 alia
1801 2717 2071 2806 pietatis
2118 2717 2344 2786 officia
2376 2718 2781 2788 exhibebat:
2831 2719 2973 2788 illis
3004 2741 3167 2790 vero

613 2807 734 2893 qui
781 2807 851 2876 in
885 2819 1184 2876 extremo
1234 2805 1474 2876 mortis
1512 2826 1732 2895 agone
1779 2805 2255 2886 versabantur,
2300 2818 2569 2895 praesto
2618 2819 2797 2886 erat,
2850 2821 2917 2877 et
2966 2809 3169 2879 flexis

615 2894 932 2983 genibus,
991 2914 1130 2980 qua
1185 2894 1401 2969 sacris
1450 2893 1774 2983 precibus
1819 2914 1960 2981 qua
2005 2893 2287 2964 fervidis
2336 2894 2963 2976 adhortationibuS,
3018 2898 3170 2987 spi·

614 2982 861 3051 rituale
908 2983 1295 3071 praestabat
1341 2981 1704 3062 auxilium,
1744 3003 1967 3069 neque
2004 3003 2120 3052 eos
2157 2982 2534 3064 deserebat,
2567 2982 2787 3053 donec
2816 2984 2996 3055 inter
3031 2985 3170 3054 hu—

605 3069 918 3160 jusmodi
965 3070 1320 3140 charitatis
1364 3070 1592 3140 officia
1618 3071 2108 3161 expirassent..

702 3161 739 3246 ξ
784 3162 866 3230 S.
920 3158 1084 3248 Ejus
1115 3171 1342 3229 autem
1374 3181 1492 3228 cor
1525 3172 1690 3229 tunc
1725 3159 2020 3228 maxime
2068 3158 2433 3229 dilatatum
2484 3159 2636 3241 fuit,
2675 3183 2838 3230 cum
2874 3182 2916 3230 a
2945 3161 3165 3232 Paulo
3251 3197 3264 3210 ·

612 3252 732 3337 Pp.
784 3251 837 3315 V
883 3247 1294 3337 impetravit,
1363 3247 1558 3317 urbis
1625 3248 2017 3337 paroeciam
2084 3253 2148 3317 S.
2204 3249 2549 3318 Laurentii
2599 3250 2669 3317 in
2723 3250 2986 3319 Lucina
3034 3273 3169 3321 suo

614 3335 854 3406 Ordini
902 3334 1523 3405 administrandam
1558 3334 1759 3416 tradi,
1813 3337 1883 3404 in
1934 3357 2071 3423 qua
2115 3338 2535 3428 praeclaram
2587 3336 2706 3406 ille
2750 3351 3000 3409 nactus
3031 3338 3168 3410 fuit

613 3425 1044 3496 occasionem
1107 3422 1522 3494 exercendae
1572 3423 2128 3511 frequentissime
2172 3426 2553 3497 charitatis.
2609 3430 2776 3495 Nam
2827 3449 2993 3497 cum
3052 3450 3170 3498 ae-

615 3525 845 3583 ternae
883 3513 1354 3603 proximorum
1419 3512 1664 3584 salutis
1723 3512 2032 3583 studium
2085 3515 2410 3585 medullis
2450 3515 2958 3605 propemodum
3006 3518 3167 3607 ejus

613 3623 693 3670 ac
726 3602 1105 3674 visceribus
1133 3601 1541 3681 inhaereret,
1577 3602 2196 3675 sacramentalibus
2224 3603 2778 3678 confessionibus
2809 3604 3167 3694 excipien-

612 3689 721 3759 dis
768 3712 1045 3761 summa
1076 3711 1349 3780 semper
1396 3690 1749 3780 patientia,
1782 3702 1987 3777 atque
2018 3691 2223 3760 etiam
2274 3692 2619 3762 hilaritate
2649 3714 2722 3762 se
2768 3692 3022 3772 dabat:
3076 3694 3169 3763 ad

663 3778 1041 3849 erditorum
1092 3778 1457 3849 hominum
1506 3780 2025 3850 conversionem
2066 3780 2602 3869 procurandam,
2636 3802 2772 3850 non
2818 3781 3027 3852 verba
3052 3805 3169 3852 so-

644 3889 786 3948 um,
839 3865 955 3937 sed
1008 3867 1389 3937 orationem
1436 3868 1641 3937 etiam
1677 3921 1693 3948 ,
1749 3867 2038 3957 jejunia,
2095 3869 2347 3955 suique
2392 3892 2511 3939 cor
2562 3869 2703 3939 oris
2750 3868 3170 3959 flagellatio·

540 3994 549 3999 -
614 3977 771 4025 nem
823 3954 1228 4027 adhibebat:
1281 3976 1369 4024 ne
1406 3955 1802 4045 puellarum
1837 3955 2344 4046 periclitaretur
2389 3979 2486 4048 pu
2538 3957 2748 4038 icitia,
2779 3961 3168 4050 corrogatis

613 4043 1092 4133 eleemosynis,
1133 4057 1254 4114 aut
1287 4044 1422 4134 piis
1471 4045 1808 4114 matronis
1840 4045 2274 4115 asceteriisve
2302 4044 2792 4117 custodiendas
2818 4046 3162 4127 tradebat,

613 4144 734 4202 aut
779 4145 855 4202 ut
901 4132 1182 4224 provide
1229 4132 1568 4203 nuberent
1616 4133 1927 4204 curabat.
1981 4134 2103 4203 His
2152 4134 2449 4223 aliisque
2494 4134 2848 4206 charitatis
2895 4136 2968 4204 in
3007 4159 3170 4227 pro-

612 4221 835 4292 ximos
873 4220 1118 4319 officiis
1167 4221 1408 4292 merito
1456 4233 1816 4292 assecutus
1846 4222 1998 4302 fuit,
2033 4235 2110 4292 ut
2150 4236 2344 4313 pater
2381 4244 2764 4314 pauperum
2815 4236 2880 4294 et
2927 4224 3168 4295 chari-

616 4308 772 4380 tatis
802 4325 1179 4383 vocaretur.
1208 4308 1583 4383 Accedebat
1619 4311 1953 4380 virtutum
1987 4310 2285 4382 aliarum
2313 4312 2628 4382 omnium
2661 4312 2940 4393 choruS,
2977 4334 3161 4401 quae

614 4398 956 4489 regularis
986 4399 1281 4470 instituti
1322 4398 1642 4490 propriae
1674 4421 1755 4469 ac
1789 4398 2176 4489 peculiares
2222 4413 2406 4471 sunt.
2462 4400 2888 4492 Paupertatis
2932 4402 3163 4473 cultor

2414 2450 2667 2529 i‚veste
2707 2451 2972 2534 relicta,
3008 2474 3166 2524 cae·
3213 2465 3218 2472 ’
3293 2516 3294 2527 ,
