3357 4995
700 320 784 386 60
1162 336 1500 384 mansur.
1556 336 1647 384 ss.
1700 336 1816 383 mr.
1871 335 2050 382 parm
2097 335 2172 381 nr
2219 332 2596 391 maestum
2844 317 3065 384 JUNII
3116 294 3198 382 2Δ

609 423 877 502 nolunt,
931 434 1009 491 ut
1053 442 1294 492 eorum
1334 441 1624 510 corpora
1678 421 1749 489 in
1810 420 1954 513 hoc·
1999 419 2147 489 loco
2186 419 2643 507 requiescant.
2697 417 2922 489 Alium
2965 419 3164 489 enim

607 511 985 611 elegerunt,
1030 509 1117 579 ad
1166 507 1371 597 quem
1423 507 1736 579 celeriter
1784 508 2083 598 migrare
2129 506 2544 598 dispositum
2596 506 2870 578 habent.
2927 509 3162 599 Hujus

607 620 796 669 vocis
841 611 1079 669 auctor
1106 597 1194 667 ab
1223 618 1302 667 eo
1334 595 1551 667 videri
1588 618 1723 667 non
1740 596 2009 754 (potuim
2062 617 2202 683 qua
2244 609 2471 666 tamen
2504 593 2724 678 finita,
2778 596 3156 687 evigilavit,

608 708 989 774 somnoque
1052 686 1318 757 excitus
1365 706 1635 755 reverso
1697 707 1738 755 a
1856 683 2224 754 Basilicam
2272 683 2576 755 Ratleico
2634 683 2804 771 quid
2875 684 3168 756 vidisset

606 775 960 846 indicavit.
1001 779 1081 844 At
1109 774 1227 844 ille
1264 774 1346 871 jn
1396 773 1955 844 crastinumubi
2004 794 2115 844 me
2162 772 2470 863 primum
2503 773 2868 842 convenire
2903 774 3159 864 potuit,

606 863 773 952 quid
809 864 943 934 sibi
976 862 1149 953 puer
1175 884 1348 933 suus
1398 861 1766 943 retulisset,
1807 860 1980 932 mihi
2014 861 2350 931 nunciare
2397 861 2697 931 curavit.)
2720 866 2859 954 Ego
2892 872 3158 943 autem,

606 953 767 1024 licet
811 952 1107 1043 hujusce
1151 950 1438 1021 visionis
1485 963 1820 1021 arcanum
1877 971 2203 1041 spernere
2234 971 2374 1019 non
2405 949 2758 1032 auderem,
2812 951 3024 1021 statui
3057 964 3166 1021 ta-

609 1062 765 1112 men
790 1039 1295 1132 opperiendum
1329 1037 1627 1129 alicujus
1666 1039 1849 1129 signi
1883 1038 2193 1109 certioris
2222 1037 2562 1108 indicium
2591 1062 2607 1106 :
2638 1050 2844 1127 atque
2873 1038 3161 1110 interim

608 1130 765 1201 illos
813 1151 1046 1200 sacros
1076 1129 1345 1199 cineres
1390 1127 1476 1197 de
1524 1126 1777 1208 linteiS,
1810 1128 1888 1198 in
1918 1126 2178 1216 quibus
2208 1125 2379 1216 ligat
2406 1126 2781 1209 ivenerant,
2819 1127 3160 1211 sublatoS,

609 1218 849 1290 sericis
894 1240 973 1288 ac
1025 1217 1219 1286 novis
1266 1214 1573 1306 pulvinis
1619 1212 1899 1287 insuere
1944 1215 2098 1286 feci.
2154 1219 2465 1303 Cumque
2511 1215 2583 1284 in
2632 1237 2868 1286 eorum
2921 1217 3165 1308 inspe-

607 1308 831 1377 ctione
875 1305 1207 1394 reliquias
1262 1309 1334 1374 B.
1404 1304 1785 1374 Marcellini
1833 1303 2124 1375 minoris
2171 1303 2617 1392 quantitatis,
2670 1326 2879 1392 quam
2933 1308 3164 1377 sancti

608 1396 787 1466 Petri
823 1416 973 1468 esse
1017 1414 1394 1473 cernerem,
1450 1392 1826 1464 arbitratus
1874 1415 2031 1463 sum
2079 1414 2240 1462 eum
2282 1393 2353 1461 in
2390 1403 2674 1464 statura·
2702 1394 3016 1484 corporis
3049 1394 3165 1467 sui

609 1484 903 1554 minoris
949 1482 1162 1553 fuisse
1212 1503 1600 1563 mensurae,
1651 1503 1866 1570 quam
1897 1486 1964 1552 S.
2000 1487 2300 1552 Petrum.
2339 1481 2468 1552 Sed
2510 1481 2642 1552 hoc
2688 1482 2887 1553 aliter
2935 1504 3010 1553 se
3037 1483 3168 1554 ha-

607 1573 793 1653 bere,
828 1572 1089 1642 turtum
1122 1582 1357 1661 postea
1381 1569 1801 1660 patefactum
1832 1569 2274 1662 approbavit:
2305 1570 2496 1658 quod.
2517 1570 2664 1652 ubi,
2709 1571 2811 1641 vel
2847 1572 3160 1659 quando,

609 1659 712 1730 vel
760 1682 802 1730 a
833 1682 993 1748 quc,
1030 1660 1132 1729 vel
1166 1658 1464 1749 qualiter
1496 1658 1881 1730 admissum
1917 1658 2379 1749 ac‘proditum
2415 1659 2527 1738 sit,
2569 1679 2696 1729 suo
2744 1660 2894 1731 loco
2932 1659 3167 1733 dictu-

608 1771 731 1906 3us
776 1771 958 1831 sum,
989 1770 1177 1820 nunc
1224 1747 1391 1818 ordo
1425 1748 1844 1819 narrationis
1881 1748 2241 1818 inchoatae
2290 1746 2625 1818 texendus
2671 1760 2875 1836 atque
2925 1761 3172 1820 tenen-

660 1860 745 1908 us
791 1847 915 1908 est.

672 1922 739 2015 ’ἃ
774 1930 922 1999 1-1.
977 1925 1197 2015 Igitur
1229 1938 1595 2015 postquam
1627 1925 1828 1996 illum
1860 1930 2199 2017 magnum
2234 1937 2440 2012 atque
2471 1924 2887 2006 mirabilem,
2928 1927 3165 1996 omni-

609 2036 746 2102 que
784 2036 954 2085 auro
1002 2014 1475 2105 pretiosiorem
1524 2013 1795 2115 inspexi
1846 2013 2277 2095 thesaurum,
2332 2012 2603 2084 loculus
2651 2014 2722 2083 in
2771 2036 2910 2102 quo
2971 2014 3164 2086 idem

608 2102 1092 2174 continebatur
1121 2157 1137 2185 ,
1205 2115 1483 2194 propter
1544 2102 1871 2174 vilitatem
1952 2102 2280 2172 materiae
2308 2157 2324 2185 ,
2406 2101 2491 2172 de
2551 2124 2691 2190 qua
2757 2116 3171 2194 compactus

607 2204 799 2273 erat,
850 2213 971 2262 coe
1021 2192 1076 2261 it
1122 2191 1293 2260 mihi
1342 2190 1599 2282 oppido
1646 2190 2038 2282 displicere.
2116 2194 2333 2273 Quem
2399 2191 2770 2261 emendare
2816 2192 3115 2282 cupiens
3147 2249 3165 2274 ,

607 2280 909 2368 quadam
1010 2280 1071 2350 ie
1116 2291 1270 2370 post
1316 2277 1739 2370 completum
1789 2278 2256 2379 vespertinum
2305 2278 2612 2349 officium
2665 2301 2908 2371 praece
2962 2281 2985 2350 i
3035 2282 3169 2352 uni

606 2390 687 2439 ex
734 2368 1067 2449 aedituis,
1135 2379 1213 2439 ut
1262 2389 1658 2438 mensuram
1712 2367 1923 2438 loculi
1970 2368 2165 2458 virga
2224 2367 2581 2439 collectam
2632 2370 2806 2438 mihi
2854 2392 2893 2439 a
2949 2384 3160 2440 erret.

608 2463 774 2529 Cum
826 2457 944 2529 ille
1008 2458 1138 2528 hoc
1200 2456 1513 2528 facturus
1568 2478 1844 2528 cereum
1898 2455 2333 2538 accenderet,
2397 2470 2462 2527 et
2511 2457 3166 2547 circumpendentia

655 2546 844 2629 allia,
895 2546 1157 2634 quibus
1203 2546 1386 2616 idem
1438 2545 1714 2618 loculus
1766 2547 2146 2638 tegebatur,
2201 2546 2614 2628 sublevaret,
2668 2547 3167 2620 animadvertit

633 2636 915 2716 oculum
986 2635 1243 2706 mirum
1313 2635 1385 2705 in
1448 2634 1735 2705 modum
1787 2634 2081 2705 humore
2129 2635 2515 2726 sanguineo
2561 2635 2873 2724 undique
2932 2637 3164 2708 distil-

605 2724 900 2795 lantem:
935 2737 1002 2795 et
1034 2724 1134 2794 rei
1166 2724 1464 2794 novitate
1499 2724 1927 2814 perterrituS‚
1967 2723 2097 2793 hoc
2127 2724 2311 2811 quod
2349 2723 2612 2794 viderat
2651 2727 2942 2815 propere
2980 2727 3164 2797 mihi

605 2813 932 2883 nuntiare
977 2814 1266 2883 curavit.
1344 2817 1517 2883 Tum
1586 2833 1713 2903 ego
1771 2834 1935 2883 cum
1983 2810 2084 2881 eis
2150 2813 2273 2900 qui
2332 2811 2620 2883 aderant
2681 2813 3165 2886 sacerdotibus

605 2901 915 2980 accessi,
980 2913 1047 2971 et
1104 2900 1279 2971 illud
1342 2901 1767 2991 stupendum
1831 2913 2036 2989 atque
2091 2901 2284 2970 omni
2337 2900 2794 2973 admiratione
2858 2902 3163 2993 dignum

604 2988 1023 3058 miraculum
1058 2989 1318 3078 aspexi.
1354 2995 1523 3060 Nam
1557 3003 1634 3060 ut
1662 2989 2032 3060 columnae
2070 3000 2276 3077 atque
2323 2989 2522 3060 abaci
2573 2989 2673 3059 vel
2726 2990 2928 3091 signa
2968 3014 3162 3062 mar-

603 3097 837 3147 morea
885 3076 1120 3166 pluvia
1157 3077 1457 3147 instante
1503 3078 1757 3148 sudare
1804 3099 1886 3148 ac
1932 3078 2423 3149 circumfluere
2470 3078 2715 3149 solent:
2753 3101 2854 3149 sic
2885 3079 3166 3152 loculus

600 3163 756 3246 ille,
807 3164 1444 3252 qui'sacratissima
1502 3188 1795 3257 corpora
1842 3165 2275 3247 continebat,
2329 3187 2487 3236 vero
2540 3183 2788 3237 cruore
2832 3167 3154 3251 ma'dens,

598 3258 675 3323 et'
709 3275 790 3323 ex
836 3254 1030 3323 omni
1076 3265 1271 3354 parte
1319 3253 1644 3345 perfusus
1694 3254 2019 3325 inventus
2075 3266 2200 3326 est.
2269 3255 2540 3325 Terruit
2586 3277 2714 3328 nos
2763 3257 3045 3328 insolita
3080 3271 3163 3329 et

488 3379 493 3383 ·
600 3362 987 3430 numquam
1038 3363 1234 3432 prius
1277 3340 1515 3412 audita
1566 3343 1893 3414 'miraculi
1943 3344 2233 3434 species.
2296 3348 2731 3444 Quapropter
2770 3346 2943 3416 inito
2991 3367 3164 3417 oon-

601 3429 757 3500 silio
792 3485 807 3512 ,
862 3429 1265 3501 triduanum
1320 3431 1680 3521 jejunium
1742 3452 1903 3502 cum
1964 3432 2599 3523 supplicationibus
2648 3432 2872 3504 facere
2918 3433 3161 3505 decre-

601 3518 854 3598 vimus,
881 3530 959 3588 ut
995 3539 1077 3588 ex
1112 3517 1523 3589 revelatione
1565 3518 1806 3589 divina
1839 3520 2016 3591 scire
2060 3542 2510 3616 mereremur,
2535 3522 2707 3609 quid
2748 3520 2883 3594 sibi
2927 3522 3159 3605 vellet,

568 3606 855 3693 'quidve
903 3606 1300 3677 faciendum
1333 3620 1641 3678 moneret
1666 3611 2005 3712 magnum
2039 3608 2217 3679 illud
2248 3622 2313 3680 et
2338 3609 2690 3681 ineffabile
2725 3610 3160 3702 prodigium.

597 3699 839 3782 Itaque
887 3708 1163 3786 peracto
1194 3695 1381 3782 .illo4
1409 3696 1731 3767 triduano
1769 3698 2079 3789 Jejunio,
2119 3720 2283 3769 cum
2326 3699 2477 3788 jam
2526 3698 3157 3790 advesperasceret,

596 3783 856 3854 humor
923 3784 1042 3855 ille
1088 3785 1359 3856 cruoris
1422 3784 1750 3856 horrendi
1800 3786 2033 3858 subito
2080 3787 2307 3888 coepit
2351 3808 2665 3857 arescere
2695 3842 2711 3871 ,
2765 3809 2847 3858 ac
2895 3789 3164 3859 mirum

595 3871 670 3940 in
723 3871 1035 3955 modum,
1089 3874 1211 3962 qui
1260 3895 1386 3964 per
1430 3874 1801 3946 continuos
1847 3886 2109 3965 septem
2150 3874 2301 3962 dies
2349 3897 2541 3946 more
2579 3876 2905 3967 perennis
2939 3899 3163 3966 aquae

596 3960 749 4029 sine
795 3960 1310 4034 intermissione
1357 3961 1761 4045 distillabat,
1815 3964 1914 4033 sic
1965 3963 2148 4034 intra
2195 3965 2664 4054 paucissimas
2701 3965 2922 4037 'horas
2978 3967 3160 4037 exic-

594 4061 793 4119 catus
835 4062 960 4131 est,
1007 4064 1083 4121 ut
1129 4072 1209 4122 eo
1259 4051 1479 4121 noctis
1527 4062 1835 4143 tempore
1878 4053 2075 4141 (nam
2136 4053 2497 4124 Dominioa
2542 4053 2720 4143 erat)
2765 4074 2902 4141 quo
2952 4055 3159 4146 signo

595 4136 778 4218 dato,
809 4139 895 4209 ad
924 4139 1415 4212 antelucanum
1444 4138 1752 4241 officium
1781 4139 2280 4212 celebrandum
2312 4140 2677 4212 ecclesiam
2712 4143 3154 4225 intravimuS,

595 4226 871 4297 nullum
894 4227 1042 4318 jam
1077 4228 1147 4297 in
1192 4227 1420 4299 loculo
1454 4229 1819 4319 vestigium
1854 4228 2050 4300 illius
2086 4242 2313 4320 posset
2342 4230 2667 4301 inveniri.
2704 4231 2941 4301 Lintea
2967 4253 3152 4312 ver0,

594 4337 775 4404 quae
801 4316 987 4386 circa
1014 4315 1324 4387 loculum
1361 4316 1780 4408 pendebant,
1810 4329 1891 4388 ut
1917 4316 2159 4387 eodem
2183 4318 2468 4389 suerunt
2489 4319 2783 4389 humore
2812 4341 3157 4411 respersa,

598 4405 690 4475 ita
735 4418 815 4484 ut
847 4417 1060 4478 ‚erant
1107 4405 1513 4498 sanguineis
1564 4406 1861 4477 maculis
1909 4405 2160 4477 infecta
2201 4428 2477 4478 servare
2500 4408 2724 4498 jussi:
2779 4407 2852 4477 in
2895 4409 3158 4496 quibus
