3357 4995
174 337 390 404 JUNII
442 339 522 401 24
864 354 942 399 DE
989 353 1360 402 mmmmm
1408 355 1463 402 s.
1516 354 1780 402 Joxnms
1827 354 2005 400 BArr.
2493 337 2623 401 519

176 441 230 510 si
298 441 588 508 miratur
633 449 698 506 et
738 437 995 507 exultat
1044 460 1236 526 puer,
1292 438 1373 507 ad
1438 451 1691 508 tactum
1747 452 1880 507 tam
1932 438 2284 527 proximae
2342 439 2723 510 divinitatis

176 529 496 597 afflatus?
544 533 897 596 Poteratne
955 549 1196 596 vacare
1243 549 1284 595 a
1329 549 1770 614 quocumque
1822 527 2180 606 miracul0,
2235 528 2349 597 cui
2397 550 2725 617 praesens

179 618 415 686 aderat
482 616 687 685 Reois
758 615 1162 706 praesentia,
1236 616 1586 706 regnantis
1652 630 1889 696 mater,
1945 616 2188 685 mundi
2259 615 2512 686 Redem
2576 619 2723 687 tor?

177 706 378 788 Quid,
425 667 622 792 quod>
665 727 799 773 non
836 704 1045 778 semel
1098 715 1233 773 tarn
1269 719 1661 792 sanctorum
1713 705 2158 793 amplexuum
2204 704 2331 774 fuit
2380 704 2520 774 cele
2575 718 2721 776 rata

177 794 626 880 conjunctio?
657 793 904 863 Mansit
949 807 1177 862 autem
1233 795 1439 863 Maria
1486 817 1647 864 cum
1701 794 1818 862 illa
1849 795 2045 880 quasi
2085 794 2442 864 mensibus
2475 796 2719 876 tribuS,

178 884 275 953 ait
322 883 774 973 Evangelista.
831 887 1041 950 Tanto
1103 896 1403 971 ternpore
1466 895 1696 952 manet
1743 903 1901 951 cum
1953 882 2298 951 Elizabeth
2364 884 2726 972 virginalis

178 973 558 1061 integritas,
613 983 677 1040 et
741 993 928 1039 nune
1001 971 1298 1041 dulciori
1343 971 1709 1059 colloqui0,
1781 992 1968 1040 nunc
2038 971 2362 1060 amplexu
2431 971 2726 1041 feliciori

171 1062 514 1129 «Ioannem
570 1082 862 1150 puerum
926 1075 1299 1140 consecrat,
1361 1074 1426 1129 et
1479 1061 1792 1150 insignit.
1850 1065 1925 1128 Et
1973 1059 2280 1128 fortassis
2357 1083 2577 1147 usque
2650 1061 2719 1129 in

172 1150 357 1218 diem
411 1150 782 1218 nativitatis
813 1148 965 1237 ejus
1014 1149 1308 1238 gloriosa
1362 1150 1561 1239 Virgo
1595 1172 1754 1218 cum
1793 1161 2082 1237 cognata
2123 1171 2248 1217 sua
2290 1162 2551 1218 morata
2592 1163 2716 1231 est,

172 1239 393 1306 donec
447 1261 738 1327 puerum
775 1248 1011 1305 natum
1054 1238 1212 1306 sinu
1244 1238 1637 1307 beatissimo
1687 1238 2092 1314 confoveret,
2152 1250 2218 1306 et
2268 1259 2408 1307 uno
2461 1239 2723 1327 pariete

169 1339 430 1398 remoto
487 1326 1048 1416 propinquiorem
1101 1325 1411 1395 redderet
1471 1328 1896 1417 praesentiae
1951 1325 2305 1395 Creatoris.
2337 1327 2558 1395 Facile
2601 1350 2722 1396 au·

170 1430 307 1484 tem
343 1416 470 1483 hoc
517 1439 593 1483 ex
644 1414 992 1503 Evangelii
1051 1414 1441 1499 conjectura
1495 1415 1730 1502 liquet,
1785 1415 1946 1503 quia
1988 1416 2135 1503 jam
2193 1438 2308 1484 sex
2357 1438 2630 1486 menses
2676 1440 2716 1485 a

168 1504 620 1593 conceptione
667 1504 956 1571 Joannis
1013 1503 1463 1582 defluxerant,
1503 1527 1661 1573 cum
1701 1504 1784 1572 ad
1843 1505 2192 1593 Virginem
2246 1505 2720 1594 Archangelus

166 1595 430 1662 missus
483 1605 606 1671 est,
645 1592 764 1677 qui
816 1593 1322 1660 renovationem
1376 1592 1618 1660 mundi
1674 1593 1920 1681 pudori
1974 1593 2278 1682 virgineo
2322 1615 2497 1663 nova
2529 1592 2717 1661 salu-

169 1684 427 1751 tatione
487 1681 800 1769 portavit.
864 1686 953 1748 Ex
1004 1681 1164 1748 hinc
1219 1682 1415 1770 Virgo
1480 1680 1754 1749 festinat
1801 1682 1886 1748 ad
1952 1680 2318 1761 Elizabeth,
2382 1695 2445 1750 et
2498 1682 2719 1753 tribus

171 1771 532 1839 mensibus
584 1771 967 1858 praesentia
1039 1791 1162 1837 sua
1227 1781 1555 1857 cognatae
1621 1769 1950 1859 dignatur
2000 1770 2427 1858 hospitium,
2498 1771 2717 1841 donec

174 1860 338 1927 noni
380 1860 637 1927 mensis
664 1858 822 1938 fine,
860 1857 1185 1926 concluso
1238 1858 1555 1925 nativitas
1606 1858 1996 1926 immineret
2037 1858 2494 1928 Patriarchae.
2560 1859 2712 1938 Alii,

170 1949 291 2033 qui
367 1947 619 2015 librum
660 1947 1009 2034 justorum
1073 1945 1628 2035 diligentioribus
1677 1946 1899 2016 oculis
1954 1947 2435 2037 inspexerunt,
2503 1949 2598 2018 ibi
2647 1972 2722 2019 se

170 2036 427 2106 vidisse
476 2047 847 2115 testantur,
910 2035 1088 2120 quod
1145 2035 1293 2124 ipsa
1362 2037 1477 2104 Dei
1527 2035 1826 2104 Genitrix
1878 2035 2146 2104 felicem
2216 2059 2506 2125 puerum
2573 2038 2723 2126 pri-

172 2147 368 2192 mum
422 2125 504 2191 de
563 2136 740 2192 terra
799 2124 1068 2204 levarit,
1122 2137 1185 2191 et
1233 2137 1561 2212 cognatae
1634 2136 1908 2212 partum
1961 2126 2150 2193 omni
2205 2138 2563 2215 prosecuta
2633 2127 2721 2195 sit

169 2213 519 2283 servitute.
576 2218 1022 2297 Quocumque
1070 2225 1298 2281 autem
1350 2213 1551 2281 modo
1603 2214 1700 2281 rei
1735 2213 1949 2300 hujus
1983 2214 2227 2283 veritas
2276 2215 2708 2294 decernatur,

170 2300 342 2369 illud
410 2322 529 2389 pro
582 2314 763 2369 certo
812 2313 1072 2370 certum
1109 2315 1231 2380 est,
1289 2302 1452 2387 quia
1516 2324 1652 2369 non
1705 2324 1951 2389 parum
2002 2302 2536 2392 contulitpuero
2587 2325 2711 2371 na-

172 2391 432 2458 scituro
482 2401 618 2458 tam
666 2389 823 2458 felix
855 2402 918 2458 et
971 2412 1320 2459 morosum
1371 2391 1814 2459 intemeratae
1862 2392 2216 2480 genitricis
2253 2391 2657 2480 hospitium.

259 2480 296 2563 §
345 2483 437 2549 6.
495 2467 792 2559 Quartus
841 2478 1079 2559 honor,
1128 2479 1462 2568 gaudium
1521 2480 1588 2547 in
1642 2480 2012 2549 nativitate.
2059 2483 2397 2550 Erubesce
2441 2479 2708 2561 lucifer,

168 2568 284 2654 qui
341 2590 543 2635 mane
575 2568 926 2648 oriebaris,
972 2579 1037 2636 et
1083 2581 1456 2637 conatuum
1507 2582 1784 2638 tuorum
1835 2568 2201 2638 frustratus
2253 2569 2705 2659 impulsibus,
2773 2650 2782 2658 ‚

171 2656 449 2725 tandem
515 2657 856 2746 intellige,
910 2658 1074 2742 quia
1140 2658 1206 2724 in
1264 2658 1634 2725 novissimo
1696 2658 2015 2737 dierum,
2089 2672 2414 2745 tanquam
2470 2658 2709 2746 perdix

171 2745 625 2815 stultissimus
664 2746 1071 2814 remanebis.
1128 2745 1751 2816 Machinationibus
1800 2748 1936 2817 tuis
1984 2748 2235 2817 factum
2288 2759 2412 2824 est,
2458 2759 2534 2815 ut
2584 2748 2711 2816 hu-

171 2835 360 2902 mani
423 2834 694 2923 generis
746 2835 1157 2902 universitas
1206 2837 1274 2902 in
1322 2837 1614 2923 peccatis
1664 2837 2164 2925 conciperetur,
2205 2848 2600 2904 nasceretur
2635 2836 2701 2902 in

172 2924 466 2991 tristitia.
527 2923 652 2991 Sed
702 2945 856 2990 ecce
915 2924 1037 2993 iste
1085 2924 1153 2991 in
1216 2937 1407 2992 utero
1472 2926 1963 3001 sanctificatur,
2019 2925 2237 2993 oritur
2303 2925 2368 2992 in
2423 2924 2703 3014 gaudie,

172 3010 637 3097 laetitiamque
690 3012 950 3080 mundo
999 3034 1127 3080 sua
1177 3014 1521 3081 nativitate
1554 3012 1877 3082 refundit.
1934 3018 2101 3082 Ecce
2149 3036 2368 3103 genus
2402 3026 2711 3082 armatu-

171 3123 306 3179 rae,
361 3101 541 3186 quod
602 3100 721 3169 tibi
770 3101 1222 3169 constitueras
1255 3102 1339 3169 ad
1386 3102 1759 3183 victoriam,
1805 3103 2056 3171 Joanni
2106 3102 2413 3172 nascitur
2469 3102 2555 3171 ad
2593 3123 2708 3170 co-

173 3211 437 3261 ronam.
510 3188 957 3277 Apprehende
1014 3212 1205 3257 arma
1264 3205 1327 3259 et
1377 3206 1673 3270 scutum,
1731 3204 1794 3258 et
1843 3205 1975 3260 toto
2029 3190 2479 3281 malignitatis
2556 3203 2711 3260 tuae

171 3278 421 3366 spiritu
456 3278 921 3346 debacchare:
980 3301 1111 3346 non
1168 3292 1393 3347 tamen
1449 3281 1698 3368 poteris
1735 3282 2118 3368 irrumpere
2163 3280 2464 3348 Joannis
2499 3281 2711 3370 privi-

174 3364 453 3454 legium,
510 3366 691 3452 quod
744 3367 1042 3456 benigna
1084 3368 1447 3436 scribentis
1500 3391 1750 3437 manus
1786 3370 2060 3458 proprio
2109 3371 2449 3438 caractere
2489 3370 2716 3437 consi-

171 3456 423 3542 gnavit.
484 3455 767 3524 Multum
812 3457 1163 3545 deceptuS,
1226 3456 1521 3525 multum
1558 3457 1843 3526 delusus
1890 3479 1985 3525 es,
2041 3462 2137 3525 An
2190 3460 2492 3546 ignoraS,
2548 3459 2714 3543 quia

172 3543 292 3611 tibi
345 3546 445 3612 vir
486 3543 776 3612 bellator
823 3545 909 3613 ab
957 3544 1439 3625 adolescentia,
1475 3560 1540 3614 et
1572 3547 1775 3614 etiam
1827 3569 1866 3614 a
1918 3547 2156 3614 matris
2179 3561 2385 3621 ,utero
2420 3569 2711 3615 consur-

170 3632 308 3719 git?
358 3634 592 3705 Nescis
626 3634 792 3719 quia
823 3657 861 3701 a
912 3633 1156 3703 diebus
1190 3634 1388 3702 istius
1440 3657 1726 3724 regnum
1780 3635 2126 3703 coelorum
2165 3635 2298 3703 vim
2338 3636 2616 3723 patitur,
2649 3647 2716 3703 et

175 3719 446 3790 violenti
524 3723 805 3810 rapiunt
866 3722 1094 3791 illud?
1142 3728 1233 3789 An
1278 3722 1533 3791 oblitus
1587 3745 1682 3801 eS,
1737 3724 1900 3809 quia
1953 3724 2076 3793 ist-e
2128 3723 2420 3793 mittitur
2472 3745 2717 3813 parare

180 3810 460 3880 Domino
511 3811 778 3900 plebem
826 3810 1245 3900 perfectam?
1286 3814 1555 3880 Intuere
1603 3812 1916 3879 ordinem
1965 3834 2218 3890 rerum,
2282 3826 2347 3880 et
2408 3813 2494 3881 ab
2546 3813 2718 3901 ipsis

178 3914 340 3964 suae
388 3901 858 3989 conceptionis
900 3899 1116 3968 initiis
1168 3900 1470 3968 invenies
1519 3900 1707 3969 hunc
1760 3900 2070 3968 validiori
2122 3902 2490 3969 conamine
2525 3914 2714 3969 tuam

180 3980 641 4057 fortitudinem
698 3989 1075 4078 irrupisse:
1139 3994 1237 4055 Tu
1299 3988 1540 4069 fecisti,
1592 4001 1666 4057 ut
1714 3989 2063 4057 fratricida
2114 3990 2300 4069 Cain,
2345 3991 2469 4076 qui
2521 3990 2720 4078 prius

180 4081 379 4139 natus
424 4091 547 4157 est,
598 4077 902 4168 pollutus
950 4090 1014 4145 et
1078 4076 1443 4145 obvolutus
1494 4079 1728 4155 exiret,
1782 4091 1848 4146 et
1893 4078 2252 4166 originalis
2303 4078 2563 4168 peccati
2618 4100 2719 4146 re·

182 4176 608 4261 spergeretur
675 4166 984 4236 infamia.
1039 4170 1239 4235 Hunc
1311 4167 1574 4272 excepit
1619 4166 1808 4235 orbis
1864 4167 2256 4247 exterrituS,
2314 4180 2378 4237 et
2427 4166 2722 4236 humani

181 4266 450 4343 generis
489 4256 855 4324 subsecuta
885 4255 1224 4335 nativitas
1262 4255 1347 4323 ad
1385 4254 1697 4323 inunitae
1739 4254 2051 4325 tristitiae
2091 4255 2453 4324 cumulum
2489 4269 2717 4323 trans-

183 4339 516 4422 migravit.
600 4344 920 4414 Nativitas
981 4357 1210 4413 autem
1272 4342 1571 4412 hominis
1613 4343 1817 4412 istius
1882 4343 1951 4411 in
2015 4344 2269 4433 gaudio
2322 4356 2466 4422 est,
2530 4355 2594 4411 et
2645 4343 2715 4409 in

184 4420 672 4499 solemnitatem
726 4432 1171 4521 praeclaram.
1228 4437 1541 4503 Laetatur
1573 4432 1783 4513 orbiS,
1840 4444 1904 4500 et
1954 4453 2073 4521 per
2119 4445 2414 4518 quatuor
2466 4430 2712 4500 mundi
