3357 4995
723 317 852 381 620
1406 332 1484 378 nn
1533 333 1587 379 s.
1643 331 1967 379 samsom:
2015 329 2385 378 xENonocno
2818 313 3054 378 JUNII
3113 314 3206 377 27

636 441 772 488 non
814 418 883 486 in
920 415 1204 495 somnis,
1259 438 1479 502 neque
1528 416 1614 485 ad
1657 415 1917 485 nudam
1970 415 2195 485 solum
2225 416 2559 485 visionem
2589 413 2770 483 facta
2820 429 3015 496 sunt,
3065 415 3203 485 sed

632 530 711 576 ea
761 529 867 577 res
901 506 1049 597 ipsa
1093 503 1415 575 ostendit.
1474 510 1664 573 Mane
1713 505 1894 574 enim
1921 517 2190 574 mutum
2239 504 2518 590 quidem
2554 515 2698 573 erat
2747 526 2825 572 os
2859 506 3194 583 GenesiO,

632 597 943 687 nigrores
991 607 1216 663 autem
1260 606 1324 663 et
1362 593 1609 662 livores
1659 592 2002 663 manifesti
2056 594 2126 661 in
2175 615 2481 683 corpore,
2549 593 2668 678 qui
2729 615 2870 661 non
2942 594 3198 663 minus

631 706 840 772 quam
872 684 1134 773 lingua,
1173 683 1240 750 id
1289 682 1475 769 quod
1529 682 1784 751 sactum
1835 683 2079 763 fuerat,
2153 682 2662 771 significabant.
2725 686 2893 750 Cum
2949 682 3196 769 itaque

630 774 967 861 quidnam
1013 773 1142 841 sibi
1178 772 1560 851 accidisset,
1615 784 1895 861 rogatus
1942 770 2284 860 explicare
2349 793 2483 840 non
2538 782 2803 859 posset,
2860 770 2924 839 ei
2977 770 3196 839 datur

632 864 894 941 charta,
931 873 995 929 et
1044 862 1110 929 in
1163 882 1241 928 ea
1291 860 1551 941 scribit,
1597 860 1942 947 quomodo
1993 882 2066 929 se
2113 860 2518 929 habuissent
2569 878 2743 945 quae
2794 859 2977 928 facta
3032 859 3191 929 fue—

631 965 807 1020 rant.
863 957 1022 1019 Tres
1071 950 1343 1018 interim
1395 950 1542 1017 dies
1593 950 2113 1038 praeterierunt,
2167 961 2230 1017 et
2263 948 2378 1017 ille
2431 947 2706 1035 quidem
2760 947 2996 1016 adhuc
3034 963 3188 1018 erat

629 1040 952 1129 elinguis.
1011 1043 1175 1106 Cum
1229 1038 1392 1105 haec
1460 1050 1689 1107 autem
1729 1039 1877 1127 jam
1936 1038 2268 1106 audiisset
2321 1037 2771 1128 DrungariuS,
2839 1058 2980 1105 non
3030 1060 3186 1107 am-

632 1129 819 1219 plius
868 1127 1205 1213 contineri
1256 1138 1556 1215 poterat,
1614 1126 1733 1194 sed
1790 1127 1875 1194 ad
1927 1149 2193 1195 sacram
2246 1126 2528 1195 domum
2591 1126 2820 1193 statim
2882 1126 3178 1198 accedit,

630 1218 921 1307 cupiens
950 1216 1229 1302 quidem
1311 1237 1383 1283 er
1422 1216 2024 1303 interrogationem
2054 1229 2118 1284 et
2153 1215 2668 1304 responsionem
2701 1213 2946 1282 audire
2978 1238 3181 1304 aper·

635 1307 773 1376 tius
820 1328 996 1392 quae
1044 1304 1218 1372 facta
1287 1307 1562 1372 ueranl:
1618 1304 1734 1374 sed
1787 1305 2069 1374 modum
2126 1325 2257 1372 non
2303 1304 2659 1372 inveniens
2709 1315 2991 1391 propter
3029 1305 3182 1371 vin-

630 1395 811 1476 cula,
866 1393 1121 1480 quibus
1170 1391 1395 1460 adhuc
1429 1404 1572 1461 erat
1619 1392 1944 1462 adstricta
1996 1394 2232 1479 lingua
2258 1394 2406 1482 ejus
2452 1392 2573 1479 qui
2622 1412 2874 1480 passus
2923 1392 3174 1472 fuerat,

633 1506 775 1553 rem
819 1481 1185 1551 committit
1221 1480 1566 1570 precibus:
1609 1486 1851 1550 Sancte
1893 1483 2042 1563 Dei,
2089 1482 2350 1561 dicenS,
2407 1483 2463 1551 si
2516 1480 2653 1550 scis
2700 1493 2967 1566 quanta
3024 1502 3182 1549 mea

632 1574 719 1641 sit
769 1572 839 1640 in
887 1584 946 1639 te
1000 1570 1191 1646 fides,
1246 1581 1310 1638 et
1357 1591 1563 1656 quam
1627 1570 1873 1638 fuerim
1925 1571 1995 1639 in
2048 1583 2161 1639 tuo
2211 1570 2591 1639 ministerio
2630 1566 2961 1658 diligens,
3015 1592 3179 1638 con-

631 1660 820 1739 cede,
876 1672 953 1727 ut
1002 1658 1356 1737 GenesiuS,
1393 1659 1543 1747 ipsa
1592 1659 1855 1749 linguA,
1896 1682 1974 1727 ea
2003 1681 2178 1746 quae
2214 1682 2458 1748 passus
2492 1671 2592 1728 est
2621 1658 2970 1726 enunciet.
3010 1663 3178 1726 Cum

634 1750 751 1818 ille
800 1749 900 1817 sic
948 1761 1122 1816 esset
1173 1760 1509 1835 precatus,
1568 1769 1701 1815 non
1754 1748 1880 1817 tuit
1929 1748 2288 1817 fraudatus
2338 1771 2462 1817 sua
2518 1747 2876 1847 petitione:
2933 1746 3052 1816 sed
3092 1749 3176 1816 ab

635 1840 787 1927 ipso
838 1849 1117 1927 rogatus
1153 1838 1515 1916 Genesius‚
1573 1838 1876 1926 primum
1930 1836 2208 1923 quidem
2269 1836 2714 1915 balbutiebat,
2768 1835 3173 1922 exiliterque

632 1941 697 1996 et
761 1926 1076 1996 intercise
1126 1924 1553 2011 loquebatur,
1610 1937 1675 1994 et
1740 1948 1818 1993 ea
1867 1925 2137 1994 dicebat
2200 1948 2376 2011 quae
2427 1926 2658 1993 minus
2708 1923 3005 2013 intelligi
3057 1947 3176 2013 po·

636 2027 873 2085 terant.
934 2015 1195 2103 Lingua
1242 2026 1470 2082 autem
1521 2014 1581 2081 ei
1615 2013 1951 2103 paulatim
2003 2014 2322 2093 relaxata,
2363 2014 2600 2083 omnia
2641 2012 2960 2101 explicat,
3007 2014 3176 2101 adji-

635 2104 827 2172 ciens
875 2105 1077 2171 etiam
1111 2102 1197 2171 de
1229 2101 1432 2171 domo
1485 2104 1720 2191 magni
1761 2104 2134 2172 Samsonis:
2177 2115 2454 2192 propter
2484 2103 2672 2171 illam
2714 2102 2901 2169 enim
2957 2104 3174 2193 magis

634 2193 1106 2269 succensebat,
1158 2213 1358 2277 quae,
1416 2192 1678 2260 vivente
1710 2191 1988 2278 quidem
2039 2205 2298 2271 sanct0,
2351 2206 2415 2260 et
2465 2192 2531 2259 in
2585 2190 2720 2257 vita
2769 2189 3005 2258 adhuc
3055 2215 3168 2260 su-

637 2282 937 2371 perstite,
998 2280 1175 2347 male
1218 2302 1287 2348 se
1338 2280 1666 2359 habebat,
1725 2292 1789 2349 et
1844 2280 2106 2349 nullius
2153 2294 2297 2349 erat
2345 2281 2590 2369 pretii:
2646 2299 2807 2347 cum
2860 2293 3092 2347 autem
3142 2302 3172 2347 e

636 2372 768 2440 vita
806 2372 1193 2459 migrasset,
1247 2382 1311 2437 et
1360 2369 1722 2439 manifesta
1772 2370 1918 2459 jam
1970 2383 2147 2438 esset
2192 2370 2342 2458 ejus
2399 2368 2764 2446 sanctitas,
2818 2369 3172 2456 oportebat

632 2481 781 2528 eam
819 2459 1104 2528 omnino
1152 2458 1499 2538 honorari,
1553 2470 1616 2527 et
1666 2470 1996 2544 tanquam
2031 2458 2316 2527 domum
2352 2457 2541 2529 illius
2594 2457 2924 2545 reputari.
2983 2457 3167 2541 Quod

634 2549 913 2634 quidem
968 2548 1223 2616 factum
1256 2561 1356 2616 est
1391 2548 1498 2636 pie
1524 2560 1589 2616 et
1621 2548 1974 2637 religiose:
2032 2560 2289 2617 mutata
2320 2549 2501 2616 enim
2536 2559 2637 2617 est
2685 2546 2752 2614 in
2807 2548 3164 2637 templum,

635 2650 700 2707 et
749 2650 1063 2706 assecuta
1109 2648 1211 2704 est
1248 2658 1424 2716 eam,
1478 2658 1686 2723 quam
1744 2659 1866 2725 par
1911 2649 2034 2717 est,
2089 2637 2619 2705 venerationem.

721 2729 757 2812 ἓ
803 2731 951 2798 12.
1008 2725 1479 2814 conjungatur
1507 2724 2077 2814 praecedentibus
2110 2725 2374 2815 Georgii
2405 2747 2678 2812 quoque
2714 2725 3164 2795 miraculum:

638 2837 774 2882 non
829 2827 930 2882 est
976 2815 1159 2882 enim
1216 2814 1379 2893 leve,
1435 2835 1559 2882 nec
1608 2814 1929 2903 vulgare,
1987 2836 2205 2899 neque
2252 2813 2864 2883 contemnendum.
2923 2819 2990 2883 Is
3036 2826 3172 2880 crat

638 2903 920 2990 quidem
974 2903 1288 2971 minister
1336 2903 1655 2971 monachi
1707 2902 2069 2972 cu’usdam
2105 2916 2168 2971 et
2201 2903 2594 2982 sacerdotis,
2651 2904 2930 2972 nomine
2959 2903 3169 2990 Ephe-

639 2991 811 3059 dim.
867 2997 1032 3060 Cum
1083 3003 1312 3060 autem
1367 2992 1674 3081 liydrOpe
1725 2990 1784 3059 la
1842 3005 2098 3070 oraret,
2154 3006 2217 3059 et
2266 2992 2335 3059 in
2374 3015 2564 3062 sacra
2618 2993 2850 3081 magni
2905 2997 3168 3060 Samso-

636 3081 746 3148 nis
795 3080 959 3148 aede
1008 3093 1184 3149 esset
1233 3080 1610 3168 reposituS,
1667 3081 1900 3149 omnia
1947 3080 2227 3167 quidem
2282 3081 2531 3170 repulit
2591 3103 2768 3167 quae
2826 3080 2891 3149 ei
2936 3104 2972 3147 a
3033 3102 3166 3147 me-

639 3169 816 3236 dicis
868 3167 1061 3257 prius
1122 3181 1313 3237 erant
1362 3169 1447 3236 ad
1527 3168 1863 3238 medelam
1931 3169 2276 3248 adhibita,
2329 3181 2404 3238 ut
2452 3193 2491 3238 a
2539 3170 2797 3255 quibus
2851 3167 3165 3238 omnibus

639 3256 816 3324 nihil
868 3257 1019 3345 opis
1065 3258 1417 3327 sensisset.
1475 3257 1727 3326 Deinde
1774 3280 1931 3326 cum
1984 3280 2182 3346 aegre
2231 3257 2454 3339 ferret,
2507 3259 2691 3344 quod
2731 3257 2966 3327 tandiu
3030 3255 3164 3323 illic

636 3345 1103 3424 decumberet,
1159 3368 1353 3416 sacra
1405 3346 1521 3414 illa
1550 3345 1716 3414 aede
1766 3346 2023 3426 relicta,
2066 3347 2207 3414 abit
2243 3347 2309 3414 in
2348 3347 2612 3415 domini
2648 3344 3158 3415 domunculam.

641 3441 785 3504 Non
838 3446 1058 3503 cessat
1105 3447 1332 3503 autem
1385 3435 1715 3503 dominus
1761 3457 1918 3503 eum
1970 3456 2248 3503 monere
2307 3450 2372 3504 et
2425 3435 2705 3517 hortari,
2762 3448 2838 3504 ut
2884 3446 3159 3502 reverta-

638 3536 774 3604 tur,
814 3536 878 3591 et
919 3525 984 3590 in
1039 3524 1253 3592 sancti
1290 3523 1495 3592 domo
1544 3524 1772 3592 adhuc
1808 3537 2100 3593 maneat.
2155 3529 2317 3592 Cum
2356 3546 2511 3593 vero
2546 3547 2681 3593 non
2734 3522 3158 3615 persuaderet

635 3614 705 3702 (a
758 3612 981 3683 verbis
1008 3613 1190 3680 enim
1216 3612 1602 3682 abstinebat
1634 3612 2102 3701 asperioribus
2133 3625 2408 3702 propter
2444 3613 2664 3681 morbi
2707 3609 3144 3702 gravitatem).

636 3707 714 3769 At
742 3701 1141 3780 oratorium,
1197 3701 1443 3787 inquit,
1499 3700 1737 3771 saltem
1790 3702 2172 3791 ingredere.
2226 3701 2637 3771 adoraturus
2682 3702 2902 3790 ipsam
2953 3696 3151 3768 sancti

639 3790 1037 3878 imaginem.
1096 3790 1347 3858 Deinde
1395 3814 1554 3860 cum
1611 3790 1838 3858 oleum
1890 3791 2259 3879 acceperis,
2312 3804 2377 3859 et
2427 3804 2487 3859 te
2553 3791 2880 3870 unxeris,
2936 3791 3000 3857 in
3047 3799 3148 3853 tuo

639 3878 811 3946 lecto
872 3879 1215 3947 recumbe.
1272 3879 1392 3948 llle
1460 3892 1686 3948 autem
1741 3879 1897 3947 fecit
1961 3879 2144 3965 quod
2199 3880 2445 3978 jussus
2496 3879 2741 3948 fuerat.
2805 3885 3145 3963 Postquam

642 3989 799 4035 vero
848 3965 977 4036 fuit
1010 3966 1181 4048 dies,
1212 3966 1589 4054 jubebatur
1636 3967 1917 4053 quidem
1953 3990 1993 4036 a
2041 3968 2322 4036 domino
2362 3967 2592 4036 adbuc
2631 3968 2852 4036 facere
2887 3963 3137 4034 similia.

639 4055 761 4124 Ille
807 4067 1061 4124 autem:
1118 4056 1244 4124 Sed
1285 4077 1432 4145 eg0,
1488 4056 1733 4142 inquit,
1786 4056 2129 4136 convalui,
2168 4069 2230 4124 et
2282 4057 2506 4124 Sancti
2542 4057 2790 4125 virtute
2839 4077 2984 4123 sum
3027 4072 3143 4141 pu-

641 4167 785 4212 ram
838 4156 1194 4214 assecutus
1225 4145 1609 4214 sanitatem.
1656 4149 1795 4214 Hac
1823 4145 2006 4214 enim
2060 4158 2253 4214 nocte
2296 4144 2466 4213 mihi
2497 4167 2839 4234 apparens
2889 4144 2955 4210 in
2987 4161 3143 4209 som-

641 4233 751 4302 nis
800 4247 1104 4312 sanctuS,
1150 4246 1214 4301 et
1264 4255 1492 4302 meum
1538 4246 1838 4302 ventrem
1890 4234 2128 4324 tetigit,
2185 4247 2250 4302 et
2297 4233 2467 4302 dixit
2526 4233 2736 4302 mihi:
2791 4232 2947 4310 Abi,
3004 4248 3144 4297 cum

643 4322 739 4392 sis
788 4345 1022 4391 sanus:
1079 4322 1253 4390 nihil
1301 4323 1484 4390 enim
1538 4321 1702 4390 mali
1740 4336 1799 4390 te
1839 4337 2029 4391 vexat
2061 4323 2387 4411 amplius.
2453 4327 2632 4392 Haec
2681 4322 2767 4390 ad
2820 4320 3015 4389 fidem
3060 4315 3146 4382 sa-

641 4410 955 4479 ciendam
1007 4409 1288 4479 domino
1332 4432 1464 4479 non
1532 4412 1984 4492 suffecerunt,
2041 4411 2158 4482 sed
2218 4413 2366 4500 ejus
2414 4410 2569 4480 fecit
2619 4409 3033 4501 periculum,
3082 4417 3137 4471 et
