3357 4995
229 321 451 388 JUNII
507 321 587 385 13
976 334 1058 383 nn
1108 338 1164 383 s.
1216 337 1492 385 ΑΝΤοΝιο
1541 340 1582 384 A
1630 339 1839 386 ranna
1888 338 2070 386 mero
2574 321 2690 386 30⁴

236 424 630 513 captivitate
680 423 970 492 miseros
1020 421 1316 492 libertati
1369 423 1686 503 restituit,
1739 434 1906 510 quot
1935 423 2051 492 ille
2085 444 2215 501 res,
2272 445 2394 513 per
2432 445 2683 493 usuras
2730 435 2794 493 et

237 512 573 582 nefariam
637 511 772 579 vim
824 508 980 580 aliis
1048 524 1358 600 ereptaS,
1434 511 1894 582 restituendas
1959 513 2247 581 curavit.
2303 513 2791 582 Reddebantur

239 603 554 701 pignora,
611 601 1137 670 remittebantur
1193 598 1447 679 debita,
1489 600 1557 668 in
1608 600 1818 669 variis
1865 601 2157 689 negotiis
2222 601 2512 672 consilia
2559 625 2599 670 a
2650 602 2795 669 viro

240 697 357 760 Dei
405 690 925 779 expetebantur,
979 701 1043 757 et
1084 688 1573 779 promittebant
1621 710 1863 758 omnes
1912 710 1984 758 se
2033 701 2331 759 staturos
2377 690 2662 758 arbitrio
2711 690 2791 757 il-

235 780 401 849 lius.
447 778 1073 868 Compescebantur
1123 790 1345 847 scorta
1394 801 1434 846 a
1481 778 1823 867 flagitioso
1878 778 2278 857 concubitu,
2336 777 2523 848 fures
2570 792 2635 847 et
2693 779 2795 845 in—

235 870 472 958 signes
511 866 887 957 praedones
924 866 1452 936 retrahebantur
1485 888 1524 935 a
1562 867 2096 936 contrectatione
2132 866 2229 935 rei
2259 867 2547 936 alienae.
2581 874 2794 953 Atque

225 951 429 1027 ‘hunc
478 956 548 1024 in
586 957 870 1025 modum
905 956 1053 1024 dies
1102 955 1257 1024 illos
1303 955 1765 1112 quadraginta
1812 955 2208 1025 felicissime
2265 956 2585 1045 exigens,
2639 977 2797 1056 gra-

238 1060 376 1117 tam
435 1048 720 1116 Domino
755 1067 1046 1115 messem
1112 1044 1424 1113 solicitus
1474 1044 1554 1113 ad
1614 1045 1780 1113 uxit.
1834 1049 1914 1130 ‘In
1969 1057 2154 1113 tanta
2202 1055 2430 1113 autem
2488 1045 2798 1131 undique

234 1134 796 1203 concurrentium
863 1134 1062 1202 turba
1112 1133 1181 1200 id
1233 1132 1359 1201 fuit
1411 1133 1867 1202 admiratione
1916 1133 1986 1201 di
2041 1153 2249 1212 num,
2311 1134 2495 1218 quod
2560 1134 2798 1202 nullus

241 1246 391 1293 sese
420 1223 1028 1312 comprimentium
1079 1221 1342 1294 clamor
1375 1222 1809 1302 audiebatur,
1878 1221 1995 1290 nul
2031 1244 2071 1290 a
2118 1223 2530 1291 cernebatur
2574 1223 2797 1293 disso—

241 1313 438 1390 lutio,
496 1313 676 1381 risus
711 1310 971 1388 nullus,
1021 1309 1256 1379 nullae
1308 1331 1500 1379 voces
1552 1311 2135 1400 percipiebantur,
2197 1310 2372 1379 nulli
2428 1312 2795 1402 infantium

241 1405 535 1491 vagum,
583 1400 841 1487 quibus
898 1399 1000 1467 vel
1052 1421 1298 1488 parum
1348 1401 1498 1489 ejus
1538 1399 1922 1469 'conciones
1971 1398 2596 1488 interpellarentur.
2653 1405 2798 1468 Sta-

139 1554 145 1558 .
239 1490 408 1558 bant
469 1511 709 1558 omnes
742 1487 1025 1556 arrectis
1065 1487 1377 1567 auribuS,
1417 1488 1899 1559 intentissimis
1934 1499 2263 1577 perpetuo
2314 1488 2381 1556 in
2424 1488 2645 1557 virum
2687 1489 2801 1556 Dei

241 1579 491 1654 oculis,
549 1579 697 1650 sine
747 1575 890 1646 ullo
941 1576 1161 1645 taedio
1224 1598 1385 1644 cum
1435 1575 1648 1646 multa
1711 1577 2065 1645 devotione
2112 1598 2272 1645 eum
2330 1577 2748 1647 sustinentes
2779 1632 2795 1653 ‚

246 1666 534 1766 perinde
561 1689 639 1735 ac
670 1666 728 1734 si
779 1686 915 1733 non
947 1665 1178 1744 homO,
1228 1666 1345 1734 sed
1400 1665 1692 1765 angelus
1743 1666 1984 1754 lapsus
2030 1687 2066 1734 e
2113 1686 2390 1735 summo
2439 1665 2650 1744 coelo,
2714 1665 2799 1733 ad

249 1755 406 1825 illos
454 1755 1002 1823 concionaretur.
1038 1759 1264 1840 Neque
1311 1754 1379 1822 id
1432 1775 1715 1838 mirum,
1750 1753 2312 1857 quandoquidem
2366 1767 2551 1823 tanta
2601 1754 2799 1823 illum

251 1843 588 1914 Dominus
618 1843 836 1933 gratia
886 1841 1308 1932 perfuderat,
1356 1855 1432 1911 ut
1472 1842 1715 1932 lingua
1763 1843 2300 1934 iacundissima,
2343 1865 2502 1912 voce
2560 1843 2801 1912 claris-

249 1934 451 2014 sima,
508 1955 632 2003 sua
683 1933 888 2002 verba
937 1931 1154 1999 instar
1201 1933 1407 2004 tubae
1438 1931 1806 2021 cujusdam
1854 1934 2286 2020 expromens,
2342 1932 2427 2001 ab
2475 1932 2803 2000 omnibus

241 2035 306 2090 et
351 2021 711 2091 audiretur
762 2032 826 2089 et
876 2019 1393 2110 intelligeretur.
1450 2025 1580 2088 Nec
1627 2020 1697 2088 id
1730 2020 2184 2090 admiratione
2233 2033 2465 2098 vacat,
2509 2041 2669 2090 cum
2725 2021 2797 2100 in

250 2111 629 2210 longinqua
682 2109 957 2199 regione
1007 2123 1211 2179 natus
1240 2120 1304 2176 et
1351 2109 1685 2179 educatus
1719 2108 1937 2178 multo
1969 2121 2272 2202 tempore
2310 2109 2574 2188 fuisset,
2613 2109 2802 2195 quod

252 2197 488 2267 Italico
526 2198 850 2267 idiomate
897 2197 1066 2266 adeo
1105 2196 1309 2287 polite
1340 2198 1582 2287 potuit,
1636 2219 1812 2284 quae
1846 2195 2059 2267 voluit
2099 2198 2584 2286 pronunciare,
2631 2220 2709 2266 ac
2746 2198 2804 2266 si

255 2299 441 2355 extra
491 2287 757 2356 ltaliam
797 2308 1156 2372 nunquam
1210 2287 1550 2376 posuisset
1584 2287 1854 2374 pedem.
2006 2299 2013 2314 ·

340 2378 376 2461 ἓ
427 2380 568 2447 21.
601 2382 883 2444 Tantam
929 2396 1085 2443 vero
1117 2375 1481 2462 utriusque
1505 2397 1710 2470 sexus
1751 2375 2261 2443 multitudinem
2292 2374 2377 2442 ad
2412 2374 2805 2444 confitenda

254 2475 532 2554 peccata
578 2487 703 2534 sua
752 2463 1041 2543 remisit,
1083 2477 1156 2533 ut
1207 2486 1330 2533 nec
1380 2469 1668 2543 Fratres,
1708 2485 1832 2532 nec
1866 2463 1987 2534 alii
2034 2463 2445 2543 sacerdotes,
2501 2464 2620 2551 qui
2666 2484 2803 2532 non

251 2554 455 2643 pauci
524 2576 680 2622 eum
755 2554 1301 2633 comitabantur,
1356 2553 1496 2622 illis
1566 2553 1935 2622 audiendis
1993 2551 2410 2622 sufficerent.
2482 2552 2807 2621 Dicebant

209 2656 504 2721 autem,
540 2642 662 2729 qui
696 2642 782 2710 ad
818 2642 1156 2732 agendam
1206 2642 1695 2731 poenitentiam
1741 2642 2126 2723 veniebant,
2171 2641 2405 2711 divino
2437 2643 2635 2729 jussu
2679 2640 2804 2709 ad-

245 2732 548 2801 monitos
595 2743 659 2800 et
707 2730 792 2799 ad
843 2731 1210 2799 Antonium
1265 2731 1732 2810 transmissos,
1776 2730 1844 2800 id
1897 2752 1968 2799 se
2017 2730 2087 2799 in
2133 2730 2476 2800 mandatis
2524 2730 2800 2807 habere,

243 2833 324 2889 ut
371 2842 492 2910 per
525 2818 759 2888 omnia
796 2820 945 2909 ejus
979 2819 1289 2889 consiliis
1331 2822 1670 2909 parerent.
1705 2819 2057 2898 Nonnulli,
2093 2831 2244 2908 post
2263 2820 2414 2907 ejus
2447 2818 2805 2889 decessum

250 2931 287 2978 e
314 2910 486 2989 vita,
513 2908 932 2995 quibusdam
979 2908 1328 2978 Fratribus
1368 2908 1707 2978 secretius
1729 2908 2072 2987 dixerunt,
2114 2909 2394 2977 beatum
2437 2907 2807 2977 Antonium

251 2998 422 3087 ipsis
469 2996 977 3067 dormientibus
1011 2998 1442 3097 apparuisse,
1495 3012 1560 3066 et
1600 2997 1884 3066 nomina
1924 2996 2241 3076 fratrum,
2289 2997 2372 3065 ad
2423 3019 2597 3083 quos
2654 2995 2808 3063 illos

249 3086 585 3166 mittebat,
640 3086 1004 3156 indicasse.
1051 3091 1163 3155 Die
1193 3086 1495 3173 quodam
1533 3086 1754 3156 sancti
1790 3086 1915 3154 viri
1955 3086 2287 3155 concione
2316 3084 2486 3155 adeo
2519 3084 2807 3172 quidam

248 3187 477 3244 mente
523 3186 986 3274 compunctus
1036 3173 1186 3254 fuit,
1243 3186 1318 3243 ut
1367 3196 1527 3244 cum
1579 3174 1668 3245 ad
1710 3174 2185 3244 confitendum
2239 3188 2518 3263 peccata
2566 3196 2693 3244 sua
2730 3194 2811 3240 ex

248 3264 400 3353 ejus
457 3262 745 3332 consilio
795 3286 867 3333 se
913 3275 1384 3352 compararet,
1455 3285 1617 3352 prae
1666 3263 1991 3357 suspiriis
2057 3275 2122 3332 et
2187 3264 2613 3353 singultibus
2681 3282 2807 3330 nec

250 3373 476 3421 unum
511 3364 737 3441 posset
788 3353 1068 3421 verbum
1105 3352 1430 3442 proferre.
1477 3356 1786 3438 Cumque
1831 3353 1932 3420 vir
1980 3363 2263 3422 sanctus
2310 3353 2370 3421 ei
2420 3353 2696 3431 diceret,
2734 3362 2812 3418 ut

251 3454 531 3539 peccata
578 3463 704 3510 sua
743 3442 810 3508 in
865 3441 1123 3528 scripta
1157 3440 1515 3532 redigeret,
1549 3462 1766 3527 eaque
1818 3441 1952 3530 ipsi
1987 3440 2277 3531 legenda
2314 3441 2607 3522 offerret,
2655 3439 2809 3508 fecit

250 3527 366 3597 1tle
397 3541 473 3598 ut
505 3541 652 3598 erat
669 3530 932 3617 jussus.
971 3528 1097 3598 Sed
1131 3551 1289 3625 cum
1322 3529 1713 3599 chartulam
1755 3530 1859 3598 vir
1917 3530 2031 3598 Dei
2081 3529 2443 3619 acciperet,
2496 3530 2588 3600 ita
2637 3528 2809 3598 scri-

251 3630 529 3707 pturam
569 3639 847 3687 omnem
875 3617 1200 3687 abolitam
1235 3629 1300 3686 et
1324 3639 1607 3707 prorsus
1634 3615 2065 3687 obliteratam
2093 3619 2375 3697 invenit,
2407 3641 2486 3688 ac
2522 3619 2580 3688 si
2615 3639 2809 3707 pror-

252 3728 374 3775 sus
424 3706 597 3775 nihil
649 3707 986 3796 scriptum
1038 3706 1301 3775 suisset.
1350 3711 1729 3794 Coeperunt
1776 3719 1926 3776 tum
1975 3706 2291 3796 primum·
2334 3707 2650 3777 homines
2695 3728 2809 3775 ca-

251 3796 566 3865 tervatim
609 3816 754 3864 sese
786 3794 1233 3873 verberando,
1280 3806 1346 3863 et
1393 3795 1509 3884 pia
1556 3795 1826 3865 cantica
1866 3795 2103 3865 devote
2145 3795 2611 3885 depromendo
2644 3818 2810 3886 pro-

256 3883 522 3953 cedere.
563 3889 775 3971 Atque
821 3906 901 3954 ea
951 3880 1322 3953 laudabilis
1362 3883 1811 3965 consuetudo,
1851 3906 1890 3953 a
1929 3895 2118 3955 tanto
2164 3896 2441 3956 auctore
2475 3884 2802 3977 profecta,

255 3972 585 4062 deinceps
634 3973 782 4043 suis
814 3985 917 4043 est
962 3984 1163 4042 aucta
1194 3972 1660 4051 incrementis,
1701 3973 1793 4043 ita
1833 3974 2010 4043 utin
2045 3974 2371 4045 omnibus
2401 3973 2538 4044 fere
2576 3974 2810 4044 Italiae

252 4058 425 4131 locis
472 4062 990 4133 accuratissime
1039 4061 1376 4149 hodieque
1414 4061 1814 4132 observetur
1860 4063 1914 4130 ’ἦ
2360 4091 2367 4096 ·

339 4152 377 4236 §
424 4153 582 4224 28.
636 4151 789 4221 Fuit
834 4163 1061 4221 autem
1112 4150 1240 4220 viri
1270 4150 1385 4219 Dei
1435 4150 1504 4220 id
1555 4151 2009 4244 praecipuum
2058 4173 2329 4242 semper
2378 4153 2689 4223 studium
2743 4163 2809 4222 et

300 4348 327 4373 ⁸⁵
355 4346 478 4388 Hira
501 4348 678 4398 ubique
707 4349 1044 4391 audiendorum
1075 4350 1353 4391 Sermonum
1382 4350 1572 4391 Antonii
1601 4347 1836 4400 cupient·-
1860 4370 1910 4379 -
1929 4351 2100 4401 Ingens
2130 4349 2419 4393 concionum
2449 4354 2555 4400 ejus
2581 4351 2807 4396 amomis.

247 4400 572 4451 uben-imque
600 4403 785 4444 rrnctnn
806 4423 856 4431 -
875 4403 989 4443 vide
1019 4404 1144 4444 iun-n
1172 4406 1220 4444 et
1247 4405 1518 4454 superatam
1539 4404 1886 4445 hoereticorum
1908 4405 2244 4454 pervicaciam;
2266 4405 2349 4446 sed
2370 4409 2416 4445 et
2437 4408 2548 4445 noto
2566 4400 2808 4455 anguinae

249 4454 492 4503 patratum
511 4464 594 4504 per
612 4455 653 4495 Β.
676 4454 1018 4497 Euentu-istium
1037 4457 1319 4519 prodigium.
