3357 4995
213 273 424 343 JUNII
472 278 558 342 29
1091 295 1168 340 nn
1216 294 1269 340 s.
1327 293 1528 341 PAULO
1575 294 1891 342 Arosroto
2532 281 2659 345 657

216 402 296 450 ac
356 379 553 449 turba
605 377 1059 468 negotiorum,
1118 399 1339 465 neque
1386 377 1775 470 periculum
1826 391 1890 448 et
1939 378 2120 448 mala
2170 379 2575 467 frequentia,
2632 404 2749 451 ne·-

217 489 351 554 que
403 467 662 554 aliquid
734 466 925 537 aliud
984 467 1386 535 charitatem
1449 481 1515 537 et
1581 469 1984 537 memoriam
2054 468 2317 558 expulit
2373 469 2752 561 discipulo-

217 579 417 627 rum:
456 556 569 626 sed
603 555 689 624 de
718 556 817 625 eis
848 556 1175 625 omnibus
1222 556 1294 624 in
1344 557 1577 625 animo
1626 579 1707 625 co
1761 557 1993 636 itabat,
2029 570 2095 626 et
2136 578 2269 626 non
2318 570 2451 627 tam
2490 559 2750 628 catenis

216 646 483 715 vinctae
528 656 722 714 erant
768 645 922 733 ejus
955 665 1227 725 manus,
1272 666 1479 731 quam
1539 644 1686 714 desi
1740 645 1880 715 erio
1914 645 2417 738 discipulorum
2469 647 2750 739 alligata

215 747 360 803 erat
405 748 469 803 et
500 734 635 802 fixa
680 733 937 802 anima.
992 738 1068 802 Et
1113 732 1457 819 quomodo
1505 738 1665 809 Rex,
1720 735 1839 821 qui
1896 734 2222 805 thronum
2266 757 2468 805 mane
2508 759 2749 807 ascen-

215 822 336 903 dit,
376 836 440 891 et
487 822 664 892 sedit
706 824 777 891 in
821 822 978 891 aula
1030 824 1236 912 regia,
1295 821 1607 912 protinus
1667 823 2212 894 innumerabiles
2271 825 2582 912 undique
2640 847 2751 895 ac-

217 911 386 1002 cipit
416 912 776 1003 epistolas:
819 913 908 980 ita
948 910 1062 980 ille
1100 932 1374 997 quoque
1422 910 1668 980 sedens
1701 913 1769 980 in
1799 933 2093 993 carcere,
2131 926 2456 1001 tanquam
2490 915 2562 983 in
2590 915 2751 985 aula

218 1000 428 1091 regia,
491 1001 689 1091 longe
754 1000 985 1091 plures
1036 999 1426 1086 frequenter
1472 1000 1875 1100 accipiebat,
1924 1015 1989 1071 et
2038 1001 2348 1073 mittebat
2380 1002 2613 1074 literas
2662 1004 2748 1073 iis

216 1110 393 1175 quae
441 1091 699 1176 ubique
744 1102 960 1170 erant,
1000 1089 1346 1178 gentibuS,
1401 1088 1483 1158 ad
1536 1088 1728 1158 illius
1776 1090 2185 1179 sapientiam
2227 1091 2314 1160 de
2347 1091 2493 1162 suis
2541 1092 2749 1162 rebus

216 1178 451 1248 omnia
488 1178 958 1247 referentibus,
1004 1183 1081 1246 Et
1126 1200 1205 1248 co
1256 1177 1479 1268 plura,
1521 1199 1732 1264 quam
1775 1184 2176 1268 Imperator,
2222 1180 2750 1251 administrabat

219 1288 303 1336 ne
354 1267 514 1345 otia,
570 1290 707 1353 quo
757 1268 983 1367 majus
1029 1267 1092 1335 ei
1139 1267 1474 1337 creditum
1526 1265 1750 1336 fuerat
1796 1269 2202 1357 Imperium.

306 1289 353 1443 ἕ
394 1360 536 1427 82.
590 1360 639 1425 Ο
689 1355 880 1425 Pauli
933 1357 1327 1448 potentiam.
1384 1354 1788 1446 Implicatus
1855 1370 2000 1426 erat
2063 1358 2346 1439 catenis,
2400 1372 2465 1428 et
2513 1358 2748 1428 diade-

217 1456 399 1514 mate
432 1444 825 1514 redimitum
859 1450 1189 1515 Neronem
1239 1445 1544 1514 feriebat.
1584 1444 1893 1515 Sordidis
1946 1459 2090 1515 erat
2137 1447 2425 1517 indutus
2466 1446 2740 1537 panniS,

217 1545 297 1602 ut
334 1533 451 1621 qui
488 1533 823 1603 habitaret
869 1555 1251 1603 carcerem:
1305 1547 1370 1603 et
1411 1534 1632 1624 magis
1681 1555 1890 1621 quam
1927 1539 2264 1626 purpura,
2299 1557 2539 1606 omnes
2584 1557 2750 1605 con-

218 1622 518 1692 vertebat
564 1621 647 1691 ad
685 1622 961 1692 vincula
1011 1622 1144 1694 sibi
1191 1623 1534 1709 imposita.
1598 1627 1817 1712 Super
1863 1636 2113 1694 terram
2149 1624 2371 1694 stabat
2417 1637 2742 1705 retentuS,

216 1722 284 1780 et
320 1710 641 1781 deorsum
692 1712 1004 1781 intuens:
1038 1725 1104 1781 et
1135 1733 1219 1781 eo
1260 1712 1572 1793 dimisso,
1625 1712 1748 1798 qui
1780 1723 1925 1782 erat
1964 1713 2033 1781 in
2083 1736 2297 1783 curru
2343 1735 2574 1793 aureo,
2606 1735 2752 1783 om-

217 1822 341 1872 nes
389 1798 490 1868 illi
540 1800 1018 1870 attendebant:
1054 1800 1264 1887 idque
1312 1801 1576 1880 merito,
1633 1812 1779 1870 erat
1807 1801 2000 1870 enim'
2028 1802 2358 1881 usitatum
2393 1816 2752 1893 spectacu-

220 1887 391 1969 lum,
449 1889 675 1958 videre
729 1895 1216 1980 Imperatorem
1278 1890 1344 1959 in
1408 1889 1566 1959 albo
1625 1911 1840 1960 curru
1897 1889 2286 1960 sedentem:
2343 1892 2475 1961 hoc
2521 1904 2750 1961 autem

218 1990 364 2046 erat
430 1999 681 2047 novum
733 1991 798 2047 et
845 1978 1295 2059 admirabile,
1367 1978 1595 2048 videre
1642 1979 1989 2069 captivum
2060 2002 2274 2067 aeque
2321 1979 2536 2050 libere
2582 1979 2753 2051 allo-

217 2079 541 2152 quentem
608 2072 1137 2157 Imperatorem,
1194 2079 1397 2154 atque
1446 2073 1824 2160 Imperator
1897 2089 2169 2138 servum
2223 2068 2425 2138 vilem
2488 2080 2556 2139 et
2621 2069 2752 2140 mi-

218 2155 578 2225 serabilem
619 2155 876 2244 alloqui
914 2169 1382 2228 consueverat.
2541 2162 2546 2167 ’

306 2247 343 2332 ἓ
395 2248 543 2317 28.
599 2250 837 2336 Magna
888 2247 1438 2318 circumsistebat
1484 2244 1880 2327 multitud0,
1941 2256 2005 2314 et
2052 2258 2247 2316 erant
2292 2266 2534 2316 omnes
2574 2247 2751 2317 servi

217 2334 699 2423 Imperatoris:
778 2334 1312 2425 admirabuntur
1377 2347 1603 2404 autem
1652 2356 1847 2417 eum,
1905 2356 2041 2404 non
2091 2356 2294 2404 suum
2359 2334 2747 2404 dominum.

217 2423 823 2492 verumenimvero
875 2445 1007 2494 non
1072 2423 1707 2492 animadvertebant
1745 2445 1817 2492 se
1851 2423 2115 2493 leonem
2170 2422 2454 2493 laudare
2503 2445 2584 2493 ex
2623 2444 2752 2493 un-

218 2512 498 2602 guibu5‚
552 2535 711 2582 cum
745 2525 1083 2603 oporteret
1131 2513 1357 2583 dicere
1406 2535 1485 2581 ea
1538 2534 1715 2600 quae
1747 2534 1901 2583 vere
1932 2525 2149 2583 erant.
2194 2518 2544 2596 Quaenam
2597 2534 2751 2584 vero

216 2621 298 2669 ea
346 2606 549 2672 sunt?
597 2608 688 2672 Ea
734 2623 911 2690 quae
958 2613 1122 2673 sunt
1172 2604 1240 2672 in
1291 2600 1525 2672 coelis,
1579 2601 1867 2684 Quando
1908 2603 2131 2671 veniet
2162 2624 2321 2673 cum
2373 2607 2555 2692 Rege
2599 2624 2752 2673 coe-

219 2687 473 2771 lorum,
506 2714 663 2761 cum
689 2690 1040 2792 praeclaro
1072 2713 1324 2761 curru:
1354 2691 1702 2778 quomodo
1736 2703 1901 2760 tunc
1939 2695 2110 2761 Nero
2159 2691 2423 2761 sedebit
2450 2703 2753 2762 moestus

216 2790 283 2848 et
331 2779 589 2850 tristis?
637 2785 704 2850 Si
752 2781 937 2850 enim
997 2779 1306 2850 nondum
1357 2791 1501 2849 erat
1556 2793 1834 2870 tempus
1878 2802 2333 2860 coronarum,
2387 2792 2451 2850 et
2499 2779 2753 2850 athleta

218 2879 487 2938 tantum
536 2883 640 2940 est
676 2870 1006 2939 honorem
1051 2881 1504 2939 consecutus:
1556 2868 1839 2955 quando
1869 2869 2127 2939 venerit
2175 2869 2449 2952 athleta,
2495 2881 2752 2956 quanto

217 2954 478 3026 honore
523 2957 834 3027 fruetur?
872 2963 1027 3027 Erat
1074 2958 1251 3027 inter
1297 2957 1559 3027 alienos
1589 2957 1841 3048 hospes
1886 2970 1952 3027 ct
2001 2958 2429 3049 peregrinuS,
2480 2971 2547 3029 et
2594 2958 2749 3027 siin

220 3055 405 3115 tanta
459 3059 620 3115 tunc
667 3046 957 3116 habetur
1011 3046 1503 3116 admiratione:
1554 3046 1836 3133 quando
1873 3046 2080 3117 fuerit
2129 3048 2306 3117 inter
2345 3069 2530 3127 suos,
2582 3047 2748 3134 quid

217 3154 356 3203 non
420 3133 583 3204 boni
649 3137 1158 3223 consequetur?
1218 3135 1385 3222 quid
1437 3157 1573 3205 non
1648 3135 2132 3226 participabit?
2176 3135 2346 3224 quid
2406 3157 2539 3205 non
2607 3136 2753 3205 adi·

218 3222 564 3312 piscetur?

308 3314 345 3399 ἓ
395 3316 556 3384 28.
614 3312 856 3384 Nullus
881 3318 1136 3383 Romae
1168 3318 1547 3403 Imperator
1571 3325 1838 3383 tantum
1870 3326 1973 3383 est
2004 3312 2334 3383 honorem
2363 3325 2747 3394 assecutus,

220 3414 557 3487 quantum
608 3401 889 3472 Paulus.
928 3401 1055 3471 Sed
1091 3407 1473 3492 Imperator
1504 3401 1788 3489 quidem
1840 3401 2004 3473 foris
2030 3402 2211 3493 jacet
2257 3401 2540 3484 alicubi,
2577 3407 2752 3473 Pau-

218 3487 330 3559 lus
376 3503 602 3560 autem
657 3503 838 3560 tenet
886 3490 1191 3560 medium
1239 3490 1559 3572 civitatis,
1628 3503 1960 3579 tanquam
2020 3512 2322 3581 regnans
2368 3504 2434 3562 et
2487 3491 2746 3562 vivens.

219 3578 288 3646 Si
326 3591 555 3649 autem
596 3579 708 3648 hic
754 3580 878 3650 ubi
925 3579 1253 3649 sustinuit
1303 3579 1874 3669 persecutionem,
1926 3592 1991 3649 et
2036 3579 2161 3650 ubi
2200 3578 2332 3650 fuit
2377 3592 2658 3651 vexatus
2688 3592 2755 3650 et

217 3666 540 3757 agitatuS‚
582 3681 843 3738 tantum
892 3680 994 3738 est
1063 3668 1394 3738 honorem
1451 3680 1903 3738 consecutus:
1956 3667 2238 3770 quando
2268 3667 2527 3738 venerit
2627 3668 2753 3738 uid

217 3755 396 3825 erit?
444 3758 511 3827 Si
559 3758 679 3828 ubi
747 3769 894 3827 erat
942 3756 1544 3827 tabernaculorum
1597 3755 1864 3847 opifex,
1902 3755 2034 3828 fult
2079 3757 2251 3827 adeo
2298 3756 2572 3848 splendi
2623 3778 2749 3828 us:

219 3846 499 3931 quando
539 3845 818 3927 venerit,
857 3845 1223 3947 splendore
1260 3844 1682 3916 contendens
1713 3867 1874 3916 cum
1905 3845 2122 3916 radiis
2155 3845 2344 3928 solis,
2377 3845 2544 3935 quid
2580 3845 2758 3916 erit?

222 3933 293 4003 Si
316 3956 475 4006 cum
505 3947 692 4005 tanta
724 3933 1114 4005 humilitate
1144 3946 1403 4004 tantam
1433 3935 1784 4025 superavit
1829 3933 2441 4026 magnificentiam,
2476 3933 2756 4024 quando

220 4024 503 4106 venerit,
556 4023 726 4112 quid
774 4024 958 4094 erit?
996 4029 1127 4094 Res
1174 4045 1311 4093 non
1363 4022 1522 4094 licet
1547 4023 1873 4115 effugere.
1911 4022 2077 4108 Quis
2106 4045 2243 4094 non
2288 4023 2550 4114 pudore
2608 4020 2757 4093 affi-

219 4112 424 4194 citur,
461 4113 646 4200 quod
682 4111 1286 4184 tabernaculorum
1328 4111 1553 4202 opifex
1585 4112 1653 4182 in
1694 4111 1952 4203 majore
1980 4111 2186 4184 fuerit
2234 4112 2513 4195 honore,
2543 4133 2752 4200 quam

223 4200 285 4271 is
331 4200 455 4288 qui
504 4202 573 4271 in
627 4201 868 4295 majori
917 4200 1198 4272 habitus
1242 4212 1343 4273 est
1394 4200 1901 4284 admiratione,
1956 4222 2167 4291 quam
2215 4223 2456 4272 omnes
2500 4201 2758 4293 Reges?

221 4288 284 4358 si
330 4302 556 4359 autem
609 4290 721 4393 hic
759 4313 850 4448 {ea
895 4289 1074 4361 facta
1106 4302 1270 4360 sunt
1323 4311 1501 4378 quae
1550 4303 1713 4362 sunt
1759 4312 1973 4384 supra
2002 4302 2348 4375 naturam,
2401 4291 2471 4360 in
2522 4288 2755 4370 futuro

221 4391 481 4465 quanto
522 4399 746 4471 magls

378 4488 620 4548 surius
650 4519 670 4532 ·
709 4488 874 4549 Vitae
912 4486 1019 4552 SS.
1045 4488 1174 4550 Vol.
1201 4520 1225 4534 -
1252 4487 1352 4550 VI.
2517 4486 2597 4550 42
