3357 4995
666 319 793 385 544
1284 337 1362 384 nn:
1410 336 1465 384 s.
1518 336 1831 386 rssnnomA
1880 336 2046 383 vinc.
2091 336 2165 383 m·
2212 334 2401 383 nur.
2770 316 2990 382 JUNII
3038 317 3125 382 25

578 419 906 490 mandata
940 432 1057 490 tua
1084 440 1443 508 nunquam
1483 421 1891 512 contempsi,
1924 420 2023 490 sic
2050 441 2272 508 neque
2309 420 2437 489 hoc
2465 431 2770 510 tempore
2801 418 3124 489 admoni-

578 508 797 580 tiones
845 510 1011 580 istas
1058 520 1124 579 et
1172 523 1533 601 praecepta
1581 524 1698 580 tua
1772 509 2164 601 neglectura
2213 509 2384 590 sim;
2437 508 2556 577 sed
2617 507 2952 578 videbunt
3003 529 3122 598 po-

574 596 752 756 guli,
807 609 873 669 et
903 597 1391 688 obstupescent
1426 654 1442 680 ,
1494 611 1560 669 et
1598 598 1934 668 Briennae
1980 610 2403 668 senectutem
2452 599 2722 667 beatam
2765 595 3124 686 praedica-

627 698 753 757 unt
789 698 854 757 et
900 686 1165 757 dicent:
1219 692 1387 756 Vere
1445 686 1574 757 hoc
1628 701 1732 759 est
1794 688 2127 757 Briennae
2196 686 2390 756 illius
2440 708 2733 776 magnae
2784 685 3130 755 foeminae

576 796 858 867 germen
908 787 975 846 et
1019 774 1360 846 educatio.
1396 776 1764 846 Ostendam
1816 775 1999 846 enim
2044 776 2113 844 in
2157 797 2277 845 cor
2326 796 2442 844 ore
2476 773 2804 845 muliebri
2857 773 3128 843 virilem

576 876 900 933 mentem.
956 864 1085 934 Sed
1136 864 1308 934 bene
1357 864 1533 933 mihi
1585 866 1982 955 precemini,
2023 876 2089 934 et
2115 885 2226 933 me
2323 862 2625 933 iscedere
2660 862 3045 954 patiamini.
3085 886 3122 929 ι

572 951 668 1022 Ad
720 954 888 1022 haec
936 953 1299 1023 Thomais:
1350 976 1377 1016 ι
1418 952 1612 1034 Vivit,
1670 954 1919 1041 inquit,
1976 957 2176 1035 DeuS,
2211 952 2546 1022 Febronia
2604 974 2798 1022 soror
2856 972 3031 1033 mea,
3062 964 3131 1022 et

572 1063 700 1133 ego
749 1040 1045 1112 seculari
1086 1041 1327 1113 habitu
1371 1040 1637 1123 induta,
1681 1043 1946 1113 veniam
1994 1055 2058 1112 et
2091 1052 2436 1111 certamen
2488 1054 2684 1110 tuum
2707 1039 3126 1130 aspiciam.»

662 1132 699 1218 ξ
740 1133 875 1203 18.
932 1135 1098 1201 Cum
1151 1152 1307 1201 vero
1355 1130 1609 1201 milites
1656 1131 1791 1221 ipsi
1840 1131 2242 1201 Febroniam
2278 1142 2627 1220 urgerent,
2681 1129 2841 1198 illa:
2897 1152 2934 1195 «
2965 1133 3125 1198 Pre-

575 1240 717 1301 cor,
771 1218 1019 1308 inquit,
1074 1239 1191 1288 vos
1240 1229 1492 1289 matres
1534 1240 1748 1301 meae,
1801 1230 1879 1289 ut
1925 1218 2474 1290 benedictionem
2510 1239 2634 1308 pro
2668 1217 2912 1288 viatico
2944 1217 3126 1287 mibi

575 1308 1011 1398 impertiatis,
1055 1320 1121 1376 et
1169 1308 1392 1398 magis
1441 1310 1802 1397 magisque
1903 1331 1975 1378 ro
2025 1330 2136 1377 me
2183 1312 2395 1377 Deum
2445 1307 2677 1387 oretis,
2731 1327 2979 1395 meque
3026 1307 3130 1376 ire

578 1396 1012 1486 permittatis,
1043 1419 1080 1462 »
1128 1400 1317 1465 Tunc
1366 1395 1660 1465 Brienna
1713 1411 1821 1467 ten
1876 1419 1999 1468 ens
2047 1397 2118 1466 in
2153 1396 2424 1466 coelum
2475 1417 2748 1476 manus,
2779 1408 2846 1465 et
2879 1415 3122 1463 vocem

581 1506 906 1576 magnam
956 1484 1190 1565 edem,
1230 1486 1323 1555 ita
1399 1498 1624 1556 recata
1652 1497 1790 1556 est:
1828 1509 1864 1553 «
1897 1485 2183 1555 Domine
2228 1485 2389 1555 Jesu
2424 1483 2708 1565 Christe,
2734 1484 2857 1584 qui
2886 1505 3124 1554 servae

574 1585 731 1643 tuae
780 1574 1015 1643 beatae
1060 1572 1165 1642 illi
1213 1579 1339 1643 Tec
1372 1596 1451 1643 ae
1498 1575 1786 1645 certanti
1835 1576 1965 1645 sub
2012 1573 2311 1664 Apostoli
2360 1573 2554 1642 Pauli
2614 1572 2857 1642 habitu
2902 1593 3126 1662 appa-

576 1661 800 1741 ruisti,
875 1682 1154 1750 quaeso,
1207 1674 1272 1732 et
1319 1662 1483 1733 huic
1529 1662 1784 1753 humili
1834 1685 2064 1734 servae
2105 1676 2262 1733 tuae
2309 1662 2382 1731 in
2432 1661 2602 1731 hora
2649 1663 3116 1731 certaminum

577 1772 617 1819 a
672 1772 988 1840 pareas.»
1023 1754 1203 1820 Haec
1232 1772 1390 1822 cum
1427 1751 1708 1824 dixisset
1745 1752 2064 1835 Brienna,
2118 1764 2184 1822 et
2216 1749 2619 1821 Febroniam
2673 1749 2920 1820 ultimo
2966 1772 3121 1818 am-

578 1861 622 1930 p
653 1861 772 1909 exa
828 1850 1028 1920 esset,
1082 1838 1275 1909 illam
1336 1840 1704 1910 salutatam
1753 1839 2040 1910 dimisit.
2094 1845 2312 1923 Quam
2364 1838 2617 1908 milites
2656 1838 3115 1929 comprehen-

578 1949 752 2009 sam,
806 1927 899 1997 ad
946 1926 1264 1997 Selenum
1315 1927 1683 1999 duxerunt.
1744 1935 2037 2000 Reversa
2083 1941 2184 1999 est
2222 1940 2449 1998 autem
2499 1927 2794 1997 Brienna
2841 1928 2916 1996 in
2968 1949 3120 1996 mo-

580 2017 995 2097 nasterium,
1049 2016 1291 2087 dolens
1339 2040 1418 2086 ac
1466 2017 1907 2099 lamentans,
1957 2029 2023 2087 et
2070 2018 2141 2087 in
2201 2017 2427 2088 solum
2457 2072 2472 2096 ,
2526 2038 2604 2087 eo
2655 2016 2724 2085 in
2789 2014 2938 2086 loco
3000 2016 3123 2086 ubi

581 2110 790 2175 Deum
840 2126 1037 2175 orare
1068 2120 1585 2186 consueverant,
1628 2117 1966 2196 prostrata
1995 2105 2514 2188 vociferabatur,
2563 2110 2774 2175 Deum
2828 2127 3124 2195 precans

583 2215 708 2284 pro
755 2194 1110 2264 Febronia.
1164 2194 1486 2264 Thomais
1534 2217 1711 2282 vero,
1766 2216 1942 2281 quae
1990 2194 2333 2265 secundas
2384 2204 2610 2284 partes
2677 2207 2830 2283 post
2888 2193 3122 2262 Brien-

583 2305 744 2353 nam
794 2283 866 2352 in
917 2282 1330 2353 monasterio
1380 2283 1698 2363 habebat,
1743 2283 1934 2352 illam
1965 2283 2355 2370 dereliquit,
2412 2294 2478 2351 et
2524 2282 2822 2352 seculari
2879 2281 3125 2352 habitu

582 2371 849 2452 induta,
893 2371 979 2441 ad
1029 2371 1500 2461 spectaculum
1553 2373 1925 2443 Febroniae
1974 2394 2044 2443 se
2075 2372 2387 2442 contulit.
2443 2374 2697 2441 Omnes
2745 2371 2963 2462 igitur
3012 2392 3121 2439 se-

582 2460 850 2532 culares
901 2459 1249 2542 mulieres,
1285 2483 1462 2548 quae
1504 2462 1588 2531 ad
1641 2461 2140 2532 monasterium
2188 2460 2258 2530 in
2309 2460 2419 2530 die
2471 2481 2837 2551 parasceve
2869 2481 3119 2529 conve-

587 2550 758 2630 nire,
813 2560 880 2620 et
924 2550 1078 2637 ejus
1125 2550 1439 2620 doctrina
1469 2549 1604 2621 frui
1635 2563 2155 2632 consueverant,
2195 2564 2467 2640 pectora
2499 2572 2626 2621 sua
2653 2549 3116 2628 verberantes,

605 2661 764 2709 cum
810 2638 1133 2727 lacrymis
1174 2638 1261 2707 ad
1308 2639 1460 2727 ejus
1488 2639 1586 2708 rei
1617 2639 2090 2728 spectaculum
2125 2639 2519 2715 currebant,
2553 2650 2619 2707 et
2653 2637 3115 2708 adolescentis

591 2727 905 2798 doctrina
955 2749 1027 2797 se
1077 2727 1379 2818 privatas
1426 2727 1772 2797 dolebant.

674 2819 711 2904 ξ
779 2820 932 2888 19.
986 2820 1154 2885 Cum
1206 2816 1372 2885 haee
1429 2816 1806 2887 audivisset
1857 2828 1922 2886 et
1969 2816 2222 2898 Hieria,
2277 2815 2599 2887 senatorii
2651 2815 2924 2908 generis
2968 2836 3122 2883 mu·

584 2905 736 2986 lier,
793 2904 1197 2974 Febroniam
1249 2904 1510 2974 scilicet
1561 2905 1970 2976 monacham
2016 2906 2291 2996 publice
2337 2903 2649 2994 produci,
2704 2903 3026 2983 surrexit,
3051 2915 3120 2971 et

581 3016 813 3063 vocem
877 2993 970 3062 ita
1035 3014 1358 3083 magnam
1418 2993 1672 3076 edidit,
1741 3007 1816 3064 ut
1877 3007 2192 3084 parentes
2243 2994 2508 3083 ipsius,
2562 3007 2626 3063 et
2673 2995 2794 3080 qui
2845 2994 2915 3062 in
2965 2992 3117 3082 ejus

582 3082 790 3151 domo
815 3093 1032 3161 erant,
1068 3081 1573 3173 obstupuerint,
1616 3096 1683 3152 et
1713 3084 1798 3152 ab
1821 3084 2049 3152 Hieria
2076 3084 2227 3172 ipsa
2259 3082 2746 3170 quaesiverint,
2782 3081 3127 3170 quidnam

582 3172 646 3241 ei
695 3170 1078 3240 accidisset.
1127 3171 1391 3252 Quibus
1440 3170 1558 3240 illa
1608 3171 1998 3261 respondit:
2032 3194 2068 3237 «
2102 3176 2303 3241 Soror
2328 3193 2481 3240 mea
2502 3170 2838 3240 Febronia
2868 3169 3132 3260 produ-

584 3262 766 3329 citur
796 3315 810 3340 ,
866 3259 1193 3349 magistra
1245 3281 1395 3328 mea
1444 3259 1528 3328 ad
1582 3281 1837 3349 poenas
1885 3260 2186 3339 ducitur,
2216 3273 2292 3330 ut
2341 3259 2726 3330 Christiana
2775 3259 3054 3329 mulier.
3090 3282 3129 3323 »

586 3355 755 3419 Cum
807 3348 1018 3438 igitur
1063 3370 1104 3415 a
1154 3349 1553 3438 parentibus
1601 3349 2112 3430 admoneretur,
2168 3362 2242 3419 ut
2289 3372 2330 3417 a
2377 3348 2569 3417 luctu
2617 3347 2701 3416 de
2719 3348 3011 3429 sisteret,
3052 3369 3134 3416 eo

586 3438 707 3507 illa
750 3436 970 3526 magis
1018 3435 1257 3506 dolens
1305 3449 1370 3506 et
1416 3437 1819 3520 vociferanS,
1853 3450 1919 3507 et
1968 3449 2282 3527 parentes
2322 3460 2484 3507 suos
2533 3438 2928 3507 obsecrans:
2963 3460 2999 3501 «
3028 3436 3135 3505 Si-

586 3527 750 3607 nite,
806 3525 1069 3613 inquit,
1125 3546 1234 3594 me
1284 3526 1525 3595 acerbe
1572 3527 1776 3608 flere,
1829 3540 1894 3596 et
1960 3548 2260 3596 sororem
2311 3548 2390 3595 ac
2441 3527 2845 3614 magistram
2901 3546 3136 3595 meam

589 3615 1239 3706 deplorare.»Haec
1286 3637 1446 3685 cum
1495 3614 1794 3695 diceret,
1824 3614 1970 3686 suis
2018 3615 2222 3684 etiam
2274 3614 2673 3706 parentibus
2722 3614 2991 3685 luctum
3040 3614 3139 3683 ita

586 3704 996 3783 commovit,
1066 3716 1142 3773 ut
1190 3704 1324 3794 ipsi
1369 3725 1643 3791 quoque
1692 3705 2097 3774 Febroniam
2151 3704 2718 3774 lamentarentur.
2775 3706 2944 3773 Cum
3006 3703 3138 3793 igi-

589 3807 700 3863 tur
750 3791 1200 3883 persuasisset
1251 3792 1650 3883 parentibus
1699 3793 1867 3873 suis,
1923 3807 1999 3863 ut
2046 3793 2278 3863 liceret
2323 3792 2530 3861 etiam
2579 3792 2711 3861 sibi
2762 3805 3129 3881 spectacu-

587 3882 735 3951 lum
785 3880 959 3951 illud
1007 3880 1220 3961 adire,
1266 3902 1515 3971 pueros
1565 3880 1819 3952 multos
1856 3893 1922 3951 et
1950 3881 2240 3951 ancillas
2289 3903 2521 3952 secum
2572 3881 2859 3960 habens,
2907 3882 2996 3950 ad
3036 3880 3137 3950 lo-

586 3991 775 4050 cum,
829 3971 898 4039 in
949 3990 1153 4057 quem
1201 3970 1532 4040 Febronia
1579 3971 1986 4053 ducebatur,
2041 3970 2287 4071 lugens
2336 3970 2769 4060 properabat.
2826 3973 3141 4057 Cumque

589 4059 972 4129 mulierum
1023 4060 1581 4129 concurrentium
1623 4072 1688 4129 et
1739 4060 2263 4129 lamentantium
2315 4058 2831 4129 multitudinem
2886 4080 3136 4128 conse-

593 4161 753 4218 cuta
798 4160 998 4227 esset,
1040 4147 1300 4218 invenit
1344 4159 1409 4218 et
1448 4147 1917 4219 Thomaidem.
1974 4155 2159 4232 Quae
2205 4170 2364 4217 cum
2418 4161 2657 4218 mutuo
2700 4170 2771 4217 se
2806 4149 3140 4238 agnovis-

595 4251 769 4319 sent,
821 4236 1067 4306 ambae
1115 4235 1426 4327 lugentes
1458 4237 1543 4307 ad
1593 4238 2064 4328 spectaculum
2114 4237 2515 4307 certaminis
2565 4236 2755 4305 illius
2802 4258 3142 4306 convene·

598 4339 783 4397 runt.
825 4324 1261 4397 Multitudine
1290 4327 1503 4417 igitur
1528 4327 1597 4396 in
1619 4348 1782 4397 eum
1813 4326 2036 4397 locum
2063 4337 2496 4416 congregata,
2530 4325 2650 4395 ubi
2689 4325 2774 4395 de
2803 4325 3140 4396 Febronia

599 4415 912 4502 quaestio
959 4414 1282 4487 habenda
1327 4427 1493 4498 erat,
1546 4427 1879 4486 venerunt
1923 4428 1989 4485 et
2033 4415 2330 4486 Judices.
