3357 4995
217 359 406 424 ³1:511
453 361 495 451 Q
986 376 1065 421 m:
1114 375 1169 421 s.
1223 372 1585 421 noaraaaro
1632 371 1929 420 Erlscoro
2517 356 2642 419 ⁴67

221 463 453 551 paucis,
492 462 670 530 sicut
716 461 786 527 in
839 459 1113 529 multis:
1169 459 1348 528 sicut
1396 458 1467 526 in
1517 456 1874 536 divitibus,
1916 456 2014 528 sic
2065 455 2132 523 in
2171 456 2602 545 pauperibus
2651 479 2730 526 ex

224 549 608 619 abundantis
672 548 1025 617 charitatis
1077 547 1490 620 visceribus,
1545 546 1927 633 unicuique
1977 567 2099 634 pro
2141 544 2433 613 'modulo
2497 567 2622 615 suo
2669 559 2734 616 et

223 639 528 718 facultate,
585 637 835 706 faceret
882 657 1295 706 sermonem.
1334 640 1541 705 Porro
1579 634 1944 724 paululum
1995 633 2170 702 sacta
2211 634 2538 713 oratione,
2571 657 2732 704 cum

226 729 521 817 coepisset
550 727 735 814 loqui
779 738 844 794 et
882 725 1265 794 attraxisset
1305 724 1653 813 spiritum,
1695 724 1867 792 miro
1895 736 1960 791 et
1991 721 2320 790 ineffabili
2357 723 2560 791 modo
2592 724 2735 812 spi-

230 819 366 887 ritus
408 816 524 885 ille
572 814 952 892 charitatis,
990 814 1187 900 quasi
1225 834 1348 882 vox
1396 813 1672 891 diffusa,
1712 834 1925 880 sonus
1975 810 2197 879 sactus
2245 823 2346 878 est
2398 810 2466 878 in
2510 811 2737 879 cordi·

228 903 327 973 bus
369 927 603 974 eorum
654 903 774 990 qui
863 924 972 971 rae
1005 901 1226 971 taedio
1274 913 1722 984 recesserant,
1767 914 1854 979 et,
1898 912 1973 969 ut
2021 900 2104 967 ad
2157 899 2463 967 sonitum
2502 900 2727 979 tubae,

223 995 671 1081 unusquisque
743 924 974 1061 reYicta
1047 991 1443 1070 refectione,
1504 991 1587 1058 de
1638 989 1806 1058 locis
1863 1003 1926 1058 et
1973 988 2278 1074 tabernis
2347 987 2416 1055 in
2471 988 2731 1075 quibus

220 1083 659 1161 consederant,
707 1081 906 1168 quasi
960 1079 1273 1149 meliores
1322 1101 1356 1146 e
1411 1078 1564 1149 ulas
1612 1079 1989 1168 accepturi,
2045 1076 2126 1145 ad
2179 1076 2539 1145 ecclesiam
2567 1099 2733 1146 con-

219 1169 532 1240 volabant.
569 1175 875 1257 Cumque
914 1169 1016 1237 vir
1069 1169 1175 1237 Dei
1232 1189 1349 1256 rep
1381 1181 1556 1236 etam
1593 1167 1851 1236 videret
1894 1165 2283 1242 ecclesiam,
2339 1165 2732 1235 abbreviato

216 1280 527 1339 sermone,
583 1259 680 1328 sic
714 1280 829 1327 eos
877 1257 1293 1344 alloquitur:
1350 1280 1384 1320 «
1420 1256 1551 1324 Viri
1584 1255 1849 1336 fratres,
1891 1255 2220 1324 Dominus
2271 1267 2500 1323 noster
2531 1261 2732 1323 Jesus

216 1347 497 1418 Christus
537 1370 695 1417 cum
733 1346 1114 1436 discipulos
1147 1367 1310 1414 suos
1337 1344 1422 1412 ad
1459 1344 1999 1434 praedicandum
2037 1344 2353 1422 mitteret,
2396 1343 2573 1412 inter
2598 1344 2734 1411 alia

220 1435 325 1504 hoc
354 1439 444 1507 eis
485 1435 857 1512 mandavit,
913 1448 988 1504 ut
1038 1436 1106 1502 in
1158 1454 1671 1519 quamcumque
1702 1432 1986 1502 domum
2021 1433 2374 1511 intrarent,
2474 1432 2730 1501 rimum

218 1523 535 1594 dicerent:
574 1530 705 1592 Pax
752 1525 914 1592 huic
964 1523 1228 1591 domui.
1266 1528 1343 1591 Et
1390 1522 1447 1590 si
1499 1521 1591 1589 ibi
1642 1534 1819 1590 esset
1855 1544 2006 1605 pax,
2050 1522 2175 1589 hoc
2207 1533 2330 1598 est,
2376 1520 2420 1588 fi
2453 1521 2562 1588 ius
2612 1543 2734 1610 pa-

214 1614 318 1691 ciS,
371 1613 824 1701 requiesceret
872 1634 1081 1701 super
1127 1633 1244 1681 eos
1309 1633 1438 1700 pax
1498 1632 1765 1679 eorum.
1827 1615 1958 1679 Nos
2008 1621 2238 1678 autem
2293 1630 2425 1676 non
2483 1610 2733 1677 nostris

212 1703 470 1776 meritis,
530 1700 650 1769 sed
688 1699 1283 1790 superabundanti
1383 1699 1551 1767 ralia
1587 1699 1701 1767 Dei
1736 1699 1904 1778 sola,
1947 1699 2327 1766 imitatores
2366 1719 2601 1766 eorum
2636 1697 2734 1766 es·

210 1789 367 1868 fecti,
422 1791 735 1860 eamdem
796 1811 1030 1878 pacem
1082 1789 1275 1858 -vobis
1373 1788 1836 1856 enunciamus
1875 1809 2051 1874 quae
2088 1799 2311 1855 mente
2376 1786 2733 1855 incredula

210 1878 503 1969 neganda
559 1900 692 1946 non
742 1892 872 1948 est:
932 1899 1089 1946 nam
1141 1877 1223 1945 ad
1261 1900 1497 1967 pacem
1534 1890 1934 1966 perpetuam
1975 1877 2359 1965 pertingere
2392 1875 2572 1943 facit.
2612 1880 2731 1943 Vo-

208 1966 299 2036 bis
332 1968 997 2058 igiturincognitum
1045 1987 1179 2034 non
1220 1979 1341 2046 est,
1377 1987 1513 2051 qua
1578 1967 1788 2034 causa
1838 1965 2386 2034 convenerimus
2438 1968 2577 2032 Non
2629 1975 2732 2032 est

206 2069 533 2130 nostrum,
589 2077 712 2123 nec
760 2078 837 2123 ex
890 2067 1141 2132 nostro,
1202 2067 1432 2144 utpote
1492 2055 1614 2139 qui
1665 2054 2073 2143 peregrinus
2122 2074 2277 2122 sum
2342 2066 2407 2119 et
2466 2052 2733 2120 advena

203 2146 681 2233 pertransien5‚
750 2144 865 2212 sed
920 2144 1269 2233 potestatis
1316 2155 1380 2211 et
1444 2142 1817 2211 voluntatis
1882 2142 1993 2210 Dei
2042 2155 2143 2209 est
2194 2141 2561 2230 perficere:
2620 2163 2732 2209 ve-

202 2247 406 2302 strum
449 2245 556 2302 est
602 2245 854 2313 autem,
904 2232 1235 2301 voluntati
1269 2232 1458 2300 illius
1491 2233 1756 2321 integro
1805 2242 1869 2299 et
1916 2231 2155 2299 devoto
2183 2230 2430 2298 affectu
2455 2231 2732 2315 acquie-

202 2343 399 2391 scere.
433 2346 468 2386 »
521 2322 614 2389 Ad
648 2321 813 2390 haec
849 2342 971 2389 vox
1010 2322 1323 2389 omnium
1358 2342 1500 2389 una
1532 2319 1710 2388 facta
1744 2333 1880 2390 est:
1937 2319 2338 2408 Praecipiat,
2380 2318 2728 2404 inquiunt,

202 2431 314 2499 per
346 2425 405 2478 te
446 2409 779 2480 Dominus
814 2409 1034 2488 nobis,
1087 2408 1266 2496 quod
1337 2408 1843 2499 beneplacitum
1894 2421 1995 2477 est
2047 2409 2146 2475 ei:
2207 2428 2340 2474 non
2393 2406 2734 2475 babemus

200 2500 254 2567 ei
300 2499 789 2578 contradicere,
843 2499 1051 2585 quod,
1110 2512 1171 2568 te
1220 2496 1601 2577 ordinante,
1645 2500 1715 2565 in
1768 2497 1899 2566 hoc
1945 2497 2215 2586 negotio
2267 2496 2600 2565 Dominus
2652 2495 2736 2564 de

202 2589 388 2657 nobis
437 2590 663 2657 facere
713 2587 1025 2657 voluerit.
1065 2588 1239 2669 Quid
1294 2586 1533 2674 plura?
1581 2592 1869 2675 Egressa
1907 2599 2008 2655 est
2058 2599 2348 2671 utraque
2401 2606 2561 2672 pars
2612 2584 2732 2651 ad-

201 2679 489 2746 versaria
542 2676 723 2745 foras
759 2677 827 2745 in
877 2678 1156 2755 atrium,
1213 2676 1497 2762 reliquis
1556 2677 1621 2742 in
1677 2675 1902 2743 medio
1953 2675 2215 2764 positis.
2273 2677 2350 2740 Et
2390 2693 2596 2761 parvo
2628 2672 2735 2740 in-

202 2767 467 2835 tervallo
495 2766 695 2843 facm,
724 2765 1038 2849 abjurata
1070 2778 1171 2834 est
1202 2764 1571 2841 discordia,
1599 2776 1663 2832 et
1692 2764 2062 2832 concordia
2087 2762 2422 2838 confecta,
2465 2782 2734 2851 paxque

205 2866 626 2923 sacramento
656 2854 1082 2923 confirmata.
2089 2891 2093 2896 ·

279 2945 310 3029 ξ
356 2948 491 3016 12.
554 2947 629 3010 In
683 2943 1062 3011 crastinum
1113 2963 1388 3010 summo
1449 2940 1761 3009 diluculo
1812 2960 2265 3029 ‹:onsurgen5‚
2322 2940 2600 3009 secessit
2648 2938 2732 3006 ad

205 3030 389 3099 aliam
446 3029 712 3107 villam,
771 3053 903 3100 non
957 3031 1155 3120 longe
1206 3031 1523 3119 positam,
1566 3029 2012 3098 Gemblacum
2047 3030 2081 3061 ⁴²
2131 3028 2432 3107 nomine,
2488 3040 2561 3096 ut
2591 3050 2732 3098 ser-

205 3138 459 3189 monem
498 3120 750 3188 faceret
797 3119 880 3187 ad
925 3120 1306 3209 populum:
1344 3118 1466 3187 ubi
1516 3140 1682 3186 sane
1731 3117 2166 3188 devotissime
2198 3122 2562 3206 susceptus
2604 3129 2727 3195 est,

205 3208 368 3292 quod
408 3223 475 3277 et
528 3208 714 3276 verbi
751 3209 860 3276 Dei
899 3230 1300 3297 praeconem
1336 3219 1401 3275 et
1451 3206 1761 3297 placidae
1799 3206 1987 3297 pacis
2021 3227 2179 3273 eum
2216 3206 2731 3274 internuncium

205 3315 335 3367 esse
382 3297 815 3366 didicissent.
869 3301 942 3364 ln
995 3296 1231 3364 eadem
1286 3296 1561 3385 regione
1595 3295 1732 3364 duo
1777 3296 2125 3385 principes
2176 3296 2436 3363 mutuis
2476 3295 2736 3361 confla-

207 3385 480 3470 grabant
530 3385 733 3465 odiis,
771 3397 858 3462 et,
901 3385 1152 3453 utfieri
1187 3384 1378 3463 solet,
1436 3385 1677 3472 rapina
1727 3397 1789 3452 et
1836 3383 2179 3452 incendiis
2231 3396 2364 3452 tota
2429 3383 2615 3472 regio
2667 3383 2734 3450 in

210 3475 579 3543 vastitatem
613 3486 677 3542 et
706 3473 1146 3542 solitudinem
1193 3473 1461 3542 redacta
1511 3472 1753 3541 fuerat.
1797 3476 1936 3541 Hoc
1988 3473 2090 3540 vir
2143 3472 2256 3540 Dei
2305 3470 2619 3552 audiens,
2674 3481 2739 3538 et

208 3563 608 3651 populorum
658 3561 1080 3631 clamoribus
1117 3575 1489 3651 permotuS,
1537 3561 1993 3651 miseriaeque
2039 3573 2103 3629 et
2138 3560 2567 3650 paupertatis
2600 3559 2736 3627 mi-

208 3663 453 3729 sertus,
523 3651 756 3740 ipso5,
821 3673 960 3737 quo
1009 3651 1250 3741 potuit,
1309 3649 1538 3719 labore
1588 3650 1798 3718 adiit:
1853 3670 2152 3735 cumque
2203 3650 2508 3738 primum
2563 3647 2735 3715 allo-

206 3752 538 3822 queretur,
577 3739 853 3809 dicens:
907 3763 941 3805 «
974 3744 1264 3829 Magnus
1311 3761 1383 3808 es
1415 3752 1479 3807 et
1513 3752 1778 3828 potens,
1819 3751 1885 3807 et
1934 3740 2252 3827 ignorare
2303 3759 2435 3806 non
2490 3737 2726 3816 debes,

208 3826 313 3895 tibi
359 3851 399 3896 a
452 3833 584 3897 Deo
632 3827 951 3897 collatam
1015 3839 1455 3918 potestatem,
1510 3840 1575 3896 et
1638 3849 1749 3896 me
1814 3848 2083 3896 servum
2136 3828 2286 3916 ejus
2334 3848 2482 3896 esse
2534 3824 2617 3893 ad
2672 3837 2735 3892 te

209 3917 512 3986 missum.
556 3921 654 3985 Me
691 3937 875 4008 ergo,
915 3938 1050 3985 non
1104 3939 1226 4007 pro
1275 3938 1406 3996 me,
1445 3916 1560 3985 sed
1616 3938 1739 4005 pro
1765 3915 1957 3986 illius
1991 3937 2222 3984 amore
2257 3914 2499 3984 audire
2527 3913 2738 3982 debes

206 4004 313 4087 qui
362 4027 483 4094 pro
536 4018 651 4073 tua
700 4018 765 4074 et
816 4005 1190 4075 multorum
1220 4005 1439 4075 salute
1467 4006 1550 4074 ad
1582 4018 1644 4073 te
1673 4005 1942 4073 diverti.
1985 4005 2154 4073 Audi
2209 4004 2422 4093 igitur
2471 4025 2610 4104 pau
2664 4024 2736 4069 e-

204 4110 331 4159 rem
363 4106 428 4162 et
465 4095 933 4183 peregrinum,
977 4107 1042 4164 et
1084 4095 1354 4163 Domini
1405 4094 1517 4162 Dei
1557 4094 1654 4161 tui
1691 4093 2019 4163 mandata
2047 4115 2165 4183 per
2213 4115 2320 4161 me
2366 4092 2486 4161 tibi
2530 4090 2592 4160 al
2630 4102 2739 4158 ata

206 4182 489 4278 suscipe,
527 4181 601 4252 u‘t
631 4184 719 4252 ab
765 4204 845 4251 eo
871 4196 947 4252 tu
970 4204 1243 4270 quoque
1266 4182 1697 4272 suscipiaris.
1745 4183 2034 4251 Remitte
2067 4183 2130 4250 ei
2162 4181 2282 4268 qui
2320 4181 2444 4249 tibi
2472 4179 2734 4249 nocuit:

206 4265 479 4350 dimitte,
550 4284 627 4341 ut
678 4271 797 4340 tibi
847 4270 1271 4341 dimittatur:
1328 4271 1590 4358 tibique
1640 4273 1728 4341 sit
1775 4270 2162 4349 commodO,
2210 4268 2640 4360 pauperibus
2672 4280 2739 4335 et

208 4358 426 4444 egenis
474 4360 827 4430 subsidio:
891 4372 964 4429 ut
1031 4359 1477 4430 commodum
1531 4373 1728 4428 tuum
1789 4359 1907 4429 fiat
1964 4370 2403 4449 peccatorum
2462 4370 2738 4427 tuorum

256 4480 281 4506 *
307 4483 451 4525 Οὓιεκ
468 4485 521 4526 tn
535 4485 801 4528 Brnbsntia.

370 4666 431 4731 θ
