3357 4995
219 334 433 404 JUNII
487 341 569 403 »¹6
928 357 1005 402 nn
1054 356 1111 402 s.
1166 355 1455 403 nunnoni:
1503 357 1798 405 msumsr
1847 356 2047 405 Ense.
2556 340 2684 405 393

206 442 413 512 =adest
459 444 631 531 (non
680 440 1129 512 considerans
1164 441 1426 510 venisse
1468 441 1751 527 quidem
1786 440 1997 521 diem,
2041 440 2159 510 sed
2211 441 2523 511 nondum
2577 465 2773 531 prae-

221 531 539 620 teriisse).
608 534 843 617 Itaque
891 530 1120 599 adhuc
1181 530 1513 616 loquens,
1585 530 1814 600 subito
1863 529 2242 622 ineyitabili
2294 529 2408 599 Dei
2448 531 2764 621 judicio,

221 643 359 690 non
413 618 709 710 placide,
753 632 832 689 ut
877 630 1098 698 antea,
1154 619 1271 689 sed
1324 631 1511 689 torvo
1558 619 1988 706 'terribilique
2027 618 2225 689 vultu
2253 639 2412 688 eum
2450 619 2784 690 adorien-

221 724 384 789 tem,
455 730 847 798 poenasque
895 721 1311 798 poscentem,
1381 707 1608 776 videre
1655 708 1845 777 visus
1892 720 1994 777 est
2063 707 2487 798 (eratenim
2562 710 2771 799 paulo

222 811 421 868 antea
461 799 597 866 vita
637 798 968 886 functus):
1011 819 1173 868 suos
1210 798 1440 887 igitur,
1474 809 1549 866 ut
1580 798 1936 886 suppetias
1971 795 2072 865 illi
2114 796 2392 877 ferrent,
2437 798 2771 883 quoniam

222 889 426 957 divus
457 892 684 956 Benno
709 909 868 955 eum
905 887 1280 976 impeteret,
1326 885 1581 954 frustra
1610 898 1955 975 precatus,
1997 885 2065 954 in
2100 907 2326 976 genua
2357 886 2765 972 concidenS‚

224 977 589 1047 subitanea
642 987 856 1044 morte
898 976 1184 1063 periisse
1230 974 1510 1043 dicitur.
1785 993 1790 998 ⁸

312 1069 552 1154 §34
609 1071 971 1150 Postquam
1043 1063 1484 1133 beatissimus
1552 1075 1742 1152 pater
1808 1069 2081 1142 Benn0‚
2144 1063 2486 1133 laborioso
2557 1064 2769 1154 hujus

226 1156 399 1224 vitae
442 1175 657 1223 cursu
706 1153 793 1221 ad
840 1166 1211 1221 extremam
1273 1164 1558 1220 aetatem
1608 1174 1830 1238 usque
1893 1152 2189 1242 impigre
2240 1164 2771 1239 constanterque

222 1265 526 1322 emensO,
581 1242 798 1310 fessae
847 1242 991 1331 Jam
1047 1254 1199 1330 post
1247 1239 1548 1329 plurima
1610 1240 1918 1329 pericula
1967 1241 2189 1341 puppi
2257 1252 2476 1310 tutum
2529 1242 2769 1311 adesse

146 1369 155 1377 ι
226 1345 527 1424 portum,
589 1343 653 1399 et
702 1344 1048 1399 aeternam
1104 1332 1357 1398 instare
1406 1330 1537 1398 sibi
1590 1331 1894 1415 requiem
1968 1330 2218 1419 spiritu
2267 1329 2606 1399 revelante
2653 1353 2768 1400 co-

225 1421 492 1512 gnovit:
563 1419 854 1488 festinus
913 1440 1075 1507 prae
1132 1417 1385 1508 gaudio
1435 1417 1764 1487 fratribus
1814 1418 2371 1487 suis-Canon-icis
2420 1419 2487 1486 in
2542 1441 2762 1488 unum

227 1509 622 1580 convocatis
673 1507 789 1576 tali
840 1529 955 1576 eos
993 1507 1301 1576 oratione
1357 1506 1763 1592 alloquitur:
1796 1510 2040 1574 «Hora
2096 1519 2218 1586 est,
2265 1506 2771 1606 jucundissimi

225 1598 488 1678 fratreS,
541 1619 748 1683 quarn
790 1619 917 1684 ego
967 1596 1205 1665 multis
1254 1607 1430 1664 retro
1462 1596 1688 1675 annis,
1745 1595 1972 1663 nescio
2021 1617 2106 1663 an
2160 1616 2415 1684 majore
2464 1595 2770 1665 solicitu-

223 1689 408 1768 dine,
454 1709 538 1755 an
573 1685 912 1755 desiderio
961 1706 1235 1774 semper
1264 1684 1651 1772 expectavi:
1687 1683 2161 1752 desiderabam
2212 1683 2492 1770 quidem
2537 1683 2761 1776 saepe,

180 1853 183 1854 ⁷
223 1798 307 1845 ne
349 1776 532 1844 mala
572 1774 899 1852 viderem,
943 1774 1202 1860 quibus
1250 1772 1495 1842 diebus
1544 1771 1717 1840 meis
1740 1772 1996 1860 jactata
2034 1784 2136 1841 est
2175 1773 2393 1843 sancti
2429 1775 2605 1843 Petri
2647 1796 2768 1842 na-

224 1865 473 1944 vicula,
514 1886 678 1932 neve
717 1876 864 1952 post
914 1863 1125 1952 hujus
1167 1861 1359 1930 mihi
1389 1861 1799 1930 commissae
1831 1860 2170 1930 Ecclesiae
2210 1860 2568 1949 profanata
2610 1886 2772 1932 san-

224 1954 489 2022 ctuaria
537 1966 603 2022 et
649 1952 869 2021 divisa
903 1952 1080 2020 inter
1111 1951 1338 2020 hostes
1366 1949 1586 2040 spolia
1617 1949 1921 2039 amplius
1947 1971 2403 2039 superessem,
2444 1953 2767 2022 miseram

226 2041 549 2110 claudere
599 2041 831 2109 vitam.
897 2041 1277 2109 Metuebam
1318 2061 1397 2106 ex
1441 2038 1652 2106 altera
1711 2050 1921 2128 parte,
1962 2060 2046 2107 ne
2085 2037 2254 2107 forte
2292 2038 2391 2107 vel
2428 2040 2556 2109 hoc
2618 2042 2772 2130 ipso

225 2129 409 2217 quod
462 2130 735 2197 divinae
768 2128 1159 2198 tentationis
1182 2127 1417 2217 jacula
1451 2148 1696 2215 parum
1747 2138 2160 2203 constanter.
2200 2139 2320 2214 aut
2355 2128 2564 2198 nimis
2598 2129 2771 2198 mol-

224 2219 380 2288 liter
429 2218 603 2286 ferre
655 2218 940 2297 viderer,
999 2216 1491 2307 omnipotentis
1543 2216 1657 2283 Dei
1708 2217 1971 2310 justam
2026 2215 2397 2286 inciderem
2453 2217 2598 2284 indi
2658 2240 2773 2286 na-

223 2309 506 2375 tionem.
562 2306 865 2391 Denique
901 2306 1267 2396 implorata
1302 2305 1413 2372 Dei
1449 2305 1667 2393 gratia
1724 2305 2167 2390 antiquorum
2269 2318 2495 2372 atrum
2548 2328 2619 2373 ze
2652 2327 2767 2374 um

224 2395 562 2469 imitatus,
620 2395 799 2482 regis
858 2396 1130 2463 Henrici
1191 2415 1537 2462 carcerem
1594 2405 1658 2461 et
1712 2392 2020 2472 exilium,
2078 2397 2212 2461 Buc
2271 2391 2473 2460 hardi
2532 2415 2773 2483 graves

221 2494 288 2553 et
338 2482 648 2572 insignes
678 2484 1154 2561 contumelias,
1198 2482 1615 2551 Marcbionis
1649 2494 1991 2571 postremo
2019 2480 2241 2572 ipsius
2283 2481 2508 2552 minas
2537 2495 2603 2552 et
2633 2505 2767 2551 ver·

222 2574 414 2652 bera,
469 2584 533 2640 et
572 2572 913 2658 quidquid
963 2573 1206 2641 sacrile
1260 2573 1318 2639 is
1372 2572 1438 2639 in
1493 2592 1603 2637 me
1638 2571 1961 2639 manibus
1993 2582 2299 2661 patrasse
2340 2570 2565 2651 libuit,
2614 2572 2772 2641 forti

225 2661 462 2730 animo
498 2660 773 2751 pertuli,
828 2660 1042 2729 donec
1079 2595 1357 2750 impffeta
1410 2660 1831 2749 perfidorum
1869 2659 2228 2727 bominum
2284 2659 2546 2728 malitia
2597 2660 2775 2729 divi-

224 2772 352 2818 nae
392 2748 860 2839 providentiae
885 2771 1136 2817 arcana
1186 2761 1638 2835 sequerentur
1660 2747 1952 2837 judicia.
1993 2746 2262 2816 Nullam
2293 2760 2519 2817 autem
2557 2750 2625 2817 in
2665 2772 2774 2818 me

224 2861 507 2908 causam
552 2839 981 2915 invenerunt,
1016 2838 1149 2907 nisi
1180 2837 1362 2923 quod
1398 2849 1873 2906 sacrosanctae
1918 2837 2344 2936 Apostolicae
2393 2836 2587 2909 Sedis
2616 2839 2774 2907 obe-

226 2928 557 2996 dientiam
610 2926 989 3003 confessus,
1032 2927 1454 2997 sanctissimi
1506 2927 1632 2994 viri
1683 2926 1988 3014 Gregorii
2049 2925 2329 3013 Septimi
2386 2938 2450 2995 et
2498 2948 2773 2996 succes-

224 3038 457 3085 sorum
511 3038 798 3084 suorum
857 3037 1136 3083 causam
1180 3015 1520 3103 intrepide
1569 3026 1854 3092 tutatus,
1909 3035 2155 3099 resque
2204 3013 2546 3083 Ecclesiae
2581 3037 2771 3086 meae

226 3106 543 3192 nequiter
596 3104 859 3173 ablatas
906 3103 1465 3190 quibuscumque
1530 3103 1722 3193 potui
1782 3101 2269 3171 ecclesiasticis
2316 3105 2632 3173 censuris
2693 3128 2772 3174 ac

228 3195 467 3282 poenis
510 3194 869 3261 vendicare
906 3192 1099 3261 nisus
1148 3214 1329 3262 sum.
1376 3196 1556 3260 Haec
1596 3191 2018 3260 accusatoris
2054 3192 2120 3259 in
2168 3213 2276 3260 me
2310 3214 2583 3262 summa
2615 3192 2767 3263 fuit.

230 3288 471 3351 Verum
509 3282 572 3349 id
617 3282 778 3368 jure
826 3302 910 3349 ne
956 3280 1234 3349 fecerim
1276 3303 1360 3348 an
1400 3281 1659 3370 injuria
1694 3280 1952 3349 aeterni
1991 3279 2262 3349 Judicis
2297 3282 2600 3351 tribunal
2652 3304 2776 3372 ap-

228 3371 430 3461 pellO,
467 3393 603 3457 quo
639 3392 961 3461 praesens
1012 3369 1177 3437 haec
1230 3370 1396 3437 hora
1454 3391 1563 3438 me
1611 3381 1843 3437 vocat:
1898 3368 2120 3437 veniet
2163 3383 2391 3438 autem
2441 3370 2575 3439 cito
2625 3386 2778 3460 post

228 3482 338 3528 me
389 3460 725 3529 Henricus
762 3464 897 3527 Rex
937 3480 1014 3527 ac
1049 3458 1298 3526 caeteri
1345 3457 1848 3526 ecclesiasticae
1899 3457 2249 3546 potestatis
2299 3471 2770 3547 temeratores:

226 3571 400 3634 quos
450 3549 625 3617 inter
670 3562 735 3617 et
784 3569 892 3615 me
929 3552 1103 3617 Deus
1116 3546 1490 3702 1judicabit.
1531 3545 1655 3614 Sed
1691 3545 2021 3631 quoniam
2055 3567 2171 3615 vos
2206 3559 2481 3636 propter
2515 3547 2776 3617 disces-

228 3658 383 3707 sum
448 3658 679 3706 meum
738 3637 1068 3705 tristiores
1142 3647 1327 3705 actos
1374 3656 1523 3703 esse
1571 3635 1965 3723 conspicio:
2022 3634 2202 3703 hanc
2249 3634 2528 3705 interim
2580 3659 2619 3704 a
2669 3658 2778 3706 me

134 3732 145 3745 ’
226 3725 761 3796 consolationem
813 3725 1126 3814 accipite.
1202 3729 1674 3793 Successorem
1728 3723 1798 3791 in
1855 3723 2082 3792 locum
2138 3745 2373 3793 meum
2431 3724 2817 3817 habebitis

226 3815 450 3883 virum
504 3814 761 3883 bonum
812 3827 876 3883 et
906 3816 1259 3883 timentem
1296 3817 1533 3892 Deum,
1568 3813 1691 3899 qui
1717 3812 2254 3882 ecclesiasticam
2288 3834 2429 3882 rem
2484 3828 2778 3884 vestram

225 3924 480 3992 magna
517 3925 594 3971 ex
634 3912 821 3992 parte
868 3901 1364 3993 augmentabit.
1409 3900 1623 3987 quue
1672 3923 1752 3970 eo
1805 3900 2137 3991 ampliuS,
2194 3901 2383 3988 quod
2443 3914 2595 3993 post
2631 3903 2778 3974 obi-

226 4002 371 4060 tum
424 4013 655 4060 meum
722 3991 852 4070 his,
913 3993 1033 4077 qui
1085 4013 1224 4059 rem
1268 3989 1572 4058 divinam
1628 3989 1966 4060 hactenus
2023 3990 2361 4078 impedire
2417 3991 2774 4069 solebant,

224 4078 385 4168 plus
437 4080 785 4170 injicietur
835 4080 1112 4150 terroris
1150 4092 1217 4148 et
1248 4078 1663 4148 formidinis
1724 4084 1862 4170 Ego
1908 4080 2096 4148 enim
2143 4079 2227 4161 si,
2281 4101 2494 4167 quam
2546 4103 2771 4171 spero,

224 4169 412 4258 apud
478 4174 688 4238 Deum
739 4169 1031 4259 gratiam
1077 4170 1397 4238 invenero
1446 4179 1847 4258 susceptum
1903 4167 2115 4237 semel
2167 4169 2381 4258 hujus
2433 4169 2778 4239 Ecclesiae

222 4257 686 4357 patrocinium
763 4280 880 4347 per
926 4278 1200 4326 omnem
1260 4257 1502 4326 tuebor
1555 4268 1842 4326 aetatem
1907 4268 1974 4326 et
2026 4256 2296 4329 secula:
2352 4279 2778 4345 causamque

223 4345 451 4437 ipsius
510 4370 589 4416 ac
647 4368 1128 4416 successorum
1178 4368 1563 4426 assumens,
1617 4366 1945 4416 accusare
1996 4366 2127 4414 non
2167 4347 2453 4416 cessabo
2486 4368 2603 4416 eos
2650 4345 2771 4432 qui

224 4457 406 4505 ausu
446 4434 830 4516 temerario,
876 4437 1016 4507 sive
1068 4435 1135 4504 in
1171 4435 1349 4505 hanc
1398 4434 1798 4516 Ecclesiam,
1842 4435 2089 4504 sivein
2143 4434 2365 4525 ipsius
2415 4435 2772 4503 ministros
