3357 4995
208 324 405 390 mun
457 324 499 388 2
567 355 579 367 ·
749 341 1092 390 rmsmr.
1146 342 1237 391 ss.
1290 343 1407 391 uu.
1462 343 1642 391 rss‘riu
1690 344 1767 391 ΕΤ
1813 342 2190 393 nAnanmm
2574 328 2659 393 63

208 426 738 497 misericordiam
768 424 1265 508 collaudanteS,
1304 449 1541 498 sacras
1570 427 1730 497 illas
1760 428 2321 500 beatissimorum
2353 442 2739 521 martyrum

203 514 465 585 exuvias
506 515 596 585 ad
647 514 953 585 Mulhein
989 514 1417 606 superiorem
1451 517 1585 607 (sic
1618 517 1808 586 enim
1847 516 2177 587 moderno
2212 530 2519 609 tempore
2552 518 2749 595 locus

199 603 301 673 ille
346 604 672 694 vocatur)
717 626 881 675 cum
917 627 1171 695 magna
1217 604 1532 676 omnium
1583 605 1708 693 qui
1755 604 1853 675 ibi
1901 605 2143 676 adesse
2221 619 2570 688 otuerunt,
2606 606 2747 678 lae-

194 693 325 762 titia
359 706 429 763 et
468 693 891 765 exultatione
937 693 1343 764 detulimus:
1382 693 1503 764 sed
1536 716 1702 784 prae
1732 694 1951 765 nimia
1985 716 2173 786 popu
2205 695 2227 764 i
2259 694 2734 776 multitudine,

165 803 351 869 quae
390 782 823 872 praecedens
869 795 1118 854 cuncta
1165 782 1651 873 compleverat,
1708 803 1934 871 neque
1970 783 2336 854 ecclesiam
2369 784 2585 863 adire,
2621 805 2741 854 ne-

184 891 308 957 que
356 869 695 941 feretrum
736 872 810 942 in
866 892 1016 941 eam
1076 870 1331 941 inferre
1368 869 1747 944 valuimus.
1806 872 2074 944 Idcirco
2124 874 2194 942 in
2245 893 2494 963 campo
2551 872 2742 963 adja-

180 972 396 1039 cente,
436 971 648 1047 atque
685 961 757 1029 in
808 959 958 1030 loco
1005 959 1291 1031 editiore
1337 958 1550 1031 altare
1601 961 1736 1032 sub
1791 961 1909 1032 dio
1947 961 2316 1042 ereximuS,
2351 984 2457 1043 ac,
2495 961 2743 1032 feretro

179 1068 353 1137 pone
405 1048 627 1119 altare
674 1049 1027 1139 deposito,
1072 1049 1438 1119 Missarum
1491 1048 1830 1121 solemnia
1876 1049 2408 1122 celebravimus.
2465 1050 2735 1133 Quibus

176 1137 497 1227 expletiS,
538 1159 621 1208 ac
655 1137 1105 1208 multitudine
1153 1137 1241 1207 ad
1281 1159 1408 1210 sua
1446 1137 1829 1220 recedente,
1885 1140 1956 1209 in
2005 1138 2374 1211 ecclesiam
2422 1160 2464 1208 a
2520 1138 2739 1209 beatis

174 1226 612 1316 martyribus
651 1227 969 1318 jussam,
1024 1234 1264 1297 eorum
1313 1227 1785 1299 sacratissima
1835 1248 2128 1318 corpora
2153 1226 2592 1298 “intulimus:
2633 1220 2738 1307 ac,

172 1313 429 1385 feretro
463 1328 747 1405 propter
779 1314 993 1385 altare
1025 1314 1269 1397 locatO,
1313 1315 1564 1386 iterum
1598 1315 1877 1387 Missam
1916 1317 2268 1388 celebrare
2304 1315 2730 1386 curavimus:

175 1402 415 1491 ibique
450 1403 630 1473 inter
662 1403 1154 1474 celebrandum
1188 1425 1376 1495 -puer
1419 1404 1707 1492 quidam
1743 1427 2086 1476 annorum
2135 1405 2412 1476 circiter
2443 1403 2737 1492 quinde-

173 1492 336 1573 cim,
396 1493 683 1562 nomine
716 1492 951 1562 Daniel
991 1492 1077 1563 de
1125 1513 1305 1584 pago
1343 1493 1687 1575 Portiano,
1740 1494 1864 1582 qui
1913 1494 2083 1565 illuc
2132 1494 2312 1565 inter
2344 1492 2519 1563 alios
2570 1514 2742 1583 pau-

176 1601 375 1670 peres
429 1581 895 1651 mendicando
941 1593 1240 1661 venerat,
1297 1595 1501 1669 atque
1548 1582 1642 1652 ita
1691 1604 1950 1653 curvus
2008 1594 2176 1664 erat,
2227 1596 2305 1653 ut
2352 1582 2491 1653 nisi
2540 1581 2738 1671 supi—

174 1690 309 1739 nus
336 1681 548 1756 atque
564 1670 812 1762 jacens
840 1669 1108 1741 coelum
1133 1671 1442 1761 aspicere
1469 1672 1912 1758 nequivisset,
1950 1672 2035 1741 ad
2068 1671 2393 1742 feretrum
2428 1670 2739 1750 accessit,

177 1780 253 1827 ac
301 1758 541 1829 subito
593 1759 782 1829 velut
829 1760 918 1830 ab
965 1759 1199 1847 aliquo
1247 1759 1600 1850 impulsus
1646 1760 1945 1830 corruit:
1999 1781 2300 1848 cumque
2365 1759 2490 1830 diu
2550 1757 2737 1828 velut

174 1846 556 1917 dormienti
582 1847 839 1918 similis
862 1847 1222 1940 jacuisset,
1248 1848 1574 1919 correctis
1603 1849 1936 1919 omnibus
1966 1849 2323 1929 membriS,
2360 1861 2427 1918 et
2459 1859 2734 1937 recepta

178 1934 511 2005 firmitate
536 1957 935 2018 nervorum,
971 1959 1201 2008 coram
1233 1936 1457 2008 oculis
1481 1937 1737 2009 nostris
1770 1937 2069 2009 surrexit
2097 1937 2495 2009 incolumis.
2535 1940 2736 2005 Facta

178 2037 340 2095 sunt
391 2026 567 2095 haec
596 2025 1059 2096 decimosexto
1094 2025 1429 2096 Calendas
1462 2025 1894 2109 FebruariaS,
1925 2040 1991 2097 et
2023 2038 2169 2097 erat
2199 2027 2351 2117 ejus
2379 2025 2520 2095 diei
2553 2036 2743 2093 tanta

177 2124 241 2181 et
289 2125 435 2184 tam
485 2113 676 2184 clara
723 2115 1094 2196 serenitaS,
1148 2127 1228 2185 ut
1272 2114 1512 2186 aestivi
1571 2114 2015 2205 splendorem
2064 2114 2230 2188 solis
2278 2114 2735 2203 adaequaret:

178 2213 387 2289 atque
436 2202 665 2303 ipsius
703 2202 885 2274 aeris
934 2214 1071 2273 tam
1123 2203 1310 2274 mitis
1344 2215 1549 2290 atque
1572 2203 1892 2293 jucunda
1927 2203 2419 2293 tranquillitas,
2454 2214 2532 2273 ut
2557 2201 2736 2270 veris

182 2301 590 2382 temperiem
631 2292 995 2381 apricitate
1051 2291 1310 2362 blanda
1358 2291 1822 2382 praecederet.

264 2382 301 2466 ἓ
350 2384 510 2452 19.
564 2379 898 2451 Postridie
946 2402 1105 2451 vero
1145 2403 1339 2451 sacra
1387 2381 1748 2451 beatorum
1786 2393 2171 2471 martyrum
2213 2403 2527 2472 corpora,
2557 2403 2729 2451 novo

178 2465 409 2539 loculo
448 2468 831 2551 recondita,
876 2470 944 2538 in
985 2468 1228 2540 absida
1268 2469 1599 2542 basilicae
1649 2468 2056 2552 locavimuS,
2092 2482 2160 2541 et
2192 2470 2373 2541 sicut
2420 2471 2490 2540 in
2528 2475 2736 2540 Fran-

178 2556 284 2626 cia
323 2579 481 2628 mos
527 2571 653 2641 est,
698 2560 1132 2649 superposito
1172 2559 1399 2651 ligneo
1429 2558 1766 2641 culmine,
1821 2559 2054 2630 linteis
2092 2581 2174 2629 ac
2221 2559 2462 2630 sericis
2503 2559 2735 2649 palliis

178 2646 478 2715 ornandi
555 2646 777 2738 gratia
845 2648 1318 2730 conteximus,
1380 2660 1808 2739 aoponentes
1855 2648 2115 2729 altare,
2172 2669 2252 2718 ac
2300 2647 2440 2719 duo
2488 2646 2733 2717 vexilla

184 2736 583 2805 Dominicae
631 2736 1001 2818 Passionis,
1042 2758 1222 2824 quae
1267 2721 1493 2806 invia
1550 2737 1880 2808 feretrum
1934 2734 2343 2837 praecedere
2384 2735 2726 2816 solebant,

182 2820 337 2893 hine
388 2835 601 2913 atque
633 2824 797 2894 inde
826 2825 1188 2915 erigentes,
1224 2824 1454 2896 locum
1490 2824 1696 2895 illum
1736 2824 1993 2896 divinis
2019 2824 2268 2896 officiis
2293 2823 2726 2895 celebrandis

184 2930 298 2999 pro
332 2912 623 2988 modulo
720 2915 1097 3004 aupertatis
1145 2925 1418 2985 nostrae
1464 2913 1794 2984 idoneum
1843 2926 2049 3001 atque
2081 2924 2322 3004 aptum
2353 2912 2576 2984 facere
2610 2935 2736 2982 cu-

186 3002 514 3073 ravimus.
553 3006 644 3072 Or
692 3003 1039 3090 inatisque
1068 3002 1363 3084 clericiS,
1399 3003 1521 3091 qui
1572 3002 1747 3072 inihi
1796 3002 2077 3073 assidue
2123 3014 2190 3072 et
2236 3002 2564 3086 excubias
2599 3001 2733 3072 du-

184 3105 433 3173 cerent,
476 3111 559 3160 ac
605 3090 861 3161 divinis
900 3090 1229 3162 laudibus
1261 3090 1577 3163 dicendis
1615 3113 1859 3162 curam
1908 3091 2192 3163 solerter
2220 3091 2731 3182 impenderent,

187 3176 314 3266 ipsi
360 3201 503 3249 non
554 3179 783 3251 solum
835 3191 1066 3250 nostra
1115 3192 1381 3272 sponte,
1426 3180 1544 3251 sed
1592 3181 1798 3250 etiam
1849 3179 2086 3270 regali,
2114 3179 2508 3272 diplomate·
2545 3177 2734 3267 quod

190 3267 380 3340 nobis
431 3269 502 3338 in
559 3269 666 3338 via
724 3268 995 3339 obviam
1039 3281 1338 3350 venerat,
1393 3270 1676 3352 evocati,
1737 3269 2022 3339 Domino
2054 3270 2179 3339 iter
2221 3280 2534 3339 nostrum
2574 3289 2734 3359 pro-

190 3369 536 3444 sperante,
588 3358 676 3427 ad
727 3357 1059 3447 palatium
1112 3379 1358 3428 sumus
1415 3379 1579 3427 cum
1621 3379 1875 3448 magna
1913 3357 2334 3428 exultatione
2396 3357 2715 3447 regressi.

274 3448 597 3516 Lissa-II.
634 3448 671 3534 ξ
715 3452 793 3519 1.
834 3447 1222 3517 Transactis
1254 3445 1632 3517 admodum
1689 3448 1952 3536 paucis,
1991 3458 2355 3536 postquam
2390 3446 2471 3515 ad
2508 3445 2735 3514 Comi-

194 3543 397 3604 tatum
419 3535 454 3568 ⁴⁸
476 3556 819 3617 veneram,
852 3534 1123 3616 diebuS‚
1160 3556 1288 3625 ego
1318 3535 1707 3606 secundum
1734 3535 2308 3605 consuetudinem
2345 3533 2734 3604 aulicorum

193 3624 523 3693 maturius
571 3626 886 3713 Surgens,
942 3625 1167 3714 primo
1226 3646 1427 3693 mane
1478 3623 1811 3714 palatium
1865 3623 2051 3713 petii.
2100 3623 2201 3693 Ibi
2253 3645 2411 3692 cum
2464 3623 2531 3691 in
2593 3643 2733 3691 res-

194 3729 325 3793 suS,
380 3711 783 3782 Hildoinum
819 3713 1023 3804 cujus
1074 3712 1248 3782 libro
1297 3713 1651 3803 superiore
1702 3712 2121 3782 mentionem
2172 3711 2326 3791 feci,
2364 3722 2521 3780 ante
2575 3709 2735 3780 'ores

195 3802 348 3894 regii
399 3801 708 3874 cubiculi
757 3802 1131 3880 sedentem,
1187 3814 1393 3888 atquc
1439 3822 1798 3891 egressum
1870 3800 2208 3891 principis
2255 3799 2728 3890 opperientem

197 3889 623 3968 invenissem,
676 3911 758 3959 ex
807 3911 994 3960 more
1045 3889 1417 3962 salutatum
1471 3910 1780 3979 surgere,
1825 3903 2030 3975 atque
2078 3888 2162 3958 ad
2213 3888 2589 3976 quamdam
2627 3887 2734 3956 ‘fe-

196 3989 506 4058 nestram,
541 3978 627 4047 de
667 3979 903 4065 quain
934 3978 1261 4048 inferiora
1286 3978 1524 4048 Palatii
1560 3991 1967 4067 prospectus
2007 3990 2175 4058 erat,
2220 3999 2487 4046 mecum
2539 3997 2735 4045 acce-

196 4061 340 4134 dere
370 4068 627 4157 rogavi.
674 4066 769 4136 Ad
808 4088 1018 4153 quam
1054 4067 1309 4156 pariter
1339 4066 1585 4136 stando
1622 4067 2126 4146 incumbenteS,
2164 4066 2248 4134 de
2286 4064 2735 4135 translatione

202 4167 581 4225 sanctorum
632 4168 1015 4245 martyrum
1060 4155 1439 4225 Marcellini
1470 4168 1534 4224 et
1564 4156 1768 4236 Petri,
1809 4177 2073 4225 necnon
2125 4170 2191 4224 et
2238 4155 2322 4224 de
2365 4154 2728 4235 miracuIO,

199 4243 366 4324 quod
432 4244 501 4311 in
552 4243 745 4313 fluxu
789 4244 1083 4324 cruoris,
1138 4265 1275 4331 quo
1324 4243 1628 4313 loculum
1694 4265 1931 4313 eorum
1985 4267 2054 4314 sc
2111 4257 2243 4312 tem
2296 4244 2543 4313 diebus
2617 4265 2732 4310 su-

202 4328 386 4402 dasse
434 4333 989 4413 commemoravi,
1037 4348 1388 4404 ostensum
1427 4345 1548 4414 est,
1585 4333 1904 4428 mirando
1949 4356 2062 4402 mu
2102 4345 2164 4401 ta
2207 4354 2452 4401 sumus
2489 4331 2730 4400 locuti.

245 4453 266 4476 ¹*
293 4455 481 4498 Curiam
497 4459 791 4507 Imperialem
811 4461 1256 4509 Aquisgmnenffem.
