3357 4995
723 287 852 354 342
1535 306 1615 353 na
1662 306 1721 354 s.
1770 303 1936 353 num
1982 305 2270 354 marran
2817 288 2854 353 J
2864 286 3040 353 UNII
3093 288 3181 354 ⁴5

636 388 846 460 adoro
878 389 1207 480 Spiritum
1243 392 1592 460 Sanctum.
1628 412 1665 457 »
1694 383 1864 460 Tum
1898 395 2177 461 Praeses
2211 389 2587 464 Maximus:
2631 411 2668 456 «
2697 388 3134 460 Persuadeas
3157 446 3177 472 ,

636 478 884 566 inquit,
940 478 1133 559 mihi,
1183 477 1529 566 quomodo
1562 477 1634 548 in
1664 499 1888 549 unum
1926 483 2134 549 Deum
2183 477 2493 560 credenS,
2548 490 2685 548 tres
2727 477 3181 569 praedices.»

722 568 760 655 ξ
807 571 901 636 9.
953 566 1047 636 Ad
1082 565 1249 636 haec
1284 566 1636 657 respondit
1688 566 1929 637 Dulas:
1962 590 1997 634 «
2030 570 2364 639 Animalia
2397 567 2587 638 homo
2616 590 2745 637 non
2772 569 2965 658 perci
3010 569 3063 636 it
3093 590 3184 638 ea

633 678 807 745 quae
830 664 986 726 sunt
1016 657 1312 746 Spiritus
1339 657 1463 725 Dei
1484 656 1545 746 (t
1566 710 1580 725 .
1617 660 1764 725 Cor.
1799 655 1900 744 11).
1928 653 2179 725 Eorum
2216 669 2439 726 tamen
2473 659 2686 726 causa
2730 656 2853 742 qui
2884 677 2922 725 a
2977 669 3172 737 sunt,

634 743 884 813 dicam.
925 744 1520 827 Quemadmodum
1573 755 1669 827 tu,
1723 744 1845 832 qui
1881 745 2085 815 homo
2121 766 2218 826 eS,
2263 744 2476 815 habes
2505 764 2934 832 sermonem:
2976 731 3071 814 sta
3110 757 3181 815 et

636 837 815 902 Deus
862 837 1056 902 Pater
1114 832 1573 924 omnipotens,
1639 832 1846 902 habet
1891 834 2186 903 Verbum
2234 833 2549 922 ejusdem
2603 833 3053 914 substantiae,
3110 846 3184 903 et

637 921 967 1012 Spiritum
1018 943 1224 991 suum
1274 921 1817 992 sanctissimum.
1849 921 1978 1005 Qui
2023 927 2196 991 Deus
2233 935 2463 992 noster
2492 944 2653 993 cum
2707 922 3009 1011 primum
3052 915 3181 992 lfo-

633 1009 894 1079 minem
944 1008 1285 1090 formavit;
1337 1022 1403 1080 et
1450 1009 1753 1102 imagine
1786 1032 1911 1080 sua
1957 1009 2159 1081 illum
2194 1009 2576 1093 honoravit,
2633 1009 3005 1080 insufflavit
3039 1010 3183 1101 ipsi

545 1127 554 1146 .
633 1099 954 1188 spiritum
1002 1098 1197 1179 vitae,
1234 1120 1439 1186 quem
1486 1099 1649 1169 etin
1685 1098 2004 1189 paradiso
2036 1100 2413 1169 constituit.
2454 1105 2692 1171 Postea
2741 1121 2919 1178 vero,
2960 1121 3175 1186 quam

633 1198 932 1267 satanaS,
968 1187 1090 1274 qui
1138 1209 1326 1256 nunc
1358 1208 1479 1277 per
1525 1198 1587 1257 te
1635 1187 2050 1257 voluntatem
2094 1210 2292 1257 suam
2321 1201 2608 1269 exercet,
2646 1187 2913 1257 studuit
2947 1187 3178 1257 homi-

636 1297 790 1346 nem
857 1275 941 1344 ad
997 1274 1214 1344 divini
1263 1276 1608 1367 praecepti
1666 1275 2101 1347 violationem
2168 1277 2542 1367 impellere,
2577 1275 3175 1363 quemadmodum

633 1386 822 1434 nunc
869 1364 1073 1434 etiam
1108 1386 1228 1455 per
1276 1377 1338 1434 te
1369 1363 1552 1446 facit,
1609 1365 1958 1434 hominem
1996 1364 2225 1454 ipsum
2277 1388 2317 1434 a
2362 1363 2617 1434 divinis
2653 1365 3029 1455 praeceptis
3060 1386 3177 1435 ex-

638 1452 1047 1522 terminavit.
1124 1453 1580 1535 Quamobrem
1647 1457 1827 1522 Deus
1879 1474 2037 1522 cum
2103 1474 2280 1542 opus
2348 1452 2531 1541 quod
2590 1452 3035 1534 formaverat,
3110 1466 3179 1522 et

637 1540 908 1631 lapsum
977 1540 1220 1623 fuerat,
1271 1542 1372 1610 eri
1422 1563 1556 1623 ere,
1610 1541 1843 1628 idque,
1897 1541 2077 1629 quod
2130 1542 2586 1624 aberraverat,
2628 1541 2911 1610 inviam
2962 1541 3176 1611 redu—

633 1651 786 1699 cere
832 1629 1052 1710 vellet‚
1094 1630 1281 1701 misit
1316 1632 1384 1698 Fi
1419 1630 1559 1700 ium
1596 1651 1826 1712 suum,
1891 1630 2019 1700 hoc
2051 1643 2174 1715 est,
2228 1631 2548 1700 Verbum.
2603 1634 2840 1718 Itaque
2872 1630 3179 1699 Verbum-

636 1718 752 1788 Dei
800 1717 868 1786 in
922 1730 1158 1788 sancta
1214 1718 1333 1788 illa
1398 1719 1513 1788 Vir
1561 1719 1674 1789 ine
1716 1717 2075 1800 habitavit,
2140 1729 2206 1789 et
2258 1741 2338 1789 ex
2384 1741 2465 1789 ea
2502 1718 2809 1812 genitum
2842 1717 2995 1799 fuit,
3052 1738 3179 1809 per

637 1806 823 1895 quod
882 1812 1076 1877 Pater
1139 1807 1284 1898 ipse
1332 1829 1498 1876 mun
1552 1829 1592 1877 o
1647 1806 1939 1877 salutem
1994 1807 2206 1878 dedit.
2254 1830 2291 1874 »
2326 1813 2497 1878 Tum
2558 1806 2893 1878 Maximus
2951 1806 3169 1876 dixit:

643 1897 975 1966 «Verbum
1008 1896 1220 1987 igitur
1267 1895 1543 1983 aliquod
1599 1896 1824 1966 virum
1861 1896 2302 1988 gignit?»-«
2321 1897 2623 1980 Minime,
2660 1896 2887 1984 inquit
2934 1895 3170 1978 DulaS,

640 1984 755 2054 Dei
806 1985 1207 2075 mysterium
1247 1984 1620 2076 intelligis:
1659 2006 1892 2054 verum
1932 1985 1990 2055 si
2038 1985 2528 2077 omnipotentis
2558 1985 2675 2055 Dei
2708 1986 3026 2055 virtutem
3060 2006 3176 2054 co-

639 2095 1028 2164 gnosceres,
1062 2074 1235 2144 scire
1267 2096 1523 2165 possea,
1561 2074 1745 2162 quod
1786 2073 1907 2161 qui
1932 2096 1967 2143 e
1997 2073 2273 2165 pulvere
2295 2074 2642 2145 hominem
2669 2073 2851 2155 fecit,
2903 2073 3026 2161 qui
3057 2073 3178 2143 fir-

639 2161 847 2231 mavit
881 2174 1128 2231 terram
1171 2184 1381 2252 super
1425 2184 1664 2250 aquaS,
1718 2163 1840 2249 qui
1892 2162 2158 2233 coelum
2200 2162 2675 2245 consolidavit,
2735 2162 2856 2251 qui
2898 2163 3178 2232 univer-

637 2271 784 2320 sam
854 2263 1169 2320 naturam
1220 2251 1460 2333 effecit,
1516 2250 1631 2321 ille
1677 2250 1837 2342 ipse·
1873 2250 2185 2323 Christus
2230 2265 2355 2324 est.
2414 2257 2579 2323 Cum
2631 2251 2815 2322 enim
2864 2250 3175 2321 hominis

635 2337 937 2409 conditio
974 2338 1397 2410 divinitatem
1444 2339 1670 2409 videre
1722 2361 1856 2408 non
1956 2352 2157 2422 osset,
2199 2339 2315 2411 ille
2351 2340 2644 2411 humani
2674 2338 2947 2431 generis
2976 2361 3174 2410 ama—

634 2439 760 2510 tor,
817 2440 1091 2519 propter
1137 2450 1334 2497 suam
1388 2428 1454 2497 in
1509 2427 1822 2500 homines
1875 2450 1911 2497 c
1965 2428 2322 2512 aritatem,
2375 2429 2582 2501 homo
2628 2427 2851 2501 sactus
2903 2438 3053 2510 est,
3109 2440 3174 2499 et

638 2517 1017 2588 humanam
1068 2517 1525 2587 humilitatem
1575 2517 1917 2608 suscepit:
1970 2528 2048 2589 ut
2095 2518 2273 2588 sicut
2346 2540 2465 2609 per
2533 2540 2756 2589 unum
2815 2517 3172 2590 hominem

635 2606 859 2696 primo
898 2605 1266 2676 formatum
1319 2628 1504 2676 mors
1553 2607 1704 2697 ipsa
1759 2607 1830 2674 in
1886 2606 2228 2677 mundum
2279 2607 2346 2676 in
2406 2628 2591 2677 ressa
2627 2618 2752 2690 est,
2805 2606 2901 2675 ita
2937 2616 3003 2676 et
3051 2627 3177 2696 per

631 2716 853 2765 unum
897 2695 1271 2776 hominem,
1315 2695 1681 2765 Dominum
1707 2705 2016 2767 nostrum
2047 2701 2285 2766 Jesum
2320 2701 2364 2766 C
2421 2696 2704 2778 ristum,
2761 2695 3172 2766 resurrectio

635 2796 1063 2853 mortuorum
1114 2783 1576 2854 induceretur.
1616 2807 1650 2850 »

723 2874 758 2959 ξ
802 2875 962 2945 ίῡ.
1015 2877 1185 2942 Tum
1217 2878 1533 2944 Praeses:
1579 2896 1615 2939 «
1640 2872 1820 2955 Quid
1852 2871 2009 2941 ais?
2037 2876 2152 2943 Est
2181 2895 2267 2942 ne
2306 2874 2509 2944 etiam
2543 2872 2950 2944 resurrectio
2985 2893 3174 2942 mor-

639 2973 915 3030 tuorum
930 2962 1126 3027 ⁴?»——-·
1160 2962 1468 3044 Maxime,
1501 2961 1727 3048 inquit
1754 2961 1983 3031 Dulas.
2021 2961 2376 3044 Quomodo
2404 2963 2590 3033 enim
2614 2966 2792 3032 Reus
2822 2960 3171 3032 ‘mundum

627 3049 995 3136 judicabit,
1035 3048 1171 3119 nisi
1211 3050 1461 3120 mortui
1501 3048 2083 3120 resurrexerint?»
2137 3055 2215 3120 At
2244 3050 2397 3121 ille:
2451 3050 2715 3121 «Nolim
2757 3049 3171 3121 artificiosus

638 3138 801 3209 istos
849 3159 1200 3208 sermones
1259 3138 1430 3208 mihi
1477 3139 1751 3210 afferas:
1792 3138 1909 3208 sed
1957 3138 2168 3221 sinas,
2222 3140 2281 3209 si
2330 3139 2583 3210 mortui
2631 3138 2996 3220 fuerimuS,
3043 3160 3172 3208 nos

639 3239 942 3297 mortuos
986 3227 1427 3316 jacere.»—«
1461 3232 1651 3309 Vera,
1690 3227 1916 3315 inquit
1950 3226 2179 3309 DulaS,
2224 3226 2458 3298 dixisti
2490 3249 2609 3300 vos
2643 3238 2950 3298 mortuos
2974 3248 3166 3296 esse:

635 3337 795 3386 cum
843 3314 1028 3385 enim
1082 3315 1370 3385 mortuis
1420 3315 1622 3385 idolis
1670 3316 1875 3385 fidem
1936 3315 2266 3398 habeatis,
2311 3336 2668 3402 nunquam
2726 3316 2813 3386 ad
2862 3336 3173 3386 resurre-

637 3404 929 3474 ctionem
982 3403 1157 3473 vitae
1211 3405 1638 3493 pervenietiS,
1694 3405 1812 3477 sed
1859 3404 1947 3474 ad
1995 3404 2294 3475 dedecus
2342 3416 2407 3475 et
2453 3404 2875 3497 supplicium
2912 3404 3173 3494 sempi-

637 3505 933 3562 ternum.
987 3494 1259 3583 Oportet
1318 3508 1545 3563 autem
1595 3514 1836 3563 omnes
1900 3492 2217 3563 homines
2272 3494 2589 3565 assistere
2644 3504 2803 3564 ante
2863 3492 3170 3562 tribunal

639 3581 910 3662 Christi,
964 3593 1028 3649 et
1084 3602 1319 3651 eorum
1369 3603 1546 3668 quae
1593 3580 1899 3664 fecerint,
1969 3581 2303 3653 rationem
2353 3581 2659 3652 reddere.
2693 3604 2730 3649 »
2763 3588 2952 3652 Tunc
2999 3580 3172 3651 dixit

640 3669 1018 3738 Maximus:
1075 3669 1360 3760 «Ligate
1406 3670 1757 3740 hominem
1791 3670 1998 3740 istum
2033 3670 2270 3742 ferreis
2302 3671 2621 3754 vinculis,
2665 3682 2732 3741 et
2779 3670 2849 3739 in
2898 3691 3173 3741 carcere

637 3756 1043 3828 custodite.»
1076 3757 1405 3829 Postridie
1454 3780 1609 3829 vero
1651 3781 1854 3829 mane
1900 3764 2179 3831 Praeses
2215 3759 2427 3851 jussit
2460 3759 2576 3829 Dei
2609 3781 2879 3832 servum
2923 3758 3171 3830 Dulam

638 3846 1005 3917 introduci.
1034 3846 1150 3916 Cui
1168 3847 1315 3937 jam
1341 3848 1754 3919 intromisso:
1776 3874 1814 3907 ·o
1831 3853 2207 3932 Quaenam,
2240 3848 2490 3936 inquit,
2523 3847 2909 3919 miserrime
2933 3847 3166 3928 hom0,

638 3934 762 4004 tibi
808 3935 1067 4007 utilitas
1115 3934 1242 4006 fuit
1280 3936 1350 4005 in
1380 3935 1543 4007 deos
1577 3949 1845 4007 nostros
1873 3938 2294 4029 impietatem
2322 3937 2661 4008 exercenti
2678 3939 2751 4007 Ἰ»
2792 3936 3172 4027 Respondit

637 4023 844 4099 Dulas
870 4047 884 4092 :
913 4047 949 4091 «
977 4024 1338 4095 Maximam
1381 4023 1742 4095 utilitatem
1777 4026 1962 4117 perci
2018 4026 2084 4097 io
2130 4026 2320 4128 apud
2377 4031 2617 4111 Deum,
2668 4047 2829 4097 cum
2862 4046 3003 4106 eos,
3047 4024 3172 4114 qui

634 4112 732 4181 dii
767 4133 898 4182 non
941 4125 1125 4197 sunt,
1181 4113 1492 4204 reprobo.
1545 4119 1633 4184 Te
1665 4136 1821 4185 vero
1869 4114 1953 4185 ad
2011 4137 2098 4187 uc
2127 4125 2462 4185 viventem
2510 4113 2822 4186 Christus
2854 4114 3168 4206 puniet.»

633 4206 821 4272 Tunc
852 4201 945 4272 ait
985 4202 1362 4276 Maximus:
1398 4202 1709 4304 «Injicite
1757 4203 1825 4273 in
1875 4202 2030 4292 ejus
2054 4225 2131 4274 os
2158 4225 2402 4274 carnes
2439 4202 2901 4284 victimarum,
2953 4213 3022 4272 et
3067 4203 3171 4272 vi·

632 4310 802 4361 num
829 4289 1450 4362 libaminum.»—«
1468 4296 1670 4374 Licet,
1718 4291 1945 4380 inquit
1984 4291 2215 4375 DulaS,
2248 4303 2456 4363 totam
2490 4291 2940 4362 execrabilem
2971 4312 3165 4361 aram

628 4393 819 4451 tuam
871 4380 1136 4464 abluas,
1189 4392 1254 4451 et
1301 4381 1371 4451 in
1413 4402 1491 4452 os
1541 4402 1771 4451 meum
1832 4379 2186 4464 infundas,
2235 4378 2409 4451 nihil
2459 4391 2686 4451 tamen
2719 4401 2898 4451 care
2936 4377 3168 4452 laedes
