3357 4995
646 325 773 388 666
1279 341 1357 386 na
1405 341 1460 387 s.
1513 338 1731 387 cassm
1778 337 2119 387 martinum
2167 338 2362 386 muse.
2744 322 2958 388 JUNII
3010 324 3102 389 30

558 425 868 497 solicitus
917 425 1066 504 fuit,
1124 424 1430 494 secundo
1456 446 1731 511 quoque
1778 445 1960 493 anno
2007 423 2110 492 vel
2161 425 2354 493 tertio
2389 424 2458 492 in
2495 425 2734 493 mortis
2770 448 2934 495 suae
2979 448 3106 495 ex-

558 516 937 606 pectatione
1008 534 1416 603 suspensus,
1488 526 1734 599 quarto
1789 512 2168 599 quintoque
2242 526 2307 581 et
2353 523 2538 582 sexto
2586 514 2928 584 similiter.
2968 516 3109 597 Qui

498 616 499 625 ’
559 605 678 674 des
731 626 921 672 erare
984 603 1132 693 jam
1187 603 1270 670 de
1338 603 1614 671 veritate
1664 601 2096 672 revelationis
2145 613 2428 692 poterat,
2483 601 2541 671 si
2600 603 2824 671 verbis
2887 603 3106 673 fidem

557 715 674 761 ver
725 716 841 761 era
872 714 1008 761 non
1059 691 1398 761 fecissent.
1435 697 1602 760 Cum
1654 713 1811 760 ecce
1845 711 2025 759 anno
2075 690 2367 779 septimo
2398 712 2617 778 usque
2644 692 2729 759 ad
2762 694 3108 783 expectati

558 782 807 851 natalis
857 802 1089 850 sacras
1139 778 1408 870 vigilias
1449 779 1822 849 incolumis
1872 778 2198 870 pervenit,
2256 779 2372 848 sed
2417 779 2590 848 lenis
2640 781 2825 849 hunc
2877 782 2948 849 in
3001 783 3109 850 vi-

557 870 745 961 giliis
782 870 971 939 calor
1017 868 1263 959 attigit,
1319 882 1521 955 atque
1570 869 1722 958 ipso
1753 868 1863 937 die
1900 868 2205 936 natalitio
2247 867 2412 936 filiis
2447 868 2591 937 suis
2632 892 2703 939 se
2732 891 2812 938 ex
2864 882 3108 939 ectan-

558 960 766 1037 tibus,
827 959 1189 1027 Missarum
1250 956 1584 1026 solemnia
1634 957 1922 1047 implere
1970 979 2043 1026 se
2093 978 2291 1046 posse
2339 957 2698 1026 recusavit.
2755 959 2802 1026 ll
2842 960 2860 1026 i
2910 981 3102 1039 ver-0,

556 1049 677 1135 qui
705 1049 789 1116 de
813 1048 964 1136 ejus
1001 1059 1195 1115 erant
1227 1047 1624 1135 egressione·
1648 1047 1901 1134 pariter
1942 1046 2268 1134 suspecti,
2303 1046 2512 1115 simul
2542 1046 2627 1114 ad
2662 1069 2819 1115 eum
2853 1070 3114 1117 omnes

556 1151 926 1213 venerunt,
998 1158 1144 1204 sese
1193 1136 1613 1203 unanimiter
1673 1134 2203 1222 adstringenteS,
2262 1147 2338 1202 ut
2387 1133 2782 1203 die-eodem
2837 1157 3109 1223 nequa-

555 1249 765 1313 quam
815 1225 1324 1309 acquiescerent
1389 1224 1748 1292 Missarum
1824 1223 2158 1291 solemnia
2205 1223 2572 1303 celebrare,
2647 1224 2780 1292 nisi
2834 1248 2952 1314 pro
3000 1226 3109 1294 eis

558 1316 645 1383 ad
698 1315 1060 1383 Dominum
1112 1313 1295 1382 idem
1345 1313 1633 1380 Antistes
1666 1334 1838 1380 suus
1886 1313 2293 1380 intercessor
2331 1313 2703 1382 accederet.
2758 1318 2943 1382 Tunc
2982 1315 3108 1381 ille

556 1403 984 1493 compulsus,
1039 1403 1107 1469 in
1140 1400 1472 1490 episcopii
1521 1400 1817 1469 oratorio
1849 1401 2087 1468 Missas
2138 1400 2317 1480 fecit,
2352 1414 2416 1470 et
2443 1424 2658 1471 manu
2684 1424 2813 1470 sua
2845 1425 3105 1492 corpus

562 1493 993 1561 Dominicum
1068 1511 1438 1579 pacemque
1504 1489 1829 1557 omnibus
1889 1490 2146 1557 tribuit.
2204 1491 2332 1572 Qui
2395 1502 2643 1559 cuncto
2722 1492 3106 1561 ministerio

559 1582 767 1651 oblati
818 1579 1138 1648 sacrificii
1189 1591 1483 1668 peract0,
1550 1578 1634 1646 ad
1705 1578 2030 1646 lectulum
2085 1578 2308 1659 rediit,
2365 1579 2598 1665 ibique
2624 1581 2891 1667 jacenS‚
2929 1580 3102 1649 dum

558 1669 944 1738 sacerdotes
993 1689 1154 1737 suos
1203 1689 1280 1735 ac
1333 1667 1685 1737 ministros
1734 1668 2272 1737 circumstetisse
2319 1682 2649 1747 cerneret,
2704 1670 2903 1753 quasi
2954 1670 3151 1737 vale·

561 1759 884 1827 ultimum
938 1756 1199 1835 dicenS,
1253 1756 1337 1824 de
1386 1756 1721 1825 servando
1765 1777 1880 1824 eos
1931 1755 2204 1825 vinculo
2253 1756 2607 1825 charitatis
2660 1757 3101 1838 admonebat,

558 1862 622 1917 et
660 1858 917 1933 quanta
967 1845 1364 1913 debuissent
1396 1844 1762 1913 concordia
1812 1846 1988 1913 inter
2043 1869 2115 1913 se
2166 1846 2376 1926 uniri,
2419 1846 2898 1935 praedicabat:
2957 1861 3105 1916 tum

562 1936 788 2004 subito
847 1936 1025 2002 inter
1073 1936 1223 2023 ipsa
1264 1947 1539 2002 sanctae
1579 1934 2068 2002 exhortationis
2112 1935 2336 2013 verba,
2411 1957 2567 2003 voce
2626 1935 2913 2004 terribili
2963 1935 3112 2005 cla—

563 2025 793 2104 mavit,
848 2024 1120 2092 dicens:
1176 2028 1355 2091 Hora
1389 2037 1511 2091 est.
1560 2028 1843 2109 Moxque
1891 2022 2375 2091 assistentibus
2416 2024 2562 2113 ipse
2594 2024 2741 2091 suis
2775 2025 3110 2094 manibus

561 2113 846 2182 linteum
886 2112 1095 2190 dedit,
1150 2111 1333 2198 quod
1368 2134 1446 2180 ex
1491 2133 1676 2179 more
1728 2111 2140 2179 morientum
2193 2111 2324 2180 sibi
2374 2126 2610 2181 contra
2656 2112 2900 2181 faciem
2958 2128 3111 2181 ten-

559 2202 856 2271 deretur.
911 2207 1056 2283 Quo
1107 2215 1342 2280 tenso,
1397 2200 1623 2268 emisit
1684 2200 2030 2289 spiritum.
2087 2200 2332 2286 Sicque
2381 2213 2615 2269 sancta
2680 2200 2799 2269 illa
2869 2202 3111 2271 anima

560 2290 642 2358 ad
688 2291 941 2380 gaudia
981 2304 1256 2358 aeterna
1304 2289 1732 2378 perveniens,
1779 2312 1818 2355 a
1857 2289 2085 2357 carnis
2134 2291 2577 2378 corruptione
2626 2289 2852 2358 soluta
2898 2303 3024 2359 est.

650 2383 685 2465 ξ
731 2385 816 2448 5.
872 2388 1084 2460 Quem
1136 2378 1378 2446 fratres
1411 2377 1828 2456 charissimi,
1862 2399 2068 2463 quam
2112 2377 2212 2445 vir
2243 2379 2368 2446 iste
2417 2380 2486 2445 in
2531 2392 2745 2447 morte
2795 2379 3112 2448 imitatus

560 2483 704 2549 est,
761 2469 888 2537 nisi
958 2490 1163 2547 eum,
1217 2487 1420 2553 quem
1475 2466 1543 2535 in
1612 2466 1744 2535 vita
1793 2489 1921 2536 sua
1969 2466 2188 2534 fuerat
2255 2466 2811 2557 contemplatus?
2860 2468 3112 2537 Dicens

559 2558 771 2637 enim,
826 2562 1003 2625 Hora
1054 2570 1176 2637 est,
1222 2556 1306 2624 de
1353 2577 1637 2646 corpore
1685 2556 1881 2624 exiit:
1935 2556 2098 2641 quia
2145 2568 2209 2623 et
2255 2561 2481 2633 Jesus,
2538 2557 2832 2646 peractis
2879 2559 3111 2627 omni-

561 2647 716 2726 bus,
775 2668 930 2715 cum
974 2645 1278 2713 dixisset.
1334 2649 1899 2714 Consummatum
1963 2657 2087 2727 est,
2145 2644 2473 2714 inclinato
2522 2646 2768 2734 capite,
2817 2646 3111 2716 tradidit

564 2735 912 2825 spiritum.
952 2734 1145 2816 Quod
1179 2750 1339 2824 ergo
1370 2734 1719 2808 Dominus,
1765 2732 1922 2801 fecit
1959 2754 2038 2800 ex
2073 2745 2424 2823 potestate,
2462 2735 2586 2803 boc
2616 2735 2755 2823 egit
2788 2734 3107 2806 famulus

562 2847 642 2892 ex
682 2824 1054 2893 vocatione.
1100 2827 1268 2891 Ecce
1315 2821 1757 2908 quotidianae
1807 2818 2090 2901 h‘bstiae,
2161 2821 2279 2890 illa
2328 2844 2487 2891 cum
2539 2821 2994 2911 eleemosynis
3041 2836 3112 2892 et

566 2912 893 3001 lacrymis
943 2913 1153 2980 missa
1203 2910 1473 3000 legatio,
1517 2922 1848 2997 quantam
1898 2932 2059 2978 cum
2104 2931 2261 3000 rege
2310 2912 2620 2980 veniente
2670 2914 2931 3001 gratiae
2984 2934 3111 3002 pa-

564 3023 709 3069 cem
763 3001 939 3070 fecit.
1004 2999 1372 3086 Relinquat
1422 3021 1584 3089 ergo
1631 2998 1865 3067 omnia
1926 2998 2044 3084 qui
2099 3011 2338 3088 potest.
2392 3000 2522 3082 Qui
2572 3013 2804 3069 autem
2871 3002 3110 3070 omnia

568 3089 951 3176 relinquere
986 3111 1120 3156 non
1167 3099 1405 3177 potest,
1428 3110 1588 3156 cum
1615 3087 1844 3157 adhuc
1879 3109 1992 3156 rex
2033 3086 2234 3178 longe
2264 3100 2388 3168 est,
2430 3088 2840 3178 legationem
2882 3091 3112 3159 mittat

568 3177 1058 3266 lacrymarum,
1114 3176 1709 3266 eleemosynarum
1761 3189 1824 3245 et
1872 3176 2252 3247 hostiarum
2314 3198 2604 3246 munera
2643 3178 2904 3247 offerat.
2951 3179 3114 3249 Vult

566 3266 749 3334 enim
805 3265 1061 3356 placari
1113 3266 1456 3355 precibus,
1494 3266 1614 3352 qui
1654 3266 1783 3334 scit
1825 3266 1989 3351 quia
2024 3286 2156 3334 non
2214 3265 2429 3354 possit
2477 3267 2732 3355 portari
2768 3268 3012 3338 iratus,
