3357 4995
679 335 808 400 210
1432 352 1510 398 1)ss
1559 352 1615 398 s.
1661 348 1956 398 unnanno
2003 348 2302 398 Emscoro
2825 333 3043 400 JUNII
3094 338 3134 400 8

593 436 936 508 Praesulis
967 435 1315 506 Pontificis
1348 435 1776 516 instantiam,
1812 435 2229 505 sacrosancti
2262 434 2699 524 baptismatis
2731 435 2947 515 unda,
2986 459 3133 507 ma-

593 526 780 596 xima
823 547 904 594 ex
954 536 1145 615 parte
1177 522 1803 594 sanctificarentur.
2358 564 2375 584 κ

684 621 723 696 ἓ
771 619 940 687 16..
981 612 1480 703 comprobatur
1525 613 1597 682 in
1633 612 1765 682 hoc
1802 623 2040 681 sancto
2074 624 2345 701 pastore
2392 611 2694 681 veridica
2728 614 2982 684 summi
3021 620 3143 683 Pa-

593 702 797 775 storis
844 701 1201 778 sententia,
1253 723 1461 788 quam
1513 701 1667 785 ejus
1715 722 1795 770 ex
1841 721 1957 770 ore
2005 713 2241 770 sancta
2290 713 2357 769 et
2395 699 2804 791 Evangelica
2844 722 2970 774 nos
3016 703 3139 773 do-

591 804 697 861 cet
744 790 1050 860 historia.
1102 793 1182 860 Si
1226 813 1339 868 na,
1371 790 1619 876 inquit,
1661 812 1769 860 eos
1797 791 2015 880 quiin
2046 811 2151 857 me
2191 789 2492 870 credunt,
2539 788 2704 859 haec
2731 802 3092 881 sequentur
3113 819 3137 861 .·

589 884 670 950 In
691 881 953 949 nomine
979 900 1121 948 meo
1278 881 1504 948 monia
1536 880 1826 969 ejicient,
1868 879 2122 968 linquis
2172 881 2530 969 loquentur
2555 880 2766 958 noviss,
2803 891 3139 969 serpentes

592 971 848 1053 tollent,
886 969 1040 1037 etsi
1062 969 1484 1057 mortiferum
1523 968 1689 1058 quid
1721 967 2025 1047 biberint,
2060 989 2191 1035 non
2223 969 2318 1035 eis
2346 969 2625 1037 nocebit.
2662 970 2881 1057 Super
2901 991 3141 1059 acyros

589 1080 831 1127 manus
869 1059 1227 1148 imponent,
1266 1067 1329 1126 et
1367 1058 1525 1126 bene
1564 1057 1889 1126 habebunt
1932 1055 2180 1144 (Marci
2222 1054 2377 1144 xvi).
2434 1056 2805 1125 Daemonia
2852 1056 3135 1143 quidem

595 1150 888 1217 Sanctus
933 1145 1152 1235 ejecit,
1200 1166 1359 1215 cum
1411 1145 1744 1216 Creatoris
1791 1143 2165 1234 imaginem
2219 1144 2305 1214 ab
2353 1143 2699 1215 idolorum
2749 1144 3025 1215 cultura
3065 1147 3135 1215 in

591 1234 1068 1306 remissionem
1098 1245 1534 1324 peccatorum
1576 1232 2040 1323 praedicando
2080 1232 2439 1302 revocavit.
2480 1234 2745 1333 Lingua
2769 1254 2925 1303 eum
2960 1256 3138 1305 nova

593 1322 898 1393 locutum
931 1343 1081 1393 esse
1127 1343 1264 1393 non
1313 1321 1722 1403 diffidimus,
1759 1342 1918 1392 cum
1968 1319 2053 1389 ad
2096 1322 2247 1410 ejus
2277 1321 2884 1412 praedicationem,
2921 1343 3134 1409 quam

592 1425 877 1481 eatenus
925 1432 1058 1480 non
1119 1410 1518 1492 audierant,
1586 1409 1898 1480 infideles
1946 1409 2033 1478 ad
2084 1409 2290 1479 fidem
2343 1412 2672 1482 transisse
2722 1432 2857 1479 non
2911 1413 3136 1481 nesci-

592 1522 771 1571 mus.
810 1504 1166 1590 Serpentes
1214 1499 1557 1588 siquidem
1593 1520 1752 1569 euin
1785 1497 2229 1568 manifestum
2266 1511 2368 1567 est
2395 1499 2700 1589 ejecisse,
2743 1521 2905 1568 cum
2938 1522 3134 1590 prae-

592 1587 957 1658 dicationis
987 1600 1261 1657 sanctae
1299 1588 1604 1658 antidoto
1652 1587 1741 1657 ab
1789 1586 2192 1656 execrabilis
2226 1588 2565 1678 serpentis
2606 1588 2966 1658 venenosis
2996 1590 3130 1658 im-

591 1677 1044 1747 missionibus
1071 1676 1547 1766 languentium
1579 1676 1643 1745 ei
1668 1675 1977 1765 gentium
2014 1675 2224 1745 corda
2250 1697 2656 1747 concessum
2685 1690 2789 1746 est
2815 1698 3122 1748 sanasse.
3157 1678 3162 1682 ’

575 1764 1012 1844 ,mortiferum
1063 1764 1409 1836 multoties
1456 1765 1653 1846 bibit,
1702 1785 1935 1834 verum
1968 1765 2030 1834 ei
2092 1786 2228 1834 non
2284 1765 2549 1835 nocuit:
2603 1788 2766 1835 cum
2828 1765 3136 1855 profanis

593 1875 866 1945 semper
916 1875 1313 1944 repugnans
1360 1853 1952 1945 persuasionibus,
2027 1874 2249 1940 neque
2295 1852 2595 1934 diabolo,
2654 1853 2882 1941 neque
2925 1855 3131 1924 mini-

594 1943 756 2014 stris
815 1944 976 2030 ejus
1014 1942 1406 2013 succubuit.
1468 1947 1716 2043 Aegros
1768 1942 1939 2012 bene
1987 1963 2059 2012 se
2105 1941 2263 2011 iecit
2311 1941 2598 2020 habere,
2666 1964 2826 2012 cum
2875 1964 2991 2013 eos
3039 1945 3127 2014 ad

595 2052 791 2100 verae
837 2031 996 2101 fidei
1048 2032 1407 2102 sanitatem
1458 2030 1543 2100 de
1573 2030 2056 2100 infirmissima
2093 2032 2426 2100 convertit
2474 2030 2976 2101 incredulitate.
3019 2033 3129 2102 Sic

592 2119 824 2206 itaque
868 2119 951 2189 ad
1003 2120 1451 2190 imitationem
1488 2119 1746 2190 summi
1786 2119 2105 2200 PastoriS,
2143 2119 2288 2206 qui,
2327 2120 2507 2189 sicut
2538 2122 2625 2190 ab
2671 2141 2751 2189 eo
2793 2120 2864 2188 in
2918 2124 3136 2190 Evan-

594 2208 771 2298 gelio
803 2209 1260 2298 suscepimus,
1301 2207 1473 2277 alias
1521 2207 1783 2276 habens
1822 2227 2012 2287 oves,
2047 2207 2133 2276 de
2173 2207 2450 2279 duobus
2483 2230 2705 2278 unum
2738 2208 2914 2278 ovile
2943 2208 3124 2280 fecit:

593 2309 872 2368 sanctus
921 2296 1219 2386 pontifex
1269 2295 1630 2367 Medardus
1678 2295 1969 2365 ferocem
2022 2295 2209 2365 illam
2269 2296 2797 2368 Flandrensium
2849 2311 3124 2388 gentem

594 2408 761 2456 suae
807 2385 1237 2456 Noviomensi
1283 2384 1609 2455 ecclesiae
1657 2384 2041 2463 associavit,
2080 2398 2145 2453 et
2181 2406 2301 2474 per
2356 2385 2733 2455 multorum
2785 2407 3130 2456 annorum

592 2474 920 2566 spatium,
967 2474 1121 2545 licet
1168 2474 1401 2561 aliquo
1434 2473 1699 2543 itineris
1748 2472 2106 2544 intervallo
2136 2475 2376 2544 remoti
2403 2488 2653 2556 essent,
2692 2473 2777 2544 ad
2814 2475 3128 2546 divinum

591 2585 706 2633 eos
755 2563 1019 2633 cultum
1070 2563 1441 2633 informare
1490 2562 1958 2632 indesinenter
2003 2561 2398 2633 elaboravit.

682 2655 718 2739 ξ
750 2656 882 2725 1⁸2.
921 2653 1197 2722 Diutino
1226 2674 1388 2742 ergo
1423 2652 1750 2741 temporis
1788 2663 2131 2720 transacto
2171 2653 2416 2742 spatio,
2457 2665 2773 2723 sanctum
2810 2653 2927 2721 Dei
2961 2675 3129 2743 pon-

593 2742 845 2810 tificem
896 2741 1302 2832 gravissima
1349 2740 1636 2830 contigit
1664 2739 1962 2830 deprimi
2009 2741 2333 2830 corporis·
2361 2741 2783 2823 infirmitate,
2819 2755 2882 2811 et
2932 2741 3125 2811 inva-

594 2829 888 2899 lescente
937 2829 1196 2909 morbo,
1251 2850 1612 2920 corporeos
1658 2829 1809 2917 ejus
1857 2849 2102 2899 sensus
2150 2829 2234 2898 de
2281 2829 2391 2898 die
2441 2832 2508 2898 in
2553 2829 2735 2899 diem
2790 2829 3125 2919 paulatim

594 2918 907 2987 deficere.
945 2918 1226 2987 Jacebat
1257 2918 1595 3005 siquidem
1635 2917 1863 2986 Sancti
1894 2937 2144 3006 eorpus
2178 2919 2367 2987 omni
2400 2940 2573 3008 pene
2604 2918 2956 3008 suaipsius
2986 2917 3123 2987 vir-

594 3019 735 3077 tute
779 3006 1217 3075 destitutum:
1274 3006 1558 3097 spiritus
1606 3019 1860 3086 autem,
1904 3006 2068 3092 quia
2118 3000 2388 3096 sem'per
2449 3007 2789 3077 Christum
2851 3006 3121 3077 deside-

593 3108 878 3175 raverat,
923 3096 1109 3164 omni
1164 3096 1320 3165 nisu
1369 3094 1760 3185 suspirabat
1788 3093 1875 3163 ad
1923 3116 2108 3164 eum.
2151 3099 2426 3166 Fessum
2483 3117 2738 3186 eorpus
2787 3094 2874 3164 ad
2926 3117 3126 3165 suam

593 3183 962 3254 anhelabat
1009 3185 1397 3253 materiem:
1451 3183 1684 3253 anima
1713 3204 1870 3252 vero
1903 3183 1986 3251 ad
2037 3205 2214 3264 eam,
2268 3183 2454 3253 unde
2505 3198 2951 3273 processerat,
2984 3197 3129 3253 ten-

593 3272 794 3342 debat
843 3272 1174 3359 requiem.
1215 3271 1660 3342 Conssuebant
1706 3271 2039 3358 undique,
2078 3294 2253 3358 quos
2296 3272 2441 3362 ipse
2506 3272 2844 3363 regendos
2892 3295 3128 3342 susce·

595 3372 806 3451 perat,
846 3360 924 3430 ed
1026 3363 1271 3432 astoris
1319 3361 1537 3430 sancti
1588 3359 2091 3450 plorabundam
2145 3361 2640 3431 visitationem:
2686 3362 3129 3431 confluebant

594 3450 904 3538 undique
993 3449 1117 3531 ilii,
1165 3462 1516 3541 paternam
1569 3448 1701 3518 sibi
1752 3447 2063 3538 lugentes
2112 3449 2326 3518 adimi
2384 3450 2950 3519 consolationem.
3006 3455 3127 3519 Ve-

595 3562 750 3609 rum
803 3539 958 3609 licet
1003 3561 1254 3629 corpus
1302 3551 1366 3607 et
1395 3559 1641 3607 sensus
1688 3538 1839 3626 ejus
1886 3559 2249 3626 corporeos
2283 3539 2510 3638 gravis
2545 3538 2664 3607 illa
2725 3538 2964 3608 mortis
3013 3560 3128 3608 oc-

595 3641 914 3717 cupasset
963 3629 1310 3706 instantia,
1368 3649 1500 3696 non
1555 3640 1780 3695 tamen
1843 3648 1884 3695 a
1939 3626 2468 3715 praedicationis
2515 3627 2665 3717 ejus
2697 3626 2920 3696 officio
2969 3650 3130 3696 san-

594 3716 939 3786 ctissimae
989 3714 1208 3806 ipsius
1256 3716 1352 3784 lin
1407 3737 1536 3785 uae
1585 3714 2062 3784 retardabatur
2102 3714 2452 3795 facundia,
2507 3720 2717 3786 Deum
2770 3715 2974 3785 corde
3009 3739 3130 3786 su-

594 3806 922 3895 spirabat,
960 3818 1024 3873 et
1071 3826 1186 3873 ore
1234 3803 1365 3873 fate
1461 3816 1593 3872 tur.
1651 3808 1863 3873 Deum
1928 3804 2353 3875 incessanter
2416 3804 2882 3894 praedicabat,
2936 3803 3126 3873 etad

591 3893 797 3964 fidem
847 3892 1252 3962 catholicam
1301 3913 1524 3978 usque
1573 3892 1653 3961 ad
1700 3893 1721 3960 i
1777 3914 1931 3961 sum
1970 3893 2212 3962 mortis
2238 3913 2407 3963 suae
2435 3907 2887 3973 momentum,
2923 3915 3128 3979 quos·

591 4002 888 4070 cumque
939 3994 1218 4072 poterat,
1276 3982 1610 4050 instanter
1642 4003 1721 4050 ex
1774 3980 2149 4051 ortabatur.

676 4074 712 4156 ξ
758 4074 895 4144 18.
951 4076 1115 4139 Cum
1182 4082 1407 4139 autem
1461 4069 1700 4139 beatus
1760 4069 1872 4139 hic
1937 4069 2237 4159 pontifex
2300 4070 2473 4139 vitae
2543 4070 3131 4160 appropinquaret

591 4159 673 4227 ad
725 4159 1026 4240 exitum,
1073 4158 1358 4249 contigit
1405 4158 1774 4228 Clotarium
1834 4180 2088 4247 regem,
2140 4170 2502 4248 postquam
2556 4162 2860 4229 Granum
2903 4158 3129 4227 filium

590 4270 793 4316 suum
827 4268 986 4316 cum
1036 4269 1244 4318 uxore
1292 4270 1428 4318 sua·
1467 4271 1545 4317 ac
1594 4247 1875 4317 filiabus
1922 4246 2416 4328 combusserat,
2471 4269 2510 4316 a
2560 4247 2838 4336 regione
2885 4248 3129 4316 reverti

588 4336 1096 4406 Britannorum.
1184 4337 1463 4427 Cognita
1523 4358 1678 4406 vero
1751 4336 1964 4424 hujus
2038 4335 2492 4406 invalitudine
2564 4335 2910 4435 pontificis
2938 4390 2957 4415 ,
3041 4336 3127 4403 ad

588 4446 745 4494 eum
799 4424 1158 4496 visendum
1211 4424 1564 4497 humiliter
1612 4423 1975 4526 festinavit,
2015 4427 2165 4514 ejus
2216 4447 2286 4494 se
2336 4446 2472 4494 non
2523 4423 2844 4495 d1ffidens
2890 4436 3130 4494 contra
